3136 4982
353 205 412 260 seo
542 173 545 178 ’
741 193 853 266 τιτι
881 197 1026 258 urvrr

351 362 461 429 rinslis
475 383 514 432 eo
528 381 616 428 enno
634 363 842 450 inauguratus
855 361 957 428 fuerat
988 360 1039 427 Μ.
1057 359 1262 447 Sempronius
1277 357 1416 424 Tudita-

352 473 424 602 pus,
441 451 497 603 gp.
515 448 695 514 Postumius
711 449 856 528 Albinus,
874 448 914 515 L.
931 449 1074 515 Pautius
1090 447 1263 535 Hypsaeus,
1287 446 1327 511 L.
1342 445 1415 510 Bee-

224 592 227 601 .
375 560 426 602 rus
477 557 548 600 rves.
713 571 717 578 ·
1309 563 1314 574 ·

188 658 223 705 U„
236 655 330 702 ωδε,
398 621 560 705 XLVIII.
583 620 635 686 M.
658 622 784 687 Fulvio
797 621 963 686 Nobiliore
982 632 1014 686 et
1041 621 1103 686 Cn.
1120 618 1246 688 Manlio
1272 617 1413 684 Vulsone

191 723 223 767 n,
235 722 263 768 c.
275 725 330 768 rse.
354 709 543 784 consulibus,
561 707 705 773 Valerius
725 707 838 773 Antias
860 721 972 773 auctor
994 719 1052 785 cst,
1075 727 1235 772 rumorem
1255 704 1413 770 celebrem

191 787 228 896 ἐξ
239 785 338 897 Ῑζῗὲᾝό
358 797 469 860 Rornae
484 794 586 874 tuisse,
602 807 634 858 et
644 816 726 883 pene
739 815 799 880 pro
813 807 901 858 certo
920 793 1077 871 habiturn,
1092 792 1265 878 recipiendi
1290 791 1413 877 Scipio·

191 874 259 963 002ss
318 927 323 942 r
353 882 401 946 nis
421 879 629 946 adolescentia
649 902 769 961 censen,
784 879 947 945 consulem
967 882 1003 945 L.
1021 879 1213 964 Scipionem,
1229 889 1261 943 et
1281 901 1355 943 cum
1373 901 1412 942 eo

190 998 282 1044 numos
293 1011 333 1044 va
355 968 392 1033 P.
408 967 604 1047 Africanum,
618 967 652 1032 iu
674 966 878 1054 conloquium
898 979 1044 1032 evocans
1063 966 1157 1066 regis,
1173 979 1206 1031 et
1219 965 1304 1050 ipsos
1325 986 1412 1030 com-

190 1076 236 1140 uus
248 1064 339 1140 desnos
352 1055 524 1140 prehensos
539 1069 605 1118 esse
613 1077 622 1131 3
645 1064 687 1132 et,
702 1053 836 1118 ducibus
851 1053 962 1138 ceptis,
978 1051 1141 1119 confestim
1164 1051 1204 1116 ed
1220 1065 1323 1118 castre
1345 1051 1411 1115 Ro·

189 1127 447 1239 &Immune
460 1142 633 1207 exercitum
648 1140 790 1218 ductum,
802 1161 901 1226 euque
916 1151 1110 1226 expugnata,
1125 1148 1157 1203 et
1169 1137 1288 1203 deletas
1303 1143 1412 1202 omne's

235 1225 242 1243 ⁸
352 1227 459 1313 copias
479 1227 698 1292 Romanorum
720 1248 798 1292 esse.
842 1227 897 1290 Oh
922 1226 993 1292 haec
1014 1225 1141 1290 AEtolos
1163 1224 1321 1290 sustulisse
1343 1225 1412 1288 uui·

351 1335 430 1393 mos,
451 1324 483 1379 et
508 1313 653 1378 abnuisse
677 1313 720 1378 im
762 1323 833 1378 rata
857 1313 968 1391 fucere,
995 1312 1216 1398 principesque
1240 1332 1351 1376 eorum
1377 1311 1411 1375 iu

352 1397 588 1478 Macedoniarn,
603 1411 636 1464 et
655 1400 690 1464 in
747 1399 893 1480 ardenne,
915 1412 947 1465 et
967 1399 1001 1462 in
1025 1399 1209 1476 Thracium,
1230 1397 1272 1462 ad
1291 1397 1412 1462 condu-

348 1487 453 1553 cauds
466 1485 609 1552 mercede
619 1486 740 1553 auxilia
754 1486 919 1570 profectos.
965 1484 1051 1551 Haec
1094 1485 1126 1552 ui
1141 1485 1329 1550 nunciarent
1346 1485 1413 1548 Ro-

351 1595 447 1659 mam,
471 1574 513 1638 Α.
525 1571 713 1638 Terentium
736 1572 913 1638 Varronem
936 1586 967 1638 et
990 1571 1041 1638 Μ.
1057 1508 1228 1636 dieudium
1252 1569 1412 1656 Lepidum

350 1659 392 1724 ab
407 1661 448 1725 A.
466 1658 616 1725 Cornelio
634 1672 833 1747 propraetore
847 1681 885 1724 ex
899 1658 1019 1724 AEtoIiu
1039 1657 1149 1723 missos
1163 1679 1239 1723 esse.
1264 1657 1413 1724 Subtexit

349 1743 466 1812 deinde
486 1745 602 1820 febulce
623 1746 708 1823 huic,
728 1745 847 1830 legatos
871 1745 996 1813 AEtolos
1017 1744 1052 1808 in
1076 1755 1186 1810 senatu
1207 1745 1291 1810 inter
1308 1755 1413 1810 cetera

348 1831 412 1899 hoc
425 1855 553 1920 quoque
566 1833 777 1920 interrogatos
799 1855 883 1908 essc;
910 1831 994 1896 unde
1014 1831 1187 1909 audissent,
1203 1831 1412 1916 imperatores

351 1919 515 1984 Romanos
534 1918 567 1983 in
593 1919 670 1987 Asis
692 1930 803 2003 captos
829 1919 869 1982 sb
892 1917 1055 1983 Antiocho
1080 1939 1165 2006 rege,
1181 1929 1213 1982 et
1235 1918 1411 1982 exercitum

232 2026 243 2034 ‘
348 2005 487 2071 deletum
510 2003 603 2070 esse?
624 2004 752 2070 AEtolos
774 2004 1047 2089 respondissesb
1072 2006 1136 2069 suis
1159 2003 1271 2091 legetis
1292 2025 1336 2080 se,
1355 2003 1411 2090 qui

349 2113 422 2156 cunr
438 2089 567 2156 consule
580 2089 708 2174 fuerint,
724 2091 873 2156 certiores
892 2089 1001 2156 factos.
1048 2090 1199 2154 Rumoris
1220 2089 1315 2176 hujus
1336 2090 1413 2176 quia

348 2177 508 2279 nerninem
527 2177 624 2279 elium
645 2189 807 2244 auctorem
832 2176 1066 2279 hebenusque
1089 2176 1320 2242 adfirmatores
1341 2197 1412 2242 mea

187 2275 788 2438 baddim-opiiihihiitdfldiidipidghii
791 2286 846 2416 ard
848 2277 1034 2416 riddihuldrw
1037 2311 1219 2427 introducti,
1250 2371 1347 2436 quum
1377 2361 1410 2415 et

185 2421 315 2544 ἓξὲξ
349 2457 461 2503 caussa
475 2461 528 2502 eos
543 2461 600 2503 suu
614 2448 646 2502 et
660 2437 790 2503 fortuna
811 2439 1001 2515 hortaretur,
1018 2447 1058 2502 ut'
1075 2435 1258 2502 confitendo
1272 2459 1326 2502 seu
1343 2457 1409 2501 suae

175 2549 283 2600 ,tinient
350 2525 454 2610 culpae
469 2547 523 2589 seu
539 2526 640 2588 errori
656 2525 777 2588 venium
793 2535 939 2610 peterent
949 2523 1125 2610 supplices3
1148 2521 1411 2588 orsiebeueiicii‘s

350 2611 384 2676 in
407 2610 562 2696 populum
595 2611 787 2688 Romanum,
818 2626 850 2674 et
879 2623 980 2696 prope
1008 2611 1237 2694 exprobrantes
1261 2610 1410 2674 virtutem

349 2717 439 2762 suam
450 2697 484 2762 in
502 2696 643 2782 Philippi
657 2695 751 2774 bello,
768 2709 800 2762 et
820 2696 1032 2763 obienderunt
1058 2717 1148 2760 aures
1162 2695 1329 2761 insolentie
1345 2717 1409 2760 ser·

347 2784 470 2860 monis3
493 2796 524 2848 et
545 2806 594 2860 eo,
611 2795 717 2850 veteru
737 2795 769 2850 et
789 2785 957 2848 obliterata
981 2782 1161 2868 repetendo,
1178 2803 1245 2848 rem
1267 2781 1409 2848 adduxe·

346 2883 432 2950 runt,
449 2883 484 2936 ut
496 2870 583 2936 haud
595 2869 702 2955 peuIIo
715 2869 856 2956 plurium
874 2869 1101 2936 maleficiorum
1116 2869 1228 2956 gentis,
1242 2891 1337 2954 quam
1352 2869 1407 2933 be·

347 2956 544 3035 neficiorum,
561 2958 713 3022 memoria
726 2957 847 3023 subiret
865 2956 987 3021 animos
1003 2955 1147 3037 Patnrm,
1163 2967 1203 3035 et,
1219 2955 1335 3042 quibus
1348 2955 1408 3018 rni-

346 3044 516 3108 sericordia
529 3065 610 3126 opus
624 3055 701 3126 erat,
717 3045 796 3108 iram
812 3057 844 3110 et
865 3041 974 3108 odium
997 3043 1169 3108 irritarent.
1215 3042 1409 3130 Interrogati

346 3127 387 3195 ab
410 3152 475 3198 uuo
500 3142 655 3208 senatore,
668 3129 909 3212 permitterentne
928 3129 1084 3194 arbitrium
1108 3131 1148 3193 de
1166 3151 1198 3194 se
1218 3129 1330 3212 populo
1347 3129 1409 3194 Ro·

346 3222 465 3282 mono?
488 3215 601 3281 deiude
629 3217 671 3280 ub
696 3219 807 3293 cItero,
837 3217 1004 3281 habiturine
1029 3217 1159 3294 eosdem,
1184 3235 1257 3299 quor
1285 3215 1411 3297 popqus

347 3304 516 3380 Romanus,
531 3303 625 3368 socios
639 3313 669 3366 et
689 3303 784 3368 hostes
804 3307 927 3368 essent?
950 3298 1030 3366 nihii
1053 3301 1095 3366 ad
1119 3325 1157 3367 es
1171 3301 1409 3386 respondentes,

346 3389 457 3476 egredi
471 3387 592 3476 templo
600 3388 695 3474 jussit
716 3401 799 3454 sunt.
845 3387 1086 3454 Couclsmetum
1112 3383 1227 3452 deinde
1246 3409 1350 3480 prope
1371 3391 1410 3452 ab

347 3475 496 3540 universo
507 3489 617 3540 senatu
632 3489 690 3553 est,
710 3475 803 3540 Totos
824 3476 925 3540 adhuc
938 3475 1078 3540 Antiochi
1091 3475 1212 3538 AEtoios
1232 3494 1305 3552 esse,
1321 3485 1353 3539 et
1374 3497 1410 3538 er

347 3562 435 3628 urtica
449 3583 487 3626 ec
500 3583 552 3644 epe
563 3564 693 3644 pendere
707 3563 822 3626 animos
843 3583 955 3626 eornm.
991 3562 1101 3646 Itaque
1123 3561 1232 3626 delient
1247 3582 1313 3625 cum
1328 3563 1411 3626 houd

347 3647 445 3712 dubiis
458 3647 589 3713 hostibus
599 3651 775 3734 gerendum,
789 3649 1066 3733 perdomandosque
1071 3645 1190 3730 feroces
1204 3646 1321 3712 animos
1335 3669 1410 3712 esre.

348 3731 456 3799 Etiam
471 3733 527 3799 iIIa
540 3755 591 3800 res
613 3734 769 3817 accendit,
784 3733 871 3822 quod
893 3757 931 3799 eo
956 3733 1025 3820 ipso
1041 3747 1193 3820 tempore,
1210 3755 1274 3820 quo
1299 3755 1410 3820 pacem

346 3821 389 3886 eb
413 3819 567 3886 Romanis
586 3824 747 3907 petebant,
772 3821 923 3906 Dolopiae
946 3834 978 3886 at
1003 3842 1041 3886 ue
1068 3819 1271 3888 Athamaniae
1292 3819 1410 3894 beilum

345 3906 533 3974 inferebant.
579 3907 894 3974 senatusconsultum
915 3908 949 3972 in
1007 3907 1025 3971 ’.
1040 3907 1134 3972 Acilii
1145 3908 1344 3986 sententiam,
1356 3907 1413 3995 qui

347 3993 543 4060 Antiochum
553 3993 745 4082 AEtoIosque
759 3994 927 4074 devicerat,
938 3993 1056 4060 fectum
1072 4006 1129 4072 est,
1146 3995 1186 4059 Ut
1194 3995 1299 4060 AEtoli
1312 4018 1347 4061 eo
1363 3995 1411 4060 die

339 4079 517 4166 juberentur
537 4081 685 4168 proficisci
707 4083 746 4145 ab
771 4083 855 4163 urbe,
869 4091 899 4148 et
923 4082 1006 4148 intra
1030 4081 1310 4166 quintumdecimum
1328 4081 1409 4146 diens

345 4233 586 4298 ,mensumn
604 4235 696 4297 Nempe
706 4235 794 4284 esurus
810 4199 863 4286 rra.
895 4245 937 4285 ιι.
951 4238 1020 4286 torre
1042 4203 1099 4286 'su
1115 4237 1200 4285 ermon
1216 4237 1294 4285 oron
1310 4237 1411 4297 renent

346 4304 396 4359 tor,
407 4302 448 4363 qui
464 4309 584 4362 postremo
600 4302 653 4349 Ioco
670 4301 807 4348 nominatur
818 4306 862 4349 ert.
895 4303 950 4352 huic
960 4302 1066 4352 membro
1076 4307 1252 4364 preponeretur
1262 4303 1310 4350 tte.

189 4397 197 4406 ,
249 4378 252 4390 ·
314 4388 317 4394 ·
346 4365 587 4419 Rermiuimedubin
602 4371 820 4430 crt,exespp·50.
838 4372 863 4413 et
