3104 4976
357 167 412 229 102
741 151 855 210 urrr
885 149 1020 210 nrvrr

197 342 336 462 narr:
356 310 1424 488 salamantinensem

355 517 435 566 num
457 490 587 578 populi;
608 511 668 554 nec
688 485 775 573 ipsis,
791 487 847 574 qui
869 498 1093 564 couvenerant,
1106 485 1192 552 idem
1213 485 1342 572 placuit
1363 486 1421 560 sed

285 649 291 659 ,
357 596 392 650 at
411 579 570 666 principes
590 589 624 642 et
644 573 844 662 magistratus
862 574 1074 660 pervicerunt,
1096 571 1343 658 ut⁷³privatum
1364 572 1422 638 de·

357 681 481 734 oretum
497 665 655 730 Romanae
668 658 826 728 societatis
840 659 939 726 fieret.
983 657 1024 724 Id
1038 682 1159 736 omum,
1173 659 1228 746 qui
1240 658 1421 738 abfuerant,

356 774 444 837 agre
457 750 559 837 passi3
581 761 615 814 et
636 750 670 814 in
692 747 755 814 hoe
774 747 902 812 fremitu
985 745 1026 812 tis
1040 769 1059 810 a
1073 745 1226 832 Philippo
1238 743 1333 814 misai
1351 744 1422 820 duo

358 841 432 924 prin
546 836 765 910 Acarnanum,
791 833 969 900 Androces
993 848 1026 898 et
1051 831 1263 912 Echedemus,
1286 854 1353 898 non
1377 831 1424 901 ad

358 925 457 993 tollen
480 945 547 990 um.
564 921 662 988 modo
684 918 845 986 decretum
874 921 1031 986 Romane
1053 919 1211 1000 societatis
1239 919 1422 997 valuerunt,

357 1011 415 1078 aed
435 1011 531 1076 etiam
555 1021 590 1074 ut
611 1006 785 1074 Archelaus
806 1019 839 1072 et
859 1005 990 1086 Bianor,
1006 1005 1166 1092 principes
1186 1005 1291 1094 gentis
1310 1003 1421 1082 ambo,

357 1098 445 1200 quod
459 1108 602 1162 auctores
617 1095 683 1180 ejus
704 1093 871 1160 sententioe
891 1091 1037 1169 fuissent,
1053 1093 1243 1178 proditionis
1265 1093 1300 1158 in
1313 1093 1424 1158 conci·

355 1185 403 1252 lro
415 1184 653 1260 damnarentur,
667 1194 701 1245 et
716 1177 869 1246 Zeuxidae
883 1179 1026 1264 praetori,
1040 1179 1126 1265 quod
1141 1179 1183 1246 de
1196 1202 1235 1246 ea
1248 1201 1284 1244 re
1297 1178 1424 1246 retulis-

357 1284 416 1350 aet,
439 1269 608 1354 imperium
629 1265 849 1354 abrogaretur.
895 1265 977 1330 Rem
1002 1265 1215 1346 temerariam,
1228 1266 1283 1330 aed
1304 1279 1424 1333 eventu

356 1378 553 1444 prosperam,
567 1353 712 1420 damnati
724 1351 876 1420 fecerunt.
921 1349 1135 1420 suadentibus
1148 1375 1287 1438 namquo
1299 1351 1424 1430 amicis,

355 1443 507 1510 oetierent
525 1441 673 1526 tempori,
695 1453 728 1506 et
750 1437 816 1504 Cor
857 1461 925 1504 ram
950 1437 992 1502 ad
1019 1437 1181 1508 Romanos
1200 1440 1336 1516 abirent,
1358 1451 1425 1504 sta·

356 1542 486 1598 tuerunt
500 1527 627 1597 obferre
640 1548 675 1592 se
688 1526 817 1592 multitu
843 1525 897 1604 'ni,
912 1536 944 1590 et
958 1536 1014 1591 aut
1027 1547 1067 1590 oo
1080 1526 1150 1610 ipso
1162 1525 1262 1591 lenire
1276 1526 1352 1604 iras,
1368 1540 1426 1593 aut

400 1617 434 1694 ti,
450 1615 539 1702 quod
552 1636 644 1681 casus
662 1612 794 1679 tulisset.
838 1611 950 1689 Quum
965 1633 1000 1678 sa
1013 1609 1171 1696 frequenti
1184 1612 1320 1680 concilio
1334 1614 1424 1680 iutu-

369 1703 476 1784 iaseut,
490 1702 596 1789 primo
617 1721 762 1764 murmur
783 1720 821 1764 ac
843 1697 986 1764 fremitus
1008 1697 1243 1778 admirantium,
1259 1699 1422 1766 silentium

354 1809 435 1856 mox
448 1811 469 1852 a
483 1785 674 1855 verecundia
687 1783 782 1848 simul
795 1784 939 1869 pristinae
960 1784 1135 1872 dignitatis,
1151 1808 1189 1852 ac
1203 1786 1425 1852 misericordia

356 1873 524 1960 praesentis
552 1872 690 1936 fortunae
719 1883 825 1935 ortum
854 1887 910 1936 est.
956 1871 1115 1938 Potestate
1137 1894 1263 1958 quoque
1291 1872 1423 1938 dicendi
1487 1915 1491 1926 ·

355 1961 450 2042 facta,
464 1958 623 2044 principio
643 1955 838 2042 suppliciter,
854 1957 1046 2042 procedente
1066 1970 1171 2026 autem
1193 1960 1347 2038 oratione,
1367 1960 1424 2046 nbi

355 2047 400 2112 ad
413 2044 549 2112 crimina
569 2043 721 2108 diluenda
743 2056 874 2111 ventum
894 2055 952 2122 est,
967 2066 1039 2108 cum
1061 2048 1151 2110 tauta
1173 2046 1299 2124 fiducia,
1314 2069 1422 2132 quan-

356 2145 422 2198 tam
447 2131 629 2198 innocentia
650 2129 758 2206 dabat,
779 2129 1009 2198 disseruerunt:
1033 2143 1204 2216 postremo,
1219 2132 1245 2176 ⁷⁴
1255 2132 1340 2200 ultro
1362 2133 1424 2198 sli-

356 2217 434 2304 quid
449 2218 545 2282 etiam
560 2216 661 2303 queri,
675 2228 708 2282 et
726 2217 802 2282 cas'
826 2239 881 2281 ara
904 2218 1104 2302 iniquitatem
1127 2219 1222 2286 simul
1241 2219 1274 2282 in
1295 2242 1330 2287 se
1348 2242 1424 2286 cru-

229 2375 231 2378 ,
355 2305 580 2389 delitatemque
598 2302 678 2382 ausi,
694 2305 739 2367 ita
759 2301 801 2367 ad
812 2318 942 2368 ecerum
960 2305 1093 2384 animoa,
1109 2319 1145 2370 ut
1163 2308 1282 2385 omnia,
1296 2328 1371 2390 qaae
1386 2307 1422 2370 in

355 2413 411 2456 eos
425 2390 553 2456 decreta
566 2403 668 2468 crant,
679 2391 859 2476 frequentes
869 2389 1033 2455 tollerent:
1056 2413 1160 2476 neque
1173 2414 1214 2458 ao
1228 2393 1333 2458 miuus
1345 2393 1423 2458 red·
1519 2429 1520 2452 r

356 2479 497 2547 eundum
518 2477 551 2540 in
575 2476 756 2542 societatem
782 2475 934 2562 Philippi,
960 2477 1226 2565 abnuendamque
1253 2479 1423 2546 Romano-

354 2585 430 2635 rum
446 2561 627 2640 amicitiam,
642 2575 815 2628 censerent.

195 2653 326 2729 13.Qurne-
400 2649 513 2716 XVII.
536 2647 687 2714 Leucade
710 2648 780 2714 baec
803 2662 877 2714 sunt
898 2649 1033 2716 decreta.
1053 2650 1086 2714 id
1109 2665 1206 2735 caput
1228 2653 1424 2724 Acarnaniae

191 2723 241 2830 ξω·
253 2721 434 2831 ¹quw-erat,
448 2758 550 2823 eoque
564 2736 598 2799 iu
613 2736 783 2802 concilium
804 2757 915 2800 omnes
935 2736 1047 2821 populi
1068 2738 1307 2806 conveniebant.
1354 2741 1423 2806 Ita·

192 2799 272 2898 „12¹⁰
288 2799 337 2848 Μ
356 2845 430 2910 que,
443 2842 541 2909 quum
553 2821 623 2902 haec
632 2823 799 2908 repentina
809 2822 942 2888 mutatio
955 2823 1129 2910 Corcyram
1141 2825 1182 2890 ad
1191 2825 1330 2912 legatum
1345 2827 1421 2894 Fla·

357 2910 514 2973 mininam
544 2909 667 2994 perlata
695 2922 786 2987 esset,
816 2907 979 2993 extemplo
1007 2932 1080 2974 curn
1116 2909 1215 2978 classe
1245 2912 1423 2997 profectur,

357 2996 523 3062 Leucade¹
536 2995 577 3060 ad
595 2994 762 3073 Hereum,
778 2995 865 3080 quod
879 3009 1004 3072 vocant,
1021 3018 1116 3061 naves
1130 2998 1294 3084 adplicuit.
1338 2999 1424 3066 Inde

353 3105 430 3150 curn
459 3082 548 3148 omni
575 3102 693 3166 genere
721 3094 951 3148 tormentorum
979 3081 1272 3172 machinarumque,
1303 3087 1421 3172 quihus

356 3180 580 3254 expugnantur
596 3165 699 3244 nrbes,
715 3167 756 3232 ad
773 3189 879 3232 muros
898 3167 1039 3248 accessit,
1055 3170 1095 3234 ad
1110 3172 1249 3255 primum
1265 3187 1422 3240 terrorem

355 3271 443 3322 ratus
458 3253 604 3318 inclinari
620 3253 742 3318 animos
757 3275 857 3337 posse.
905 3253 1076 3340 Postquam
1100 3259 1203 3340 pacati
1219 3258 1300 3322 nihil
1313 3273 1421 3326 osten-

354 3342 502 3416 debatur,
518 3356 586 3404 tum
603 3340 708 3404 vineas
723 3354 887 3425 turresque
906 3343 1039 3428 erigere,
1054 3355 1087 3410 et
1100 3345 1231 3411 arietem
1248 3346 1422 3412 admovere

357 3427 456 3491 muris
485 3425 596 3510 coepit.
640 3426 823 3491 Acarnania
851 3428 1006 3505 universa,
1033 3428 1116 3493 inter
1142 3431 1297 3496 AEtoliam
1325 3445 1421 3520 atque

356 3512 493 3597 Epirum
507 3512 620 3596 posita,
637 3512 733 3576 solem
748 3513 944 3578 occidentem
968 3525 999 3578 et
1021 3537 1108 3580 mare
1129 3518 1271 3582 Siculum
1286 3532 1419 3602 spectat.

355 3598 554 3664 ⁷⁵Ireuoadia
575 3619 662 3662 nunc
685 3599 799 3682 maula,
812 3613 847 3664 et
871 3600 991 3666 vadoso
1013 3600 1113 3682 freto,
1129 3605 1215 3691 quod
1241 3605 1418 3691 pm'ffisaum

721 3787 730 3813 ¹
746 3781 879 3832 martem
891 3785 965 3834 Gron.
978 3787 1046 3834 crea.

386 3934 418 3980 7⁸
432 3927 565 4008 Privatam
580 3927 710 3994 mus]
723 3933 776 3993 Aa,
793 3934 871 3984 decre·
902 3936 964 3987 iden
978 3937 1095 3998 aarum
1112 3938 1195 3988 Livius
1211 3944 1358 3996 memorant.
1391 3944 1419 3994 si
1511 3947 1512 3952 ’

355 3997 418 4054 tum,
441 4009 492 4047 aaa
515 4002 591 4048 term
610 3998 765 4048 saranum
791 4000 870 4062 gutia
900 4002 1212 4066 qmanmaetasqut
1228 4007 1420 4072 inprduineo

354 4061 454 4112 natae
469 4062 556 4122 uam,
574 4063 616 4110 aad
636 4067 792 4125 quoram
813 4072 869 4114 tan·
899 4067 1113 4119 thamarem.

354 4131 407 4174 tum
428 4125 591 4190 populorum?
609 4130 667 4180 Hoc
684 4145 741 4184 saue
757 4131 869 4180 ridentur
932 4131 1363 4196 rs·U1rro]vianotta.ad1.s.

353 4194 491 4244 meu
503 4209 557 4256 qu
571 4197 719 4256 mudum,
734 4197 777 4246 ubi
793 4210 870 4257 aeque
935 4203 966 4248 75
982 4198 1181 4258 haedum*
1197 4203 1419 4269 Macedone]

352 4262 602 4314 munumina
616 4263 642 4312 ia
651 4264 780 4312 mudum
795 4277 870 4323 popu·
900 4261 968 4311 Huic
978 4264 1031 4315 loeo
1041 4268 1169 4322 unitatum
1183 4269 1270 4331 perlevi
1284 4273 1419 4330 nutatim
1509 4309 1510 4335 ,

354 4322 400 4383 lor,
424 4339 500 4388 neque
521 4327 632 4377 omnihus
651 4329 692 4390 qui
710 4330 871 4382 marcuerat
901 4329 1001 4378 reddidit
1012 4331 1154 4386 &osoriu-
1187 4337 1267 4388 hum
1279 4338 1418 4401 lusam
