3104 4976
425 225 522 285 uls.
542 221 687 284 xxx1v.
715 225 819 285 aar:
846 199 960 286 xxiv.
1139 299 1145 314 ⁸
1173 233 1231 290 ms

164 397 237 454 ”sim
252 387 363 454 Min
375 387 496 474 viseti?
506 389 674 463 attilium,-
697 387 944 478 indignatusque
955 391 1048 469 esset,
1063 391 1129 456 brec
1141 391 1232 456 tanta
1240 407 1271 456 u.
1283 407 1311 455 a
1322 411 1377 457 ssr.

165 479 282 542 merita
294 475 478 542 sammitis
498 485 597 540 tanen
613 479 784 561 aliquorum
798 481 897 561 carpi,
901 479 1021 563 fictura
1042 476 1271 548 calunniae-A·
1282 475 1312 520 ⁰·
1324 479 1378 523 ¹⁹⁵·

45 633 53 648 ,
162 565 264 635 'tinam
284 561 482 648 ¹quamfateri
489 565 596 645 potius
604 566 833 646 praeteritorum
844 567 983 649 gratiam
997 565 1138 630 deberent
1142 590 1156 642 ,¹
1177 566 1234 646 ads

165 650 300 734 pur'ebat
314 648 429 712 incessi
441 647 578 714 AEtolos.
624 649 728 736 Igitur
743 649 927 715 Alexander
947 651 1096 736 princeps
1120 652 1233 736 gentis,

169 735 311 801 invectus
332 734 472 820 primum
494 737 527 799 in
543 735 763 812 Athenienses,
779 737 932 801 libertatis
953 738 1114 823 quondam
1137 737 1234 802 duces

149 819 201 888 'et
214 835 369 899 auctores,
384 820 608 886 adsentationis
633 823 773 908 propriso
797 823 900 909 grstia
920 845 1120 888 communem
1143 847 1234 888 caus

166 929 232 974 sum
254 908 455 994 prodentes&
478 921 605 992 questus
620 908 746 984 deinde,
762 909 898 987 Acheros,
916 912 1070 994 Philippo
1083 913 1233 996 quondam
1243 913 1374 978 mutorum

165 996 281 1062 milites
289 1005 474 1080 postremum
489 995 529 1058 ab
543 997 697 1062 inclinata
710 995 913 1081 ‹pasfomuna
926 999 1117 1084 transfiges,
1132 1009 1163 1062 et
1176 1001 1234 1063 cot
1243 996 1351 1056 querele.

164 1084 304 1152 ,rintbum
316 1083 472 1164 recepisse,
484 1091 515 1145 et
529 1082 565 1145 id
578 1104 681 1167 agere,
690 1092 724 1147 ut
735 1083 838 1168 Argos
847 1084 1000 1148 babeant:
1023 1085 1152 1160 AEtolos,
1162 1087 1235 1168 pri·

166 1189 231 1232 mos
244 1169 342 1234 bostes
354 1168 512 1252 Philippi,
526 1190 643 1251 semper
662 1171 757 1234 socias
770 1171 992 1250 Barcanorum,
999 1181 1108 1254 pactos
1123 1172 1235 1256 insee-

170 1255 242 1316 dere
269 1276 339 1319 suas
366 1254 453 1318 urbes
482 1275 631 1338 agrosque
646 1256 726 1340 fere
753 1257 870 1320 davida
895 1257 1057 1340 Philippo,
1075 1259 1236 1342 fraudari
1333 1277 1335 1283 ’

171 1339 295 1404 Echino
320 1351 350 1404 et
363 1341 536 1414 Pharsala·
565 1341 759 1406 insimulavit
782 1341 903 1406 fraudis
929 1342 1107 1408 Romanos:
1133 1343 1236 1426 Quod,

167 1446 252 1490 nano
278 1428 369 1490 titulo
391 1427 546 1492 libertatis
570 1437 730 1505 ostentato,
758 1429 930 1493 Cbadcidem
952 1440 982 1494 et
1005 1432 1235 1496 Demetriadem

163 1513 326 1594 presidiis
339 1523 493 1586 tenereat‚·
510 1515 564 1598 qui
573 1515 734 1598 Philippo,
746 1516 904 1579 cunctanti
913 1518 1058 1580 dedrrcere
1069 1520 1141 1580 inde
1148 1539 1236 1599 prae·

167 1600 264 1675 sidia,
276 1598 405 1680 objicere
418 1598 659 1682 ⁷³sempersoliti
668 1611 747 1678 sunt,
758 1622 930 1686 numquam,
942 1604 1035 1666 donec
1046 1604 1234 1681 Demetrias,

166 1685 361 1770 Chalcisque,
382 1696 413 1750 et
429 1688 595 1752 Corinthus
618 1697 802 1765 tenerentur,
829 1689 957 1752 liberam
971 1687 1127 1753 Gratiam
1136 1690 1235 1772 fore:

165 1782 331 1854 pertram,
347 1775 440 1858 quia¹
460 1776 639 1838 remanendi
658 1777 693 1838 in
706 1773 834 1840 Gracia
855 1777 1072 1859 retinendique·
1088 1777 1237 1842 enei-cina

174 1859 274 1943 Argos
287 1870 318 1924 et
331 1859 358 1902 ⁷⁴
365 1860 471 1924 Nabim
485 1882 620 1926 caussam
622 1860 781 1945 facerent.
825 1863 1039 1944 Deportarent
1053 1863 1187 1948 legiones
1202 1864 1238 1928 in

172 1946 312 2012 Italiam.
335 1947 461 2010 AEtoios
469 1949 624 2029 polliceri,
641 1945 731 2011 ⁷⁵ant
741 1948 1005 2013 conditionibuset
1015 1951 1237 2014 mtnmarema

173 2032 281 2096 Nabim
293 2034 474 2115 presidium
488 2033 584 2118 Argis
598 2036 804 2113 deducturum,
819 2044 874 2099 aad
888 2036 920 2099 oi
933 2044 1025 2120 atqrte
1042 2037 1138 2101 armis
1151 2055 1237 2100 coac·

166 2128 257 2182 turos
271 2121 306 2182 in
315 2128 470 2200 potestate
483 2119 698 2184 consentientis
714 2120 849 2184 Graeciae
862 2144 933 2186 esse.
1001 2177 1003 2186 ,

167 2261 171 2268 .
215 2205 338 2270 XXIV.
365 2206 437 2268 Hac
459 2205 695 2292 vaniloquentia
724 2207 862 2290 primum
889 2207 1086 2272 Aristaenum
1117 2222 1235 2293 proeto·
1243 2224 1384 2274 susorum

172 2312 239 2355 rem
256 2290 450 2356 Achaeorum
472 2292 628 2357 excitavit.
672 2293 699 2336 ⁷⁶
709 2295 760 2358 Ne
774 2296 860 2372 istuc,
876 2294 989 2381 inquit,
1004 2296 1132 2379 Jupiter
1152 2295 1330 2403 opti-fgit?l
1340 2292 1364 2370 ¹3¹

169 2399 236 2442 raus
249 2381 398 2442 mamimus
411 2379 494 2454 sirit,
508 2380 650 2464 Junoque
664 2382 783 2464 regina,
799 2380 882 2466 cujus
896 2383 931 2444 in
945 2383 1042 2445 tutela
1056 2382 1140 2466 Argi
1153 2363 1381 2470 suntmfflffi

170 2466 277 2534 atille
287 2466 394 2530 civitas
405 2466 488 2530 inter
496 2473 660 2550 tyrannum
671 2468 936 2531 Lacedaemonium
950 2478 980 2532 et
994 2470 1131 2533 inmanes
1141 2469 1236 2533 AEto-

169 2553 217 2615 los
224 2553 387 2633 premium
408 2553 449 2616 sit
467 2553 585 2634 posita,
601 2555 636 2616 in
657 2575 692 2616 eo
713 2556 898 2632 discrimine,
914 2564 949 2619 ut
962 2556 1101 2619 miserius
1115 2577 1136 2618 a
1150 2555 1237 2620 nobis

171 2639 352 2720 recipiam,
367 2637 511 2721 quam'ab
526 2641 581 2702 illo
594 2649 688 2722 capta
702 2650 755 2705 est.
801 2640 898 2704 Mare
912 2639 1099 2724 interjectum
1113 2642 1154 2704 ab
1169 2644 1238 2708 istis

164 2724 365 2806 praedonibus
375 2745 436 2788 non
447 2734 549 2788 tuetur
562 2745 627 2802 nos,
642 2726 679 2789 T.
695 2724 836 2802 Quincti.
875 2728 968 2804 Quid,
980 2729 1008 2791 si
1017 2729 1051 2790 in
1061 2730 1162 2791 media
1174 2731 1238 2794 Pes

169 2811 455 2892 Iepannesa'arcem
480 2810 541 2874 sibi
551 2812 702 2896 fecerim,
708 2813 855 2896 fisticum
877 2813 963 2876 nobis
983 2818 1049 2876 est?
1082 2814 1237 2898 Linguam

169 2906 290 2960 tantum
307 2896 483 2963 &armum
500 2898 623 2978 babent,
644 2899 722 2962 sicut
741 2899 869 2980 speciem
888 2899 1049 2962 learninum.
1095 2900 1238 2962 Moribus

171 2983 338 3067 ritibusque
362 2983 595 3070 fferatioribus,
611 3006 701 3069 quam
723 2986 782 3048 ulli
804 2983 941 3061 barbari,
969 2986 1107 3048 inmanes
1130 2983 1238 3048 bellua

173 3071 288 3134 uiuunt.
330 3072 442 3153 anue
456 3091 670 3154 corrogamus,
686 3072 833 3148 Romani,
849 3081 884 3134 ut
897 3081 928 3134 et
942 3071 981 3134 ab
998 3070 1121 3134 Nabide
1134 3071 1240 3156 Argos
1306 3109 1315 3140 κ

170 3158 364 3237 recuperetis,
379 3165 409 3220 et
420 3158 468 3222 ita
478 3178 527 3221 res
539 3156 674 3222 Gracia
682 3159 886 3235 constituatis,
897 3169 932 3222 ut
942 3157 1239 3243 ablatrocinioquo-
1341 3209 1343 3213 .

166 3240 908 3328 queAEtoiorumsatispacatabcecrclinquatis.
953 3245 1131 3326 Romanus,
1139 3267 1238 3312 cunc*

311 3377 324 3416 ‘l
336 3374 378 3436 qui
385 3372 506 3419 libertatis
517 3405 524 3420 .
536 3404 543 3419 .
554 3405 561 3420 .
569 3373 696 3434 proderent
704 3375 780 3420 Gran.
792 3374 860 3420 Creu.
959 3374 1021 3436 rqui
1030 3373 1096 3421 naeo.

168 3494 252 3542 odiose
268 3498 293 3540 et
307 3493 425 3540 inutiliter
441 3493 585 3552 inculcatur,
597 3498 687 3542 totum·
718 3499 760 3542 tur
770 3499 848 3542 totum
861 3493 982 3550 negotium
994 3493 1152 3540 confecturos.

173 3574 218 3619 que
239 3559 304 3606 huuc
331 3559 409 3605 locum
431 3559 466 3605 sic
491 3559 685 3620 interpungenti:
752 3566 783 3611 75
800 3561 852 3607 Aut
875 3557 1059 3620 conditionibus]
1089 3559 1145 3605 Non
1168 3559 1235 3619 pejus

172 3625 310 3685 imploratae
323 3625 445 3671 auritium
463 3623 575 3670 adumsur
592 3622 687 3686 Pbiiip-
719 3626 780 3672 foret
791 3625 815 3671 id
827 3626 890 3684 quod
901 3639 929 3670 ex
945 3625 1038 3684 aliquot
1055 3625 1148 3685 scriptis
1168 3625 1235 3670 affert

168 3691 407 3752 punituiicre,apem
417 3691 688 3750 nonrogatasultroad-
720 3691 865 3747 Gronovius,
885 3697 929 3738 aut
944 3691 1085 3736 conditione.
1126 3690 1236 3736 amanto

171 3771 251 3804 cernis
273 3762 404 3818 tyrannum
421 3756 505 3802 Nabim
527 3754 627 3816 offerres
650 3758 688 3804 in·
720 3756 797 3814 euim,
818 3760 846 3801 ut
864 3761 926 3802 recte
956 3755 1065 3802 observat
1090 3755 1161 3812 idem,
1186 3767 1236 3802 uon

171 3823 409 3883 dignatusqueeeset.
720 3835 795 3868 unum
817 3821 887 3867 niodo
904 3826 976 3880 caput
997 3821 1175 3878 transactionis,
1195 3820 1236 3866 sed

205 3894 235 3937 73
247 3887 346 3948 Semper
353 3879 687 3948 solitiruntJLegeiintcum
720 3900 782 3946 steps
801 3886 934 3946 pactionem
952 3892 1035 3932 totum·
1050 3887 1131 3932 multis
1151 3885 1236 3946 capiti-

170 3953 412 4012 utroqchrouot-io.
721 3953 765 4008 bus
788 3956 936 3999 constantem
959 3951 1091 4012 significat:
1117 3953 1142 3998 id
1171 3950 1235 4010 qtrod
1278 3949 1281 3954 ’

206 4025 237 4066 74
253 4017 336 4064 Nabim
347 4017 566 4078 causamfaeerent.
594 4017 687 4077 Depar·
720 4016 784 4064 Galli
800 4018 899 4064 dicimus
910 4033 943 4064 un
954 4015 1035 4064 tratti.
1052 4016 1091 4064 Sic
1102 4017 1152 4062 Cic.
1163 4013 1180 4059 l.
1192 4014 1236 4062 vl.

172 4090 253 4128 tarent
262 4084 367 4144 legiones
375 4084 402 4128 in
410 4078 522 4144 Italiam]
533 4082 597 4128 Male
606 4083 645 4129 hic
654 4083 687 4130 lo·
720 4083 750 4130 ud
765 4083 830 4130 Fam.
843 4097 880 4143 ep.
893 4089 917 4129 t.
942 4084 1028 4130 Armis
1045 4089 1088 4128 aut
1102 4079 1237 4127 conditione

172 4161 215 4192 cus
223 4148 401 4212 interpunaitur
411 4149 436 4194 in
449 4148 544 4208 nuperis
555 4147 632 4194 editis.
648 4147 688 4194 Ab
716 4150 868 4211 proitianus
884 4147 1058 4210 defatigatione
1072 4146 1179 4207 umectis,
1192 4150 1236 4190 aut

174 4225 232 4258 roos
242 4213 392 4275 mearent
407 4213 509 4274 incipere
526 4213 595 4260 debat
611 4227 688 4260 novus
720 4215 823 4262 uictoria
832 4214 953 4261 detractis.

170 4291 264 4330 scusuu
305 4280 434 4338 increpant
459 4279 534 4325 AEtoli
554 4280 707 4340 Romanos„
752 4284 784 4330 76
801 4280 936 4327 Neistae.
953 4311 960 4326 .
979 4272 1234 4338 .Juptter...etrit]

167 4342 304 4404 iubeatque
322 4345 571 4405 deportaralep'oues
590 4345 616 4390 in
637 4345 686 4390 ltu-
720 4344 827 4402 Vutmtn
849 4345 920 4392 lectio
941 4345 1041 4392 siverit.-
1065 4337 1134 4386 MSS.
1152 4336 1234 4396 Syria.

168 4408 242 4461 litut:
259 4409 306 4472 ipsi
324 4409 500 4460 sinslloatsuis
511 4423 561 4456 sose
572 4410 684 4470 pollicen-
720 4409 778 4458 luds
788 4410 867 4458 elieait
876 4409 1010 4458 Gronovius
1019 4406 1091 4453 sirm:
1109 4405 1180 4450 recte.
