3136 4982
273 301 282 312 .
399 207 495 275 urs.
516 173 695 270 xxxtru.
722 205 826 268 car.
846 207 963 268 xxm.
1154 207 1213 272 aaa

149 371 274 460 ⁸quum
289 381 330 438 ax'
341 371 453 458 paucis
466 369 616 458 quotidie·
623 369 721 458 aliqui
735 379 851 438 aonam
860 370 1020 451 caderent,
1035 379 1092 439 aut
1104 372 1215 440 vulne·
1224 394 1256 444 u.
1266 395 1297 444 o.
1307 387 1362 444 ιιι.

123 474 126 483 ·
153 471 313 536 serentur,
335 469 377 536 et,
398 458 454 546 qui
474 469 671 544 superarent,
688 455 760 524 fassi
783 469 816 523 et
838 458 1024 543 corporibus
1048 470 1082 524 et
1103 460 1295 526 animae-⁰·
1310 467 1363 510 ¹⁸9·

28 621 36 634 .
150 557 273 622 esasm3
297 544 436 610 Romani
455 555 551 612 nocte
570 564 629 628 per
649 564 766 622 arcam,
786 565 882 629 quam
905 543 1070 630 Cyatidem
1094 559 1218 626 vocant,

153 633 267 720 (⁹nam
293 631 380 708 urbs,
404 631 438 696 in
462 652 549 696 mare
572 630 703 710 devexa,
718 631 753 694 in
774 629 1109 720 occidentemvergit)
1126 655 1221 699 muro
1300 641 1302 648 '

155 741 194 784 su
235 730 316 796 rato,
330 716 365 782 in
380 715 483 783 forum
497 728 719 800 pervenerunt.
762 716 890 795 Samaei,
906 729 1075 804 postquam
1095 733 1219 804 captam

34 823 37 834 ·
156 804 245 870 uris
273 816 396 890 partam
426 804 467 870 ab
496 801 640 868 hostibus
661 815 838 880 senserunt,
862 825 934 868 cum
965 805 1154 894 conjugibus
1184 827 1221 870 ac

156 891 265 962 liberis
279 893 312 955 in
329 891 480 976 majorem
502 889 688 977 refugerunt
709 909 825 954 arcem.
847 889 923 954 inde
944 904 1070 976 postero
1091 891 1144 956 die
1161 891 1221 956 'dm

154 977 225 1055 diti,
241 977 365 1062 direpta
379 980 467 1053 urbe,
484 978 542 1042 sub
557 997 677 1044 corona
690 996 801 1040 omnes
814 977 990 1043 venierunt.
1342 1053 1345 1060 .

199 1061 462 1143 XXX'Consul
487 1063 671 1148 compositis
696 1063 791 1128 rebus
816 1061 1044 1164 Cephallaniae,
1070 1063 1374 1150 praesidiocoannre-
1405 1127 1414 1140 ‚

155 1151 262 1220 Samoe
277 1149 427 1235 inposito,
438 1148 471 1212 in
488 1148 567 1213 Pelo
610 1169 754 1228 nussum,
763 1150 831 1235 jam
844 1148 903 1214 dru
917 1151 1145 1216 arcessentibus
1159 1149 1345 1225 AE-¹⁰l‘⁰¹¹¹¹⁸,·,

154 1237 317 1324 gienaibus
341 1237 480 1302 maxime
499 1257 538 1300 ae
559 1171 821 1313 lldcedaemoniis,
849 1237 982 1322 trajecit.
1027 1235 1174 1324 AEgium‚
1202 1219 1359 1326 azam*

155 1323 316 1410 principio
336 1320 469 1387 Achaici
490 1321 626 1398 concilii,
645 1343 767 1408 semper
789 1333 962 1388 conventus
983 1325 1088 1410 gentis
1109 1324 1221 1389 indicti

154 1422 229 1475 sunt
236 1433 245 1486 3
268 1431 322 1473 seu
344 1408 489 1494 dignitati
510 1408 599 1476 urbis
620 1407 665 1487 id,
688 1431 744 1473 seu
769 1408 831 1474 loci
854 1411 1085 1496 opportunitati
1109 1410 1220 1476 datum

155 1508 213 1562 est.
235 1495 322 1560 huno
335 1517 455 1560 morem
472 1494 693 1580 Philopoemen
707 1517 747 1560 eo
765 1497 903 1580 primum
926 1517 1011 1561 anno
1031 1495 1222 1566 labefactare

155 1595 301 1663 conatus,
315 1582 416 1668 legem
428 1581 564 1682 parabat
575 1580 668 1659 serre,
684 1594 720 1647 ut
734 1581 767 1645 in
782 1581 931 1650 omnibus
945 1582 1134 1661 civitatibus,
1147 1605 1221 1670 qun

154 1668 288 1735 Achaici
312 1667 438 1733 concilii
459 1681 572 1746 essent,
596 1669 630 1732 in
654 1667 755 1740 vicem
782 1680 954 1734 conventus
979 1682 1158 1756 agerentur.
1188 1683 1222 1735 et

157 1755 224 1820 sub*
243 1755 413 1826 adventum
441 1753 589 1834 consulis,
610 1754 826 1842 ¹⁰Damiurgis
851 1755 1037 1836 civitatium,
1057 1757 1113 1841 qui
1135 1777 1222 1821 sum.
1246 1785 1249 1794 ,

156 1865 227 1908 mus
259 1853 306 1908 est
337 1841 549 1930 magistratus,
584 1841 715 1930 AEgium
747 1843 962 1922 evocantibus,
998 1843 1222 1930 Philopoemen

96 1979 99 1984 ,
160 1934 293 2014 (prator
313 1940 382 1993 tum
404 1929 484 2008 erat)
501 1929 606 2017 Argos
628 1940 818 1994 conventum
837 1928 948 1994 edixit.
971 1952 1036 2018 quo
1050 1951 1149 2016 quum
1164 1928 1222 1994 ad·

155 2024 281 2102 pateret
295 2037 404 2082 omnes
425 2013 490 2080 fere
503 2027 725 2092 conventuros,
742 2015 851 2082 consul
873 2037 1011 2102 quoque,
1027 2037 1222 2104 quamquam

157 2101 360 2190 AEgiensium
381 2099 506 2167 favebat
520 2123 649 2179 cuusrae,
665 2103 771 2191 Argos
786 2103 897 2168 reniti
913 2102 968 2168 ubi
983 2125 1081 2191 quum
1097 2103 1221 2190 discep-

156 2191 236 2254 tatio
261 2188 378 2266 fuisset
405 2201 437 2252 et
462 2209 529 2253 rem
554 2189 735 2254 inclinatam
761 2199 914 2270 cerneret,
937 2191 1064 2275 incepto
1089 2189 1220 2256 destitit.

156 2275 393 2342 Lacedaemonii
407 2275 522 2340 deinde
536 2297 608 2340 eum
622 2275 655 2338 in
672 2297 730 2340 sue
742 2276 915 2341 certamina
929 2287 1120 2341 averterunt.
1149 2277 1223 2343 Sol·

154 2361 275 2428 linitam
297 2385 366 2428 eam
389 2361 547 2427 civitatem
569 2363 695 2427 exsules
719 2362 861 2428 maxime
885 2361 1061 2431 habebant:
1084 2367 1221 2449 quorum

155 2469 273 2537 magna
301 2470 375 2534 pars
404 2449 436 2512 iu
467 2449 631 2513 maritimis
657 2448 828 2514 Laconicae
853 2471 920 2513 orae
947 2449 1092 2526 castellis,
1114 2449 1139 2490 ¹¹
1170 2471 1221 2515 ute

155 2535 260 2600 omnis
279 2535 405 2603 ademta
426 2546 504 2610 erat,
518 2533 715 2601 habitabant.
737 2535 773 2603 id
793 2557 879 2624 aegra
900 2537 1053 2620 patientes
1069 2473 1221 2601 Lacddse·

156 2621 267 2698 monii,
291 2634 329 2687 ut
356 2621 481 2708 aliqua¹
500 2621 636 2688 liberum
665 2623 706 2686 ad
734 2644 822 2686 mure
849 2621 1004 2688 haberent
1031 2623 1166 2701 aditum,
1194 2623 1222 2688 si

156 2708 286 2796 quando
305 2709 442 2774 Romam
465 2708 566 2773 aliove
587 2730 653 2795 quo
673 2708 837 2774 mitterent
856 2709 987 2797 legatos,
1007 2710 1164 2797 simulque
1185 2723 1221 2775 nt

155 2795 334 2880 emporium
348 2809 381 2860 et
395 2785 629 2880 redeptaculum
652 2794 826 2881 peregrinis
845 2797 1002 2860 mercibus
1016 2796 1057 2860 ad
1078 2817 1222 2861 necessa·

156 2881 229 2946 rios'
249 2903 324 2947 usus
353 2895 443 2960 esset,
471 2897 566 2946 nocte
593 2881 695 2946 adorti
724 2881 829 2949 vicum
858 2883 1064 2959 maritimum,
1090 2883 1222 2948 nomine

158 2967 241 3047 Lau,
257 2969 418 3054 inproviso
431 2989 636 3054 occupavere.
681 2969 807 3048 Vicani,
821 2969 938 3056 quique
952 2969 997 3033 ibi
1018 2969 1143 3035 exsules
1164 2968 1222 3034 ha-

33 3059 46 3084 ’“
156 3054 313 3134 litabant,
331 3056 435 3141 primo
455 3056 621 3141 inopinata
643 3077 678 3118 re
701 3057 803 3120 territi
828 3072 922 3120 sume
945 3054 1071 3133 duride,
1088 3056 1147 3124 sub
1173 3057 1222 3122 lu·

156 3164 226 3206 cem
250 3142 444 3232 congregati,
465 3142 527 3207 levi
548 3142 720 3209 certamine
740 3142 931 3228 expulerunt
951 3142 1220 3208 Lacedaemonios.

156 3241 261 3294 terror
275 3242 381 3304 tamen
396 3250 522 3294 omnem
544 3229 736 3296 maritimam
751 3251 841 3296 oram
863 3231 1016 3315 pervasit:
1038 3229 1231 3318 legatosque
1306 3289 1309 3296 .

158 3318 381 3393 communiter,
403 3327 436 3381 et
456 3315 584 3381 castella
609 3316 718 3385 omnia
740 3317 874 3403 vicique,
897 3330 929 3382 et
949 3316 1084 3396 exsules,
1106 3316 1222 3404 quibus

156 3401 205 3466 ibi
218 3401 379 3468 domicilia
392 3413 493 3480 eram,
508 3401 548 3467 ad
565 3402 704 3468 Achaeos
718 3404 883 3468 miserunt.

201 3489 328 3554 XXXI.
352 3488 572 3574 Philopoemen
595 3502 725 3574 praetor,
735 3492 802 3577 jam
824 3490 900 3554 inde
911 3493 954 3554 ab
970 3491 1063 3555 initio
1076 3489 1359 3556 exsrdumnsustun

156 3597 277 3642 oaussoe
291 3588 324 3640 et
342 3575 472 3653 amicus,
488 3589 521 3640 et
541 3587 653 3641 auctor
672 3599 796 3663 semper
811 3576 939 3642 Achaeis
961 3577 1125 3644 minuendi
1147 3600 1168 3642 ο
1230 3575 1373 3652 aeneorum

157 3674 191 3727 et
218 3664 438 3729 auctoritatem
466 3661 791 3744 Lacedaemoniorum,
816 3664 988 3729 concilium
1018 3599 1377 3750 querentidlldmmd*

158 3737 258 3816 dedit.
285 3749 519 3836 decretumque,
543 3772 582 3814 eo
606 3749 771 3828 referente,
796 3749 916 3816 sactum
942 3763 999 3830 est,
1023 3751 1159 3829 ¹²Qum
1187 3705 1333 3817 mmm·

543 3874 558 3904 ⁸
569 3873 672 3934 aliquan
683 3873 757 3920 Gron-
770 3873 839 3920 cmv.

193 3975 207 4016 a
227 3971 307 4027 Qum
323 3987 354 4020 aa
370 3971 457 4032 pausia
476 3970 581 4032 quotidie
597 3971 675 4032 aliqua·
706 3971 857 4022 ministrant:
875 3985 890 4018 a
905 3967 980 4033 δῆμος,
993 3973 1080 4019 Dorice
1090 3969 1167 4029 laisan,
1179 3984 1223 4031 po·
1338 3992 1341 4000 ν

157 4049 239 4082 aarum
250 4033 369 4098 metat]
385 4037 512 4084 Musam
522 4033 549 4082 al
559 4049 648 4083 mmm.
706 4037 786 4098 pulua,
799 4041 824 4082 ct
834 4035 904 4100 leym.
917 4051 985 4098 opus.
1001 4039 1057 4086 ‘Da
1068 4039 1099 4084 iis
1108 4038 1154 4084 vid.
1168 4051 1223 4083 nor·

192 4101 308 4152 aratam
331 4098 398 4164 arla]
423 4102 535 4153 Quonam
557 4102 675 4162 partium
706 4109 852 4162 tmmsupn
862 4103 1022 4154 xxxa-aa.

160 4166 210 4212 lutea
232 4165 388 4227 parenthesis,
406 4167 469 4215 uude
489 4167 598 4229 pendam,
617 4168 676 4214 tate·
741 4173 768 4212 ll
780 4167 863 4222 'Qun
873 4169 950 4214 omnir
967 4169 1077 4228 adempta
1087 4162 1223 4227 erat]V1d.

159 4245 213 4278 mur
235 4245 278 4280 noa
299 4245 382 4294 parum
401 4234 487 4280 videre.
519 4233 618 4294 Aliquid
637 4235 676 4280 hic
707 4246 780 4294 supra
804 4232 910 4279 XXXV.
934 4239 970 4278 ιι.
997 4238 1022 4278 et
1048 4236 1098 4279 uot.
1126 4237 1166 4278 25.
1193 4231 1224 4276 ad

155 4297 271 4344 excidisse
281 4299 435 4359 suspicamur.
707 4297 825 4345 XXXIV.
837 4304 877 4346 ³5.

193 4369 222 4408 10
238 4361 400 4426 Demiurgus]
415 4366 539 4428 Demiurgi
556 4379 584 4410 ex
599 4363 622 4410 ri
634 4377 674 4408 vo·
743 4363 882 4419 lemnum
894 4361 999 4422 infidam
1005 4355 1159 4422 Ardeatum]
1168 4360 1224 4408 viu.

158 4427 236 4474 sabuli
254 4433 310 4474 sunt
327 4429 397 4488 liqui
416 4431 510 4491 publica
526 4429 623 4492 negotis
636 4427 683 4474 ad-·
708 4439 779 4488 supra
789 4427 895 4475 XXXV.
911 4432 945 4472 13.
1213 4442 1218 4453 ·
