3042 4954
386 173 480 236 LIB.
500 173 616 235 XXXI.
644 173 747 236 CAP.
767 173 917 236 XXXIX.
1054 205 1060 222 ,
1133 184 1172 238 85

104 351 156 404 tos
180 336 289 415 domo,
310 339 381 424 jam
406 341 439 402 in
466 337 690 404 Macedoniam
715 339 951 405 transcendisse.
997 339 1124 417 Quibus
1145 342 1249 420 uiuo,
1262 379 1317 423 ω,

103 425 248 512 undique
261 427 500 492 circumventus
513 425 613 511 copiis
633 423 726 506 foret,
740 424 901 490 sedentem
919 427 1100 492 Romanum
1115 427 1209 494 dre-n.
1221 439 1248 486 c.
1261 447 1317 491 aco.

105 511 310 590 bellaturum,
325 511 416 577 credi
429 525 564 598 poterat.
610 512 732 598 Itaque,
743 512 916 577 secundum
931 514 1014 578 duas
1024 515 1171 582 adversas

103 613 270 685 equestres
281 621 420 686 pugnas,
437 598 538 662 multo
553 599 657 662 minus
676 612 778 662 tutam
795 621 916 663 moram
932 600 965 662 in
981 600 1092 665 iisdem
1109 613 1170 666 sta·

104 685 178 749 tivis
199 684 270 750 sore
281 683 456 771 'Philippus
473 699 570 764 ratus,
585 705 684 772 quum
706 683 794 748 abire
809 685 883 750 inde
897 697 929 749 et
941 685 1050 752 fallere
1064 689 1171 753 abiens
1179 720 1303 783 mum,

103 770 231 836 bostem
246 773 352 851 vellet,
367 771 608 838 ⁴³caduceatore
622 773 681 835 sub
696 791 842 836 occasum
863 772 938 835 solis
952 772 994 838 ad
1008 774 1169 839 consulem
1180 788 1274 836 amir.

103 859 214 936 misso,
231 858 288 944 qui
313 859 459 923 inducias
474 857 515 922 ad
535 857 730 944 sepeliendos
750 857 872 944 equites
893 871 1023 942 peteret,
1039 858 1171 926 frustra·

104 959 156 1010 tus
170 943 309 1023 bostem,
326 944 467 1012 secunda
490 945 606 1030 vigilis,
623 943 729 1008 multis
754 942 882 1031 ignibus
901 966 958 1030 per
981 958 1048 1011 tota
1070 961 1171 1012 castra

104 1031 235 1108 relictis,
248 1031 356 1096 silenti
371 1031 499 1119 agmine
514 1031 601 1096 abiit.

148 1117 330 1184 XXXIX.
355 1118 482 1202 Corpus
497 1118 563 1203 jam
578 1116 712 1182 curabat
725 1119 845 1193 consul,
860 1139 969 1204 qnam,
984 1120 1105 1186 venisse
1118 1143 1171 1186 ce·

103 1203 322 1283 duoeatorem,
338 1218 370 1268 ct
392 1203 470 1290 quid
491 1204 634 1279 venisset,
650 1205 835 1268 nunciatum
856 1217 912 1270 est.
936 1227 1086 1291 responso
1100 1219 1170 1272 tan·

105 1303 174 1356 tum
199 1290 290 1368 dato,
315 1313 408 1354 mane
430 1305 558 1375 postero
582 1291 635 1354 die
656 1289 725 1354 fore
747 1291 873 1374 copiam
898 1292 1118 1370 conveniendi,
1135 1296 1168 1359 id

103 1377 193 1463 quod
239 1378 384 1442 uaesitnm
408 1390 485 1453 erat,
502 1399 566 1452 nox
587 1376 712 1463 dieique
730 1377 924 1463 insequentis
944 1399 1018 1464 pars
1032 1380 1074 1444 ad
1089 1403 1170 1465 pras·

103 1399 291 1547 cipiendum
311 1465 372 1528 iter
388 1463 539 1548 Philippo
562 1463 637 1530 data
660 1476 716 1526 est.
741 1478 874 1543 montes,
889 1487 985 1550 quam
1005 1468 1088 1530 viam
1103 1489 1169 1532 non

103 1550 323 1652 ingressurum
336 1551 424 1638 gravi
437 1551 563 1638 agmine
576 1550 758 1614 Romanum
771 1549 899 1629 sciebat,
911 1545 999 1635 pe'tit.
1037 1553 1170 1632 Consul,
1266 1543 1271 1554 “

103 1657 209 1721 pnma
224 1636 296 1702 luce
309 1639 515 1702 caduceatore
527 1637 611 1700 datis
625 1635 760 1700 induciis
774 1636 915 1715 dimisso,
931 1636 1018 1702 haud
1030 1639 1072 1702 ita
1088 1641 1169 1702 mul·

105 1737 139 1786 to
151 1735 229 1810 post
241 1724 346 1788 abisse
360 1723 481 1788 hostem
504 1745 602 1810 quum
615 1723 779 1798 sensisset,
796 1723 926 1810 ignarus
945 1745 1010 1808 qua
1024 1747 1169 1811 sequere·

104 1823 167 1888 tor,
198 1809 311 1876 iisdem
341 1811 461 1875 stativis
487 1808 711 1875 frumentando
739 1809 806 1873 dies
834 1809 955 1895 aliquot
987 1813 1168 1878 consumsit

106 1897 278 1963 Stuberam
309 1896 425 1962 deinde
454 1897 542 1983 petit,
569 1907 665 1982 atque
689 1918 730 1960 ex
760 1895 817 1960 Pel
880 1898 933 1961 nia
962 1895 1168 1975 frumentum,

104 1983 191 2070 qnod
207 1984 241 2048 in
257 1984 343 2071 agris
364 1997 442 2060 erat,
459 1983 618 2049 convexit.
641 1981 778 2072 Indead
792 1982 818 2024 ⁴⁴
856 1983 1072 2049 luvinam¹est
1093 2007 1169 2070 pro·
1223 2021 1232 2030 ·

103 2091 240 2154 gressus,
255 2070 399 2134 nondum
411 2084 584 2156 comperto,
600 2091 695 2156 quum
711 2071 873 2157 regionem
889 2069 994 2135 hostes
1007 2073 1169 2155 petissent.

107 2156 290 2243 Philippus,
301 2178 399 2242 quum
415 2158 519 2242 primo
533 2155 575 2221 ad
592 2155 767 2242 Bryanium
782 2157 896 2222 statiua
910 2155 1081 2235 habuisset,
1093 2181 1168 2244 pro·

105 2242 204 2308 fectus
226 2244 304 2307 inde
314 2245 500 2308 transversis
514 2243 676 2320 limitibus,
693 2255 845 2307 terrorem
869 2244 1006 2327 praebuit
1028 2246 1167 2311 subitum

104 2331 197 2396 hosti.
245 2329 381 2395 Movere
405 2329 512 2416 itaque
534 2351 574 2392 ex
596 2329 732 2397 Pluvina
757 2330 905 2408 Romani,
929 2345 962 2394 et
983 2331 1024 2395 ad
1041 2332 1169 2415 Ospha-

103 2438 180 2504 gum
206 2417 328 2481 damen
353 2429 527 2500 posuerunt
549 2429 661 2482 castra.
708 2416 780 2480 Rex
806 2416 890 2482 baud
911 2417 1023 2502 procul
1046 2418 1123 2484 inde
1136 2435 1168 2485 et

105 2509 181 2590 ipse,
198 2503 284 2568 vallo
298 2524 393 2586 super
408 2504 507 2588 ripam
530 2503 632 2566 amnis
651 2502 759 2582 ducto,
778 2502 969 2589 (Erigonum
984 2503 1097 2570 incolae
1113 2529 1168 2569 vo·

102 2593 190 2670 cant)
212 2591 368 2654 wnsedit.
414 2589 493 2654 Inde
518 2590 591 2654 satis
616 2603 791 2674 comperto,
817 2589 986 2656 Eordaeam
1013 2594 1167 2678 petiorms

104 2678 279 2754 Romanos,
295 2677 337 2742 ad
351 2675 552 2762 occupandas
566 2678 738 2764 angustias,
751 2699 793 2740 ne
807 2699 957 2763 superare
971 2677 1077 2745 hostes
1092 2681 1167 2744 artis
1175 2713 1284 2776 (ΜΨ,ι
1289 2733 1332 2766 m-

103 2765 249 2831 faucibus
272 2764 427 2828 inclusum
449 2764 571 2827 aditum
588 2775 724 2847 possent,
745 2764 915 2847 praecessit.
939 2765 984 2828 ibi
1006 2767 1069 2829 alia
1083 2766 1166 2830 vallo
1175 2782 1322 2844 gratiaque

100 2852 196 2916 ⁴5aliu
210 2851 304 2928 fossa,
320 2851 382 2914 alia
402 2849 543 2936 lapidum
567 2850 723 2938 congerie,
741 2863 776 2912 ut
789 2871 850 2934 pro
866 2871 958 2914 muro
972 2868 1086 2927 essent,
1107 2844 1219 2953 nlialdier
1231 2845 1255 2892 ³⁰
1268 2849 1327 2894 aar.

102 2939 269 3004 arboribus
284 2938 424 3022 objectis,
441 2937 534 3001 itaut
550 2936 636 3000 locus
655 2934 846 3020 postulabat,
862 2948 918 3000 aut
939 2937 1071 3001 materia
1089 2938 1165 3002 sub·
1190 2923 1247 2957 Μ
1259 2919 1317 2960 ‘'⁸‘'

101 3025 275 3110 peditabat,
290 3023 502 3108 permuniit¹3
525 3037 620 3110 atque
640 3027 691 3108 (ut
712 3023 779 3106 ipse
794 3022 935 3105 rebatur)
951 3025 1033 3088 viam
1054 3039 1166 3107 suapte

101 3124 217 3178 natura
231 3109 402 3187 difficilem,
418 3110 547 3196 objectis
563 3132 620 3193 per
641 3129 750 3173 omnes
772 3110 924 3174 transitus
944 3112 1094 3196 operibus
1116 3111 1166 3175 in·

100 3196 352 3286 expugnabilem
366 3195 449 3261 fecit.
495 3196 597 3260 lirant
607 3194 758 3282 pleraque
772 3196 926 3261 silvestria
936 3197 1030 3273 circa,
1044 3199 1166 3262 incom-

102 3286 198 3351 moda
221 3282 376 3368 phalangi
402 3283 539 3348 maxime
556 3282 787 3347 Macedonum:
812 3307 895 3368 quae,
917 3285 977 3348 nisi
1003 3285 1056 3349 ubi
1081 3307 1165 3370 prm·

100 3373 202 3462 longis
216 3370 317 3436 hastis
331 3370 418 3434 velut
434 3369 550 3434 vellum
566 3381 640 3434 ante
658 3369 777 3454 clipeos
792 3371 918 3457 objecit,
933 3371 1033 3459 (quod
1049 3386 1085 3438 ut
1099 3373 1165 3452 liat,

101 3459 202 3524 libero
213 3479 331 3542 campo
345 3478 425 3542 opus
437 3458 497 3538 est)
513 3456 630 3520 nullius
645 3457 818 3520 admodum
834 3480 909 3522 usus
925 3473 981 3522 est.
1025 3458 1166 3525 ⁴⁶Thra-

98 3547 165 3611 cas'
178 3567 310 3634 quoque
324 3544 543 3629 “romphaeas
559 3543 696 3630 ingentis
719 3554 750 3607 et
773 3545 852 3628 ipsae
877 3545 1094 3632 longitudinis,
1117 3549 1165 3612 in·

159 3657 306 3730 ‘Esaiam
318 3667 394 3712 Gran.
407 3667 476 3713 Creu.
536 3661 629 3727 kopere
636 3667 772 3727 permuniit
783 3667 857 3714 Gran.
908 3663 1099 3714 ITIracerIlnd.

129 3773 159 3814 ⁴8
180 3761 354 3830 caduceatore]
381 3767 435 3812 Vid.
464 3770 515 3814 not.
539 3766 568 3812 ad
601 3765 617 3812 l.
651 3766 1165 3826 sitlosarepetitioneprimaesyllabarcrbi

100 3831 197 3880 XXVI.
208 3849 228 3880 c
245 3839 283 3882 17.
650 3832 770 3891 sequentis
790 3837 818 3877 ut
834 3831 935 3879 recidere
953 3832 1090 3878 auderemus
1110 3832 1166 3877 fecit

129 3905 161 3946 st
173 3894 511 3960 Peatm]onm1²tutaam.
530 3896 618 3941 Emen·
650 3897 778 3943 auctoritas
803 3897 893 3942 Victor.
922 3897 1019 3955 audiuit,
1047 3899 1088 3957 qui
1114 3910 1164 3942 eam

101 3963 162 4011 davit
177 3965 306 4027 Sigonius:
323 3969 354 4010 ut
371 3969 395 4008 et
416 3962 478 4008 intra
488 3961 618 4008 Eordaeam
651 3963 749 4022 respuit.

100 4031 286 4088 rauranum.
681 4031 713 4074 46
733 4023 850 4089 Thracas]
866 4027 904 4074 Sic
923 4027 1039 4080 Andreas,
1058 4037 1166 4072 ennaea

131 4101 161 4142 ⁴5
177 4097 315 4158 Aliasosra
326 4126 334 4141 .
347 4125 354 4138 ·
368 4125 374 4140 .
387 4126 393 4140 .
401 4091 546 4154 permrraiit]
568 4092 617 4138 Hic
651 4091 750 4139 Heernii
763 4093 831 4140 codd.
840 4094 936 4153 aliique.
968 4093 1000 4139 Et
1011 4094 1074 4138 lavet
1085 4095 1166 4134 noster

103 4161 185 4221 vulgati
205 4163 299 4210 addunt
320 4160 463 4219 superfluam
485 4163 510 4204 et
531 4158 616 4204 molas·
649 4157 713 4204 vict
733 4159 774 4217 qui
792 4157 888 4205 exhibet
909 4159 1020 4204 rasuras.
1049 4153 1165 4199 Gronorii

104 4227 148 4271 tun
157 4241 237 4278 vocem
256 4239 329 4290 opere
346 4227 403 4270 ante
414 4225 510 4270 verbum
521 4237 617 4284 permu·
650 4223 743 4270 edidere
756 4223 865 4270 Illiracea

104 4291 155 4338 still·
179 4294 262 4346 Quum
286 4305 342 4338 eam
362 4289 452 4348 pridem
481 4293 614 4349 suspectam
679 4295 710 4338 47
727 4285 1047 4352 summasunmna·
1061 4281 1163 4328 eratteli

103 4355 241 4422 haberemus,
261 4365 384 4416 unquam
406 4351 468 4403 male
485 4361 570 4403 netem·
586 4369 614 4402 cx
647 4351 756 4402 Thracici
780 4369 864 4414 genus,
890 4355 1046 4414 pretoagum,
1066 4349 1162 4424 φωνὴ

704 4429 763 4484 D‘d
