3126 4978
419 187 517 256 arn.
537 193 689 284 ,xxxva
717 193 824 254 cnr.
839 191 957 254 xxxr.
1165 197 1224 272 aas

158 355 952 530 ΜΗΜΜΜ
968 340 1400 488 ΜΜΜΗΗΗΗ
1486 393 1492 399 ·

205 529 322 614 xxx.
346 529 406 602 nr.
423 530 554 610 scura,
585 531 724 610 veura
753 544 810 597 aut
839 553 992 598 ωιιιιι.
1015 531 1110 598 mirra
1139 513 1224 599 cirta

161 615 354 688 Heracleam
369 616 490 702 praeda,
502 631 672 705 postquam
686 639 746 683 nec
757 617 795 682 H
839 629 901 683 atae
915 631 1027 704 pacata
1040 637 1108 684 esse
1120 622 1223 686 coasi-

157 703 215 784 lia,
230 714 262 768 et
278 702 480 790 Naupactum
504 704 700 772 concurrisse
714 703 797 773 AEto
810 727 855 783 os,
870 717 908 769 ut
920 705 996 770 inde
1009 717 1112 771 totum
1133 706 1223 792 iupe-

160 802 231 864 tum
254 789 328 856 belli
350 790 548 867 sustinerent,
563 790 703 869 audivit3
724 791 890 877 praemisso
911 793 971 876 Ap.
985 790 1123 858 Claudio
1148 811 1235 858 cum-

158 887 297 963 quatuor
306 875 450 942 millibus
471 874 607 941 militum
629 877 671 944 ad
691 877 878 966 occupanda
897 876 987 965 juga,
1003 901 1067 964 qua
1080 876 1224 947 difficsses

157 963 309 1028 transitus
324 963 479 1028 montium
494 975 594 1043 erant,
610 963 677 1049 ipse
696 966 812 1030 Oiitam
832 963 1006 1040 adscendit,
1024 962 1242 1052 Herculique
1306 983 1309 990 ·

159 1049 349 1115 sacrificium
364 1048 437 1114 lecit
450 1049 485 1114 in
500 1071 539 1114 eo
556 1049 640 1128 loco,
655 1073 749 1137 quem
766 1050 895 1138 Pyram,
910 1050 998 1140 quod
1019 1050 1064 1115 ibi
1088 1052 1225 1116 mortale

159 1135 277 1220 corpus
296 1136 362 1222 ejus
377 1135 446 1220 Dei
455 1136 506 1206 sit¹
516 1149 701 1218 crematum,
716 1136 888 1222 adpellant.
910 1137 985 1202 inde
999 1149 1068 1202 toto
1082 1139 1223 1204 exercitu

158 1221 322 1308 profectus
336 1221 492 1310 reliquum
507 1222 569 1288 iter
590 1227 666 1288 satis
686 1223 837 1308 expedito
851 1224 978 1313 agmine
991 1222 1072 1306 fecit
1120 1223 1167 1290 Ut
1181 1223 1223 1290 ad

161 1307 316 1387 Coracem
339 1321 386 1373 est
407 1319 546 1386 ventum,
562 1314 667 1394 (mons
691 1325 738 1374 cst
763 1309 932 1376 altissimus
952 1310 1034 1380 inter
1049 1309 1232 1395 Callipolin¹

159 1406 193 1460 et
208 1395 426 1480 Naupactum)
440 1395 485 1460 ibi
499 1406 531 1460 et
539 1396 686 1482 jumenta
699 1398 800 1462 multa
817 1419 859 1462 cx
880 1397 1006 1482 agmine
1022 1397 1225 1546 praecipitata

159 1503 235 1548 curn
249 1481 325 1567 ipsis
338 1481 487 1546 oneribus
508 1495 593 1559 runt,
604 1495 636 1547 et
657 1481 802 1548 homiues
823 1482 939 1548 vexati.
984 1482 1048 1548 Et'
1060 1483 1121 1548 faci
1134 1505 1153 1548 e
1166 1483 1224 1550 ed·

158 1568 301 1654 parebat,
316 1589 411 1654 qnam
427 1587 500 1632 cum
514 1568 609 1636 inerti
622 1568 713 1634 hoste
727 1591 777 1634 res
790 1582 880 1648 esset,
895 1568 952 1657 qui
964 1580 1030 1634 tarn
1044 1569 1223 1655 inpeditum

160 1657 276 1720 saltum
302 1654 393 1720 nullo
416 1653 575 1738 praesidio,
604 1669 638 1720 ut
663 1654 826 1723 clauderet
847 1655 1030 1742 transitum,
1048 1654 1222 1724 insedisset.

158 1742 280 1806 99Τιιιιι
300 1762 428 1827 quoque
450 1753 564 1806 vexato
585 1741 736 1824 exercitu,
750 1742 791 1808 ad
815 1742 1019 1827 Naupactum
1040 1741 1365 1811 descenditccoarnc·
1407 1751 1408 1756 ’

159 1840 203 1904 et,
219 1826 427 1894 unocastello
440 1827 590 1894 adversus
612 1851 715 1894 arcem
739 1829 853 1916 posito,
869 1821 990 1896 ceteras·
1004 1840 1109 1915 partes
1124 1828 1221 1908 urbis,
1230 1831 1326 1910 ΜΝ
1337 1826 1381 1875 ⁰¹*

160 1913 271 1980 divisis
299 1913 399 2000 copiis
426 1935 487 1999 pro
515 1913 577 1980 situ
606 1915 773 1994 moeninm,
798 1915 1010 1982 circumsedit.
1032 1935 1092 1980 nec
1118 1896 1301 1994 mineum*

161 2000 266 2086 operis
281 1999 461 2087 laborisque
474 2023 513 2066 ea
524 2001 733 2090 obpugnatio,
749 2025 844 2089 quarn
862 2002 1042 2082 Heracleae,
1057 2001 1180 2068 habuit.

169 2135 172 2138 -
203 2087 338 2152 XXXI.
363 2085 487 2152 Eodem
504 2101 647 2174 tempore
666 2103 699 2154 et
719 2089 872 2168 Messene
888 2089 922 2153 in
947 2088 1171 2176 Peloponneso
1181 2091 1226 2156 ab

160 2173 303 2254 Achaeis,
318 2173 406 2260 quod
419 2174 545 2240 concilii
560 2197 670 2241 eorum
684 2188 843 2242 recusaret
852 2198 929 2258 esse,
944 2175 1124 2264 obpugnari
1139 2198 1227 2263 coep·

161 2273 196 2326 ta
210 2271 266 2326 est.
305 2260 432 2326 Etenim
448 2259 522 2326 duae
544 2261 694 2340 civitates,
712 2261 859 2328 Messene
873 2275 905 2328 et
921 2262 1001 2344 Elis,
1017 2275 1105 2328 extra
1120 2265 1227 2329 couci-
1296 2291 1297 2296 ¹
1381 2267 1384 2282 ⁴

160 2346 240 2414 lium
256 2347 434 2412 Achaicum
449 2359 559 2413 erant:
583 2370 655 2414 cum
672 2347 791 2414 AEtolis
805 2349 994 2416 sentiebant.
1019 2348 1090 2414 Elei
1105 2361 1224 2430 maren,

159 2446 235 2521 post
247 2433 391 2521 fugatum
407 2455 449 2498 ex
467 2433 596 2500 Graecia
611 2434 819 2514 Antiochum,
835 2435 947 2523 legetis
963 2433 1159 2501 Achaeorum
1180 2435 1224 2502 le·

88 2537 91 2546 ’
160 2520 234 2588 nius
262 2519 511 2605 responderantr
534 2521 655 2588 ἀίιιιίιιο
679 2523 834 2604 prasidio·
850 2522 947 2609 regio,
973 2523 1158 2610 cogitaturos
1182 2544 1225 2603 se,

160 2608 236 2694 qnid
257 2605 497 2689 sibisuciendum
518 2619 603 2673 esset.
648 2607 810 2686 Messenii,
828 2609 896 2674 aine
917 2630 1069 2694 responso
1090 2608 1226 2676 dimissis

159 2693 283 2782 legatis,
299 2706 463 2759 moverant
483 2692 624 2772 bellum
645 2695 824 2783 trepidique
841 2717 947 2760 rerum
969 2717 1107 2774 suarum,
1124 2717 1224 2780 quum

155 2783 226 2868 jam
240 2802 317 2868 ager
338 2779 438 2846 effuso
455 2780 597 2846 exercitu
619 2781 735 2865 passim
760 2791 916 2860 ureretur,
938 2795 1104 2866 castraque
1125 2802 1226 2866 prope

162 2868 276 2934 urbem
291 2868 368 2952 poni
389 2866 542 2944 viderent,
558 2865 678 2954 legatos
700 2866 885 2932 Chalcidem
908 2869 948 2934 ad
964 2867 1006 2932 T.
1023 2867 1225 2944 Quinctium,

161 2966 324 3020 auctorem
352 2953 518 3031 libertatis,
549 2953 715 3031 miserunt,
739 2955 795 3041 qui
820 2953 1021 3031 nunciarent,
1049 2951 1227 3020 Messenios

164 3039 331 3122 Romanis,
344 3059 409 3106 non
431 3039 574 3117 Achaeis,
590 3051 622 3106 et
642 3039 767 3125 aperire
787 3052 907 3127 portas,
923 3052 957 3105 et
976 3038 1094 3106 dedere
1115 3038 1227 3104 urbem
1269 3085 1272 3092 -

160 3140 289 3214 paratos
314 3149 391 3194 csse.
435 3126 564 3192 'Auditis
584 3127 615 3192 le
638 3127 707 3203 atis,
730 3127 893 3214 extemplo
917 3126 1076 3213 profectus
1102 3125 1228 3202 Quinc-

162 3215 236 3292 tius,
262 3237 282 3278 a
310 3212 510 3300 Megalopoli
532 3213 574 3279 ad
639 3212 809 3300 iophanem
835 3227 1006 3299 praetorem
1032 3210 1227 3278 Achaeorum

161 3300 259 3379 misit,
284 3301 339 3386 qui
364 3299 526 3382 extemplo
547 3299 701 3366 reducere
727 3321 799 3364 curn
823 3323 842 3364 a
866 3300 1014 3366 Messene
1042 3299 1226 3378 exercitum,

161 3399 195 3452 et
208 3387 316 3452 venire
329 3385 372 3450 ad
389 3409 422 3452 se
430 3385 569 3472 juberet.
613 3387 714 3453 Dicto
728 3386 834 3472 paruit
853 3386 1059 3474 Diophanes:
1082 3398 1125 3464 et,
1141 3385 1231 3454 aolu·.

161 3487 197 3541 ta
216 3472 392 3551 obsidione,
407 3471 577 3558 expeditus
599 3472 677 3558 ipse,
691 3495 885 3560 praegressus
907 3494 1034 3561 agmen,
1054 3472 1139 3538 circa
1157 3475 1227 3538 An-

161 3559 302 3638 daniam,
326 3582 460 3646 parvum
484 3559 648 3661 oppidum,
676 3561 758 3626 inter
782 3557 1014 3644 Megalopolim
1040 3558 1229 3626 Messenen·

161 3669 225 3749 que
240 3646 388 3731 positum,
405 3646 562 3724 Quinctio
576 3644 734 3725 obcurritr
758 3658 802 3728 et,
813 3665 912 3732 quum
927 3667 1050 3712 caussas
1060 3645 1228 3732 obpugna-

161 3733 259 3800 tronis
280 3746 463 3818 exponeret,
478 3731 667 3821 castigatum
687 3731 812 3814 leniter,
827 3730 914 3818 quod
935 3743 1066 3799 tantam·
1077 3753 1144 3808 rem
1160 3727 1229 3816 sine

161 3819 353 3887 auctoritate
381 3841 438 3885 aua
466 3830 598 3885 conatus
627 3829 717 3898 esset,
742 3819 902 3884 dimittere
926 3818 1102 3884 exercitum
1122 3819 1227 3904 jussit,
1273 3863 1275 3870 ι
1351 3837 1354 3840 ·

161 3928 344 3990 necpacem
359 3905 502 3972 omnium
518 3906 605 3970 bono
620 3917 745 3992 partam
760 3905 897 3971 turbere.
944 3904 1114 3971 Messeniis
1128 3907 1229 3990 impe·
1390 3909 1393 3920 '

162 3993 256 4074 revit,
272 4005 308 4059 ut
328 3991 451 4058 exsules
474 3992 673 4070 reducerent,
696 4004 728 4057 et
748 3991 944 4058 Achaeorum
967 3991 1093 4057 concilii
1116 4003 1228 4056 essent.

580 4171 593 4198 V
611 4165 645 4214 Μ
654 4166 728 4214 Gron.
740 4166 810 4215 Creu.

197 4320 229 4363 99
249 4313 312 4361 tum
322 4309 422 4378 qaoque]
433 4313 471 4362 Sic
483 4328 587 4376 quoqne,
599 4313 622 4361 id
633 4320 681 4374 ert,
714 4319 784 4362 xatus
795 4320 874 4362 mmen
891 4313 1061 4360 exercitarent.
1076 4312 1174 4360 rutra
1184 4311 1231 4359 ita‘-

164 4379 276 4439 quamvis
293 4379 354 4432 nulli
371 4381 451 4428 horter
468 4385 627 4437 occurrerent,
642 4393 682 4426 ue·
715 4394 761 4440 que
773 4379 908 4428 Gronovius
919 4393 962 4440 pro
974 4384 1026 4426 tum
1036 4378 1082 4440 legi
1090 4376 1161 4437 jubet
1171 4383 1231 4426 ram.

748 4455 801 4506 84
