3126 4978
398 191 494 252 nrn
522 177 684 252 xxxvn.
712 188 975 250 oae.xxv11;
1154 193 1217 271 aot

154 349 220 418 dim
232 351 344 418 'classis
361 355 448 422 circa
463 353 586 421 Patara'
598 351 676 434 esse,
689 351 724 420 et'
738 353 913 420 Eumenem
936 351 1043 444 regem
1056 347 1134 420 oum
1147 348 1255 422 omn.
1267 368 1295 421 c
1307 373 1364 426 roa:

153 441 250 506 nibus
264 441 473 506 navibussuis
487 442 607 508 consuli
624 441 749 507 obviam
771 442 805 504 iu
822 439 1073 526 Hellespontum*
1092 440 1255 528 prosae-iL
1267 440 1293 488 ⁰·
1308 445 1362 488 ¹⁹⁰·

154 537 223 592 tum
240 525 393 593 audierat.
415 527 533 614 aliquid
549 529 645 594 etiam
668 527 798 592 inflabat
819 526 942 592 animos
955 526 1061 592 classis
1077 526 1217 607 Rhodia,

154 611 198 676 ad
225 613 355 678 Samum
385 635 441 699 per
466 615 662 680 occasionem
687 613 799 678 fraude
823 617 1034 698 praeparatam
1059 613 1218 680 absumta

92 764 96 780 ,
157 697 224 764 His
239 699 345 777 fretus,
364 701 561 786 Polyxenida
581 723 654 766 cum
676 701 773 766 classe
786 699 828 765 ad
851 699 1034 766 tentandam
1048 702 1136 764 omni
1151 721 1220 768 mo-

155 783 200 849 do
222 787 402 851 certaminis
427 789 588 852 fortunam
603 788 718 868 misso,
734 789 801 872 ipse
822 787 928 870 copias
947 787 989 851 ad
1005 785 1137 859 Notium
1160 789 1220 852 du-

98 891 100 896 *
154 871 219 939 cit:
242 872 274 936 id
297 873 450 959 oppidum
467 873 549 938 Colo
572 875 716 949 huniam,
733 872 813 938 mari
828 871 1003 948 inminens,
1021 875 1108 942 abest
1129 897 1149 938 a
1166 869 1219 938 vez

156 969 225 1022 tere
241 957 429 1046 Colophone
450 959 517 1026 duo
538 897 636 1025 ielme
657 959 755 1024 millia
777 980 941 1042 passuum:
964 959 1031 1024 ⁷⁰ct
1049 960 1150 1046 ipsam
1165 978 1220 1024 ur-

142 1043 235 1109 bem
251 1068 317 1110 suae
342 1069 408 1111 esse
431 1047 594 1132 potestatis
615 1046 750 1122 volebat,
774 1045 855 1110 adeo
876 1045 1087 1130 propinquam
1110 1045 1219 1132 Ephe·

154 1153 203 1210 so,
219 1146 253 1196 ut
266 1132 346 1196 nibil
361 1135 446 1198 terra
460 1133 580 1198 marive
596 1147 717 1220 ageret,
732 1131 819 1218 quod
839 1153 905 1195 uon
928 1131 1104 1218 subjectum
1119 1133 1220 1198 oculis
1303 1131 1306 1140 “

155 1217 443 1303 Colophoniorum,
458 1241 497 1284 ao
511 1241 569 1304 per
583 1241 636 1284 ecs
651 1232 762 1284 notum
778 1217 939 1303 extemplo
957 1219 1110 1283 Romanis
1123 1234 1219 1285 esset:

154 1327 246 1390 quoe,
268 1304 376 1370 audita
397 1304 573 1382 obsidione,
596 1327 660 1370 non
685 1304 851 1369 dubitabat
871 1303 912 1368 ad
938 1326 1031 1390 opem
1053 1304 1218 1370 ferendam

153 1391 250 1455 sociae
265 1391 337 1455 urbi
352 1391 479 1456 classem
495 1415 515 1456 a
531 1394 628 1457 Samo
650 1405 802 1457 moturos.
824 1409 894 1455 eam
909 1391 1105 1456 occasionem
1123 1392 1218 1479 Poly·
1313 1409 1314 1412 ’

155 1476 284 1542 xenidae
306 1477 345 1542 ad
369 1499 434 1542 rem
456 1478 628 1566 gerendam
653 1478 729 1543 fore.
783 1477 1071 1563 Igitursoperibus
1094 1478 1346 1566 obpug-colopto-

153 1584 233 1631 nare
254 1563 364 1628 urbem
381 1563 556 1652 adgressus,
578 1578 610 1630 et
631 1565 672 1629 ad
696 1567 782 1628 mare
804 1563 948 1648 partibus
962 1563 1086 1628 duabus
1100 1560 1379 1649 pertranseunte·

153 1649 385 1716 munitionibus
406 1651 558 1730 deductis,
580 1650 740 1738 utrimque
763 1652 869 1715 vineas
890 1663 922 1715 et
987 1672 1095 1736 geram
1116 1632 1277 1716 'murum'

134 1735 302 1822 injunxit,
322 1750 358 1801 et*
373 1737 617 1804 ⁸⁰testudinibus
636 1738 749 1803 arictes
773 1737 923 1802 admovit.
1004 1737 1095 1802 uibus
1117 1738 1219 1803 territi

152 1823 247 1888 malis
269 1822 462 1909 Colophonii
487 1838 626 1889 oratores
651 1825 780 1890 Samum
803 1822 843 1888 ad
868 1823 907 1889 L.
924 1821 1102 1905 AEmilium,
1122 1823 1219 1890 fidem

152 1911 302 1994 praetorie
323 1911 496 1998 populique
518 1911 656 1977 Romani
678 1910 885 1996 inplorantes,
901 1909 1066 1974 miserunt.
1112 1909 1221 1974 AEmi-

153 1995 233 2076 lium
247 2009 280 2062 et
296 1997 383 2063 Sami
404 1998 508 2082 segnis
522 1997 578 2062 diu
602 2019 691 2062 mora
712 1995 913 2073 oblendebat,
928 1995 1008 2060 nihil
1032 1997 1135 2061 minus
1149 1997 1219 2084 opi-

154 2095 295 2160 nantem,
311 2106 407 2170 quam
430 2084 668 2172 Polyxenidam,
684 2083 733 2147 bis
754 2083 967 2170 nequidquam
992 2081 1033 2148 ab
1055 2105 1088 2147 se
1106 2105 1220 2169 provo-
1262 2111 1264 2126 ·

151 2182 268 2247 cetum,
285 2183 470 2256 potestatem
480 2183 604 2258 pugnae
626 2169 781 2234 lecturum
798 2192 883 2234 esse:
908 2182 941 2233 et
954 2183 1046 2255 turpe
1060 2171 1220 2236 existima-

69 2279 74 2300 ¹
152 2257 219 2333 bat,
237 2256 390 2321 Eumenis
410 2257 538 2323 classem
564 2257 712 2342 adjuvare
731 2255 892 2320 consulem
908 2255 949 2320 ad
971 2255 1169 2342 trajiciendos
1185 2257 1219 2321 in

153 2343 265 2408 Asiam
289 2343 446 2444 legionem
468 2365 501 2407 se
521 2343 719 2428 Colophonis
741 2345 876 2406 obseesae
896 2342 1028 2420 auxilio,
1043 2343 1220 2408 incertam⁸

152 2429 251 2494 finem
266 2429 425 2509 uenturo,
440 2429 585 2514 adligari.
608 2428 773 2494 Eudamus
791 2427 946 2506 Rhodius,
959 2429 1013 2515 qui
1029 2440 1060 2494 et
1074 2441 1221 2496 tenuerat

150 2537 226 2582 eum
244 2515 341 2594 Sami,
357 2516 534 2602 cupientem
557 2516 714 2602 proficisci
729 2517 762 2580 in
779 2515 1034 2600 Hellespontum,
1050 2517 1221 2602 cunctique
1281 2563 1287 2572 -

150 2603 270 2671 instare
282 2616 316 2668 et
329 2603 445 2684 dicere,
463 2606 587 2678 Quanto
600 2605 698 2670 satim
712 2625 782 2680 esse,
799 2605 847 2667 uel
867 2604 962 2668 socios
983 2603 1140 2669 obsidione
1153 2606 1220 2670 eei-
1256 2620 1258 2626 ’

150 2711 243 2767 mere,
258 2692 306 2754 uel
319 2692 428 2754 uictam
440 2689 512 2774 jam
530 2692 620 2754 semet
641 2693 762 2754 clasem
778 2691 887 2752 iterum
902 2691 1049 2766 nancaei,
1066 2700 1221 2774 totamque

149 2779 249 2841 maris
256 2778 472 2859 possessionem
486 2777 568 2840 hosti
581 2778 710 2859 erepere,
726 2797 828 2858 quum,
843 2776 969 2839 desertis
982 2777 1082 2853 sociis,
1098 2779 1220 2840 tradita

151 2863 306 2927 Antiocho
321 2862 400 2927 Asia
414 2864 499 2926 terra
515 2863 662 2946 marique,
678 2863 713 2925 in
728 2861 969 2942 Hellespontum,
984 2860 1038 2924 udi
1054 2864 1131 2926 sutis
1144 2873 1220 2928 estet

152 2951 302 3014 Eumenis
315 2949 429 3026 classis,
446 2948 486 3010 ad
498 2970 553 3012 rata
563 2957 659 3030 parte
672 2948 746 3012 betti
759 2947 934 3011 discedere?

196 3034 342 3100 XXVII.
367 3033 505 3106 Profecti
519 3034 559 3098 ab
577 3035 673 3098 Samo
688 3032 729 3097 ad
752 3031 906 3118 petendos
920 3035 1127 3115 commeatus,
1142 3055 1219 3098 con-

58 3133 62 3144 '
151 3121 342 3206 sumtisjam
358 3120 517 3198 omnibus,
535 3119 652 3185 Chium
671 3119 824 3205 parabant
839 3120 991 3206 trajicere.
1013 3119 1048 3184 id
1062 3133 1131 3184 erat
1143 3119 1219 3184 hor·

151 3229 242 3272 reum
260 3207 431 3283 Romanis3
454 3230 492 3272 eo
514 3229 554 3272 ue
577 3229 688 3271 omnes
702 3229 744 3271 ex
762 3204 856 3270 Italia
878 3207 981 3270 missae
998 3207 1156 3272 'onerariae
1170 3207 1220 3272 di-

149 3295 178 3360 ri
220 3293 298 3360 bant
312 3315 450 3358 cursum·
493 3229 707 3358 iiircumvecti
730 3293 770 3358 ab
793 3286 873 3358 urbe
887 3291 964 3376 ⁸}ad
984 3315 1092 3358 aversa
1106 3293 1220 3359 insulae

124 3423 128 3430 .
152 3386 187 3468 (o
205 3381 291 3466 jecta
311 3379 452 3468 aquiloni
475 3379 516 3444 ad
533 3379 650 3445 Chium
671 3393 703 3445 et
718 3379 874 3466 Erythras
894 3377 986 3463 sunt)
1004 3401 1103 3466 quum
1125 3400 1218 3466 para·

149 3481 224 3533 rent
238 3467 393 3554 trajicere,
409 3466 506 3530 literis
528 3468 643 3531 certior
655 3465 699 3531 'fit
716 3477 847 3552 praetor,
863 3465 1015 3531 frumenti
1039 3465 1103 3530 viru
1129 3489 1219 3556 mag-

151 3576 226 3619 nam
258 3554 377 3619 Chium
413 3575 454 3617 ex
487 3552 579 3616 Italia
612 3553 748 3629 venisse;
782 3553 891 3618 vinum
928 3566 1090 3638 portantes
1124 3576 1219 3620 naves

150 3639 389 3726 tempestatibus
411 3652 547 3704 retentas
569 3661 645 3706 esee.
691 3639 794 3704 Simul
817 3639 957 3706 adlatum
977 3651 1034 3716 est,
1051 3639 1148 3722 Teios
1169 3663 1219 3706 re-

149 3728 215 3816 giae
240 3726 329 3791 classi
351 3726 489 3812 benigne
513 3738 706 3792 commeatus
732 3725 923 3810 praebuisse3
954 3725 1220 3814 quinquemillia

137 3821 297 3878 ‘vasorum
312 3812 377 3877 vini
393 3835 458 3876 esse
472 3811 652 3897 pollicitos(
687 3811 792 3878 Teum
808 3835 847 3877 ex
861 3813 967 3879 medio
981 3835 1074 3878 cursu
1090 3813 1216 3880 classem
1227 3831 1339 3880 muita·
1386 3826 1392 3835 “

149 3913 282 3986 repente
302 3901 425 3978 avertit,
442 3913 495 3962 aut
511 3898 689 3963 uolentibus
711 3898 749 3962 iis*
771 3921 883 3964 usurus
905 3915 1084 3965 commeatu
1107 3897 1380 3985 paratoTeemrcit

350 4058 364 4100 t
376 4057 493 4104 incertum
505 4056 572 4102 Creu.
639 4052 755 4102 hatnoen
765 4055 853 4102 namn
864 4056 941 4103 Grau.
953 4057 1021 4103 Crer.

185 4199 216 4242 79
233 4191 271 4237 Et
287 4192 365 4252 iprum
381 4186 471 4252 radun]
492 4187 668 4250 Colopbom,
701 4188 828 4250 pellebant.

125 4261 127 4266 '
151 4265 179 4306 ot
191 4263 257 4318 patet
268 4271 297 4302 ex
307 4257 336 4302 iir
347 4270 399 4316 quta
411 4260 548 4315 sequuntur.
735 4260 762 4300 tt
781 4253 825 4300 Ad
830 4268 914 4300 aenon
922 4250 1018 4312 inacte]
1030 4252 1067 4298 Ad
1079 4256 1169 4313 partem
1181 4251 1217 4300 in·

185 4323 238 4369 80*
248 4318 427 4374 Testudinilrul
443 4321 495 4380 Qpc
511 4319 669 4375 testudinum,
702 4321 759 4366 sulae
771 4318 834 4366 Sami
847 4331 950 4364 arenam
962 4317 993 4364 ab
1004 4317 1067 4364 urbe.

150 4389 196 4436 rub
209 4388 295 4448 quibua
313 4386 419 4433 latebant
434 4386 502 4444 liqui
519 4385 615 4432 arietem
626 4385 668 4430 lm-
