3104 4976
411 179 505 240 nte.
527 177 671 243 XXXIV.
698 177 800 238 CAP.
821 177 922 239 LXII.
1140 184 1194 244 187

131 365 198 412 rum
212 350 373 431 uagantem
385 344 468 408 cirea
485 346 630 431 eprenos,
640 351 880 430 persequeretur,
890 344 1038 428 precario
1048 343 1088 408 ab
1096 367 1127 410 se
1137 345 1198 409 iter
1206 359 1238 408 tt.
1247 359 1275 408 c.
1286 365 1344 410 sss.

124 453 268 518 pereum
279 433 376 514 ipsum
390 451 508 514 agmen,
524 441 677 515 tamquam
692 432 776 495 houd
788 431 879 494 dubie
888 431 1197 515 Karthaginiensium
1205 427 1274 477 Μ·
1289 432 1341 476 ¹9³·

119 518 220 604 piaris,
232 520 370 602 petisset.
415 516 567 582 Numidae
582 527 611 582 et
626 520 664 582 de
675 519 895 581 terminatione
909 517 1061 600 Scipionis
1071 519 1198 582 mentiri
1278 533 1284 542 ’

131 627 182 670 eos
197 602 391 692 arguebant:
414 613 454 680 et,
469 605 498 669 si
512 605 695 688 quieveram
710 604 859 689 originem
863 602 951 688 juris
966 605 1088 688 erigere
1098 606 1197 679 uellet,

133 686 219 776 quem
227 691 390 774 proprium
404 711 512 774 agrum
526 691 834 774 Karthaginiensium
848 692 883 754 in
897 690 1012 775 Africo
1023 695 1108 755 esse?
1133 690 1199 754 Ao-

134 779 228 855 oeuis,
240 775 266 815 ¹²
274 785 418 862 quantum
432 785 511 840 secto
525 776 608 841 bouis
621 785 708 860 tergo
718 777 861 860 amplecti
874 779 935 840 leci
942 777 1111 860 potuerint,
1126 786 1198 841 ton-

133 874 195 928 tum
209 864 254 927 ad
266 863 366 926 urbem
380 863 637 926 communiendam
654 865 802 945 precario
815 864 930 928 dutrrm.
953 864 1104 947 quidquid
1118 865 1199 948 Byr·

132 971 198 1014 som
218 951 423 1014 sedem‘suom
444 951 634 1025 excesserint,
645 951 678 1012 oi
691 958 783 1033 atque
802 947 921 1032 injurio
934 959 1062 1033 portum
1075 950 1198 1015 labne.

136 1035 271 1120 ¹³Neque
284 1046 375 1114 eum²,
384 1036 422 1098 de
433 1055 492 1118 quo
503 1044 626 1120 agatur,
636 1035 773 1118 probare
786 1057 836 1099 eos
843 1057 944 1120 posse,
956 1057 1017 1100 non
1028 1038 1114 1100 modo
1124 1057 1198 1100 sem-
1304 1085 1308 1098 .

129 1144 200 1205 per,
216 1143 255 1186 eu
268 1141 327 1206 qno
340 1121 498 1205 ruperint,
513 1122 567 1185 sed
584 1141 623 1185 ne
642 1123 699 1186 dia
712 1123 831 1206 quidem
846 1142 896 1187 eos
912 1124 1089 1206 possedisse.
1133 1124 1199 1186 Per

133 1209 389 1292 opportunitates,
405 1227 485 1272 nune
507 1208 589 1288 illos,
611 1229 690 1271 nune
709 1231 794 1294 reges
809 1208 1025 1289 Numidomon,
1040 1229 1200 1292 usurpasse

123 1294 201 1378 jus:
224 1315 397 1378 semperque
408 1315 501 1378 penes
515 1315 581 1357 eum
600 1295 815 1378 possessionem
825 1294 940 1380 fluisse,
955 1297 1009 1380 qui
1016 1297 1090 1380 plus
1104 1297 1199 1360 arinis

127 1382 290 1464 potuisset.
338 1379 429 1466 Cujen
446 1380 632 1445 venditionis
646 1402 696 1444 res
696 1381 816 1466 fierit,
825 1383 1006 1466 prinsquam
1020 1383 1118 1446 hostes
1132 1383 1199 1446 Ito-

133 1468 235 1532 manis
247 1467 537 1551 Karthaginienses,
551 1468 650 1533 socius
668 1475 761 1552 atque
783 1469 896 1534 omines
917 1489 974 1531 ren
996 1469 1199 1532 Numidarum

135 1563 220 1629 esset,
236 1551 300 1638 eires
318 1555 454 1618 sinerent
472 1575 551 1618 csse:
572 1575 627 1617 nec
642 1575 675 1618 se
693 1555 1006 1638 receperuntque
1022 1555 1131 1631 minus,
1146 1557 1200 1638 qni
1313 1577 1321 1600 ·

128 1648 425 1722 peremturum.
460 1638 661 1724 Responderi
670 1638 780 1727 legatis
792 1639 890 1705 utrius
913 1639 1059 1724 nepertia
1070 1639 1198 1724 placuit,

135 1725 285 1790 missuros
299 1725 379 1790 sein
395 1723 547 1804 Africam,
564 1725 618 1808 qui
632 1726 716 1790 inter
729 1723 883 1811 populum
934 1724 1199 1814 urthaginiensem

135 1825 167 1876 et
182 1833 289 1900 regem
305 1814 338 1876 in
354 1833 388 1876 re
401 1811 551 1896 praesenti
564 1811 786 1898 disceptarent.
831 1810 925 1876 Missi
941 1812 979 1876 P.
994 1812 1103 1897 Scipio
1114 1811 1201 1876 Afri·

136 1919 245 1976 canus,
268 1911 300 1964 et
323 1897 362 1964 C.
379 1897 548 1963 Cornelius
570 1898 742 1986 Cethegus,
765 1913 797 1964 et
819 1897 869 1969 M.
886 1896 1050 1964 Minucius
1078 1896 1362 1989 uolumenum..

136 1984 246 2050 audita
274 1985 478 2072 Inspectsque
506 2005 552 2060 re,
582 2007 733 2070 suspensa
761 1986 877 2062 omnia,
901 1997 1016 2050 neutro
1043 1978 1356 2055 inclinatistwfllffl·

136 2071 307 2148 sententiis,
323 2072 487 2157 reliquere.
532 2071 572 2136 Id
585 2082 694 2136 atrum
709 2093 766 2136 sua
787 2085 900 2156 sponte
913 2071 1055 2153 fecerint,
1070 2094 1111 2136 en
1127 2055 1363 2159 quiumm

138 2157 323 2234 mundatum
349 2159 393 2223 ita
417 2156 521 2234 inerit,
547 2179 612 2221 non
637 2170 702 2222 tum
732 2172 853 2222 certum
878 2171 934 2236 est,
959 2179 1052 2244 qnam
1077 2157 1202 2224 videtur
1229 2169 1231 2174 “

139 2246 275 2329 tempori
304 2259 414 2328 aptum
442 2241 548 2322 fnisse,
575 2241 733 2330 1⁴integro
762 2245 935 2310 certamine
967 2267 1020 2310 eos
1054 2244 1200 2333 relinqui.
1267 2273 1269 2278 ·

140 2329 292 2408 Nmn„ni
314 2331 359 2394 ita
379 2342 469 2408 esset,
485 2351 566 2395 nnus
588 2329 706 2414 Scipio,
722 2330 770 2395 uel
792 2330 905 2394 notitia
920 2329 976 2409 rel,
992 2331 1042 2394 vel
1064 2334 1201 2396 unctori-

137 2429 211 2495 tute,
224 2418 268 2482 itu
282 2416 323 2481 de
337 2417 477 2504 utrisque
492 2415 634 2500 meritus,
644 2415 736 2482 finire
747 2427 827 2482 nutu
836 2416 1096 2502 disceptationem
1109 2431 1203 2504 potu·

138 2504 225 2571 isset.
953 2523 960 2538 ‘

545 2587 550 2602 ”
581 2610 670 2658 ¹enim
680 2611 756 2660 Gron.

174 2743 226 2792 12⁸
233 2743 426 2800 Qumtumseete
434 2743 498 2791 tenir
505 2740 655 2807 tergo]lem·
721 2750 751 2794 18
768 2745 851 2808 Neque
862 2761 916 2793 um
924 2746 952 2792 de
963 2760 1007 2808 quo
1018 2740 1120 2806 agatur]
1135 2745 1203 2793 Eum

140 2811 229 2857 dudum
241 2808 283 2855 illu
294 2808 380 2856 inbelle
389 2823 405 2856 a
415 2809 490 2857 doctis
502 2809 653 2872 exploserat.
687 2825 777 2872 agrum.
799 2811 877 2868 Vulgo
890 2810 1032 2870 hiclegitnr,
1040 2825 1113 2871 neqsm
1121 2813 1200 2856 enims

141 2875 211 2922 l’oeni
225 2879 367 2922 receserunt
383 2875 486 2936 primum
504 2874 583 2923 lacum
599 2890 614 2923 u
629 2890 655 2923 ss
686 2877 755 2924 mele.
782 2874 1128 2931 montemmaranum,
1140 2879 1202 2922 terte

141 2939 315 2988 communitum
343 2941 432 2999 Basra,
453 2941 478 2988 ic
502 2945 549 2999 att,
570 2955 655 2993 neem.
686 2944 739 2990 tra.
758 2941 896 2989 Groaorio:
919 2944 944 2988 et
960 2940 1081 2987 conseant
1095 2939 1201 2987 Victori·

142 3007 229 3063 orco,
242 3005 305 3067 opud
324 3018 384 3066 quos
402 3007 487 3054 littere
502 3021 515 3054 r
530 3011 655 3055 etenum
686 3021 741 3054 nus.
774 3007 820 3056 Sul
831 3012 856 3054 et
865 3008 892 3054 in
902 3006 1203 3067 iisquoesequuntumuo

127 3084 213 3131 -quum
235 3071 421 3131 ,continuantem
448 3071 559 3136 disemnt
577 3072 656 3138 enee.
688 3073 854 3121 Grammaticre
878 3072 994 3134 postulet,
1015 3077 1044 3118 nt
1065 3071 1158 3132 legatur
1179 3087 1203 3117 se
1290 3129 1298 3138 ἢ

141 3150 195 3196 que
210 3149 255 3183 vox
272 3149 345 3197 quum
363 3137 472 3199 desIgnet
483 3141 583 3197 corium,
601 3139 654 3186 Inde
684 3140 822 3200 meriture,
833 3152 934 3186 moneor.

142 3202 458 3315 przprgrtteertlepideillr
470 3201 656 3254 mutieres·
688 3207 881 3316 htt⁸1ntegro
900 3199 1042 3267 certamine]
1068 3201 1203 3269 Injndiestu

142 3267 244 3344 tofosis
280 3281 330 3332 rgo.
698 3269 739 3319 'tn
772 3309 774 3314 .
