3042 4954
160 385 192 436 U.
200 386 228 432 0.
241 391 297 434 toa.

326 212 364 264 ιο
419 207 421 214 ’
729 175 842 264 surr
869 203 1008 266 nrum

320 369 432 450 repenti
444 367 549 434 aaran
564 365 682 447 debere,
696 388 752 432 nec
764 389 828 434 cum
843 369 911 434 alic
926 367 1062 452 pentonia
1080 368 1211 432 misceri.
1232 369 1315 453 quod
1326 368 1392 434 nisi

159 452 227 501 nu
240 458 296 502 aco.
308 455 434 542 sactum
449 464 534 530 esset,
550 464 649 523 votum
670 455 733 518 rite
752 456 830 518 solui
843 476 904 520 non
917 477 1017 538 posse.
1061 455 1263 540 Quamquam
1279 468 1312 518 et
1325 476 1388 534 res,

319 552 353 606 et
366 553 478 608 auctor
492 540 648 619 movebat,
663 551 769 606 tamen
785 539 827 606 ad
850 539 1018 632 collegium
1041 540 1228 625 ponn'ficum
1242 539 1390 606 ¹'referre

320 626 432 696 consul
447 628 565 714 jussus,
586 629 612 690 si
633 639 742 712 posset
763 638 848 694 recte
874 639 982 693 votum
1002 627 1133 694 incertae
1155 628 1299 712 peounim
1321 649 1390 691 sne

319 713 395 799 cipi.
424 711 526 800 posse,
554 713 732 800 rectiusque
756 715 851 782 etiam
881 725 960 792 esse,
979 713 1145 800 pontifices
1170 713 1390 780 decreverunt.

321 801 419 866 Vovit
441 802 473 866 in
497 801 605 866 eadem
627 801 722 866 verba
743 799 864 879 consul,
879 813 1043 888 proeeunte
1064 801 1205 867 maximo
1225 799 1390 886 pontifice,

320 887 436 974 quibus
449 900 542 954 antea
556 886 836 974 ⁴4quinquennalia
852 902 927 954 vota
940 888 1057 974 suscipi
1071 887 1163 954 solita
1178 891 1284 954 erant:
1294 893 1296 898 “
1305 909 1391 972 proe-

321 987 465 1062 terquam
487 973 573 1060 quod
595 984 684 1040 tanta
708 974 854 1060 pecnnia,
878 988 1029 1060 quantam
1054 988 1137 1053 tum,
1161 997 1261 1060 quum
1277 977 1391 1038 solve-

320 1073 418 1142 retur,
445 1074 572 1126 senatus
602 1061 788 1139 censuisset,¹
810 1061 902 1126 ludos
931 1061 1079 1148 donaque
1107 1059 1265 1126 moturum
1290 1063 1390 1126 vovit.

320 1146 432 1215 Totiea
445 1145 600 1214 anteludi
616 1148 725 1236 magni
740 1147 781 1213 de
795 1160 882 1214 certa
896 1149 1031 1234 pecunia
1045 1147 1111 1213 uoti
1125 1158 1234 1213 erasit:
1258 1147 1280 1212 ii
1295 1147 1393 1234 primi

284 1251 288 1266 ⁴
321 1233 363 1302 dc
377 1235 509 1304 ineerta

159 1414 265 1463 Galliena
274 1419 314 1462 ln·

159 1482 258 1540 multus,

159 1552 255 1594 anctore
262 1547 313 1596 Ha·

158 1613 261 1663 mssoera.

362 1317 405 1390 X.
430 1321 587 1388 Omnium
610 1320 724 1386 animis
746 1320 780 1384 in
803 1319 923 1386 bellum
947 1319 1193 1386 Macedonicum
1218 1321 1324 1398 versis,
1339 1342 1392 1384 re-

319 1420 415 1494 pente
436 1407 518 1474 nihil
540 1407 645 1472 minus
666 1430 705 1474 eo
726 1419 870 1492 tempore
883 1407 1079 1485 timentibus,
1095 1406 1213 1472 Gallici
1235 1405 1392 1472 tumultus

320 1493 405 1560 fama
428 1507 540 1560 exorta
556 1507 611 1558 eet.
658 1493 817 1572 Insubres,
841 1493 1094 1579 Cenomanique,
1117 1505 1149 1558 et
1172 1493 1254 1571 Boii,
1277 1493 1408 1558 excitis·

320 1580 467 1668 l⁵Salyia
486 1580 712 1669 Ilvatibusque,
730 1594 763 1647 et
781 1581 892 1646 ceteris
911 1579 1086 1666 Ligustinis
1107 1579 1243 1665 populis,
1262 1579 1393 1645 Hamil-

320 1689 393 1736 uara
416 1668 520 1736 Poeno
541 1667 636 1746 duce,
658 1668 713 1754 qui
735 1668 769 1732 in
788 1667 826 1732 iis
847 1668 924 1732 locis
945 1667 986 1732 de
1010 1665 1224 1732 Hasdrubalis
1246 1666 1393 1733 exercitu

318 1755 513 1832 substiterat,
530 1753 726 1820 Placentiam
744 1756 939 1818 invaserant:
964 1764 1008 1830 et,
1023 1753 1150 1838 direpta
1167 1752 1256 1830 urbe,
1271 1774 1309 1818 ao
1331 1773 1393 1838 pec

318 1841 400 1910 iram
416 1863 533 1926 magna
546 1863 587 1906 ex
604 1853 692 1924 parte
706 1842 845 1916 incensa,
858 1842 909 1906 vix
924 1839 1051 1906 duobus
1065 1839 1207 1905 millibus
1220 1837 1391 1904 bominum

319 1928 403 1994 inter
424 1925 572 1992 incendia
593 1927 766 2014 ruinasque
789 1927 916 2004 relintin
932 1927 1065 2012 trajecto
1082 1926 1173 1994 Pado
1191 1927 1233 1992 ad
1255 1925 1408 2004 Cremm,

319 2033 393 2080 nam
409 2013 622 2098 diripiendam
636 2028 783 2100 pergunt.
829 2014 954 2078 Vicinae
970 2007 1057 2078 urbia
1075 2013 1183 2094 audita
1197 2012 1302 2078 clades
1316 2035 1392 2098 spa·

319 2099 400 2166 tium
414 2099 535 2167 colonis
546 2099 635 2164 dedit
644 2099 684 2164 ad
696 2099 888 2166 claudendas
898 2111 1017 2186 portas,
1026 2099 1240 2187 praesidiaque
1250 2121 1307 2184 per
1318 2121 1393 2165 mu·

319 2207 373 2254 rus
394 2185 610 2271 disponenda3
632 2186 699 2252 ⁴⁶ut
721 2186 942 2252 obsiderentur
963 2195 1068 2251 tamen
1091 2187 1191 2272 prius,
1214 2207 1314 2272 quam.
1331 2209 1393 2251 ex-

318 2285 550 2362 pugnarentur,
562 2274 760 2360 nuntiosque
775 2275 937 2339 mitterent
951 2273 992 2338 ad
1007 2286 1178 2358 praetorem
1195 2273 1393 2339 Romanum.

320 2359 361 2428 L.
379 2359 406 2426 F
408 2360 496 2430 urina
511 2361 680 2446 Purpureo
694 2363 778 2426 tumd
793 2360 965 2445 provincia
987 2375 1142 2444 praecrat:
1166 2373 1273 2424 cetero
1287 2382 1326 2423 ex
1341 2383 1392 2424 se·

267 2447 277 2516 '.
319 2448 559 2514 uatusconsulto
585 2448 736 2534 exercitu
751 2447 891 2525 dimisso,
913 2447 1194 2549 praettert'qninque
1220 2446 1317 2511 millia
1338 2467 1393 2510 so-

318 2533 403 2600 ciium
426 2557 466 2600 an
481 2534 589 2600 Latini
611 2534 760 2610 nominis,
776 2554 849 2599 cum
866 2535 903 2598 iis
918 2535 1018 2618 copiis
1040 2557 1072 2598 1n
1095 2555 1242 2618 proxuma
1259 2533 1392 2619 regione

319 2621 493 2704 provinciae
505 2621 590 2686 eirca
605 2621 788 2686 Ariminum
803 2621 995 2686 substiterat.
1026 2622 1056 2684 ls
1071 2632 1138 2684 tum
1155 2619 1276 2684 senatui
1290 2621 1392 2705 scrip·

318 2707 371 2786 sit,
380 2729 444 2793 quo
460 2709 492 2772 in
507 2709 646 2777 tumultu
661 2708 827 2793 provincia
838 2722 929 2774 esset.
954 2709 1097 2772 Duarum
1111 2709 1309 2795 coloniarum,
1322 2728 1394 2791 quae

318 2795 476 2878 ingentem
492 2797 579 2860 illam
600 2805 804 2879 tempestatem
818 2797 935 2876 Possim
949 2795 1022 2858 belli
1034 2793 1296 2880 mbterfngissent,
1312 2795 1393 2858 alte·

318 2903 387 2944 ram
401 2891 524 2968 captam
539 2905 577 2946 ac
591 2884 744 2960 direptam
760 2883 799 2945 ab
813 2883 956 2958 nostibus,
972 2883 1102 2946 alteram
1114 2881 1297 2966 obpugnari.
1323 2880 1393 2944 Nec

318 2969 354 3038 in
377 2971 511 3036 exercitu
532 2991 586 3036 suo
605 2972 683 3034 sutis
699 2971 847 3052 Jmaesidii
869 2970 982 3032 colonis
1004 2966 1216 3030 laborantibus
1224 2967 1312 3050 scre,
1328 2968 1395 3043 nisi

319 3057 566 3142 quinquemillia
581 3056 692 3120 socitim
710 3056 922 3138 quadraginta
937 3053 1070 3116 millibus
1090 3053 1220 3118 hostiam
1238 3055 1297 3134 (tot
1310 3054 1392 3118 enim
1407 3069 1416 3090 ‘

705 3175 773 3240 dqus'
783 3175 842 3224 tueri
847 3179 921 3226 Grou.
934 3177 1003 3224 Grae.

318 3297 420 3342 veantur
439 3294 499 3352 ludi,
509 3294 560 3354 jam
579 3291 667 3354 publici
686 3289 762 3342 aerarii
779 3305 837 3340 nana
870 3293 933 3340 iuter
949 3291 1093 3340 Rhodanum
1110 3293 1135 3337 et
1151 3290 1225 3352 Alpes
1241 3291 1391 3348 incolebant,

318 3359 344 3409 in
356 3359 447 3408 bellum
458 3359 538 3406 nullm
548 3359 602 3406 erit.
870 3359 930 3406 nihil
952 3358 1000 3406 huc
1021 3357 1151 3418 pertinent.
1185 3357 1310 3406 Cluverius
1331 3356 1393 3416 lega

351 3431 382 3472 tn
400 3423 500 3487 Referre
514 3424 730 3484 masuljusauma'
745 3421 837 3488 posset]
869 3424 1005 3476 Statellis,-
1022 3423 1167 3475 Gronnvina.
1181 3423 1331 3470 Ueleiatium·
1354 3422 1393 3472 u-

317 3489 384 3538 Nota
401 3487 465 3536 elai
481 3488 524 3551 pro
541 3505 574 3546 mu
590 3490 708 3550 positum:
726 3490 838 3549 quemod-
870 3490 949 3550 triqua
970 3489 1053 3550 populi
1076 3493 1133 3536 suut
1155 3487 1267 3550 Liguria.
1302 3488 1391 3535 Neutri

230 3593 232 3596 .
318 3557 414 3604 modum
433 3557 484 3615 jam
506 3557 595 3603 factam
614 3568 629 3602 a
647 3555 716 3602 Livio
734 3555 838 3602 vidimus
870 3556 1031 3604 emendationi
1061 3555 1191 3616 acquiescit
1221 3555 1274 3602 iac.
1296 3555 1395 3600 Grono-

318 3635 399 3682 aupra,
421 3623 436 3668 Ι.
458 3621 501 3668 IV.
522 3637 542 3670 a
564 3627 604 3668 20.
632 3620 671 3667 Sic
692 3625 718 3668 et
736 3621 800 3668 inira
821 3621 837 3668 t
871 3622 936 3668 uiua:
961 3626 985 3668 et
1004 3635 1077 3682 quum
1097 3619 1180 3682 scripti
1199 3623 1224 3667 et
1242 3618 1314 3680 prisci
1333 3619 1393 3666 eniti

317 3686 440 3734 XXXIII.
455 3702 475 3734 c
487 3693 529 3735 85.
551 3687 831 3738 emmerammum
869 3701 913 3748 pro
929 3687 1013 3750 Salpia
1031 3687 1143 3734 babeant·
1152 3685 1190 3732 vel
1207 3685 1339 3742 uenatum,
1353 3685 1392 3732 vet

316 3753 516 3800 siliumralutare
531 3753 658 3800 dntittere
672 3753 769 3800 auribus
783 3767 837 3812 poe·
870 3754 999 3806 Saliaribus.
1010 3754 1062 3814 ipae
1073 3753 1183 3800 emendat
1193 3751 1393 3809 Soliinibaafllve

316 3823 368 3864 aet:
380 3822 406 3864 et
417 3818 432 3864 l
442 3819 559 3866 XXXVI.
572 3833 593 3866 o.
601 3825 640 3866 38.
653 3819 838 3878 fermentatae,
871 3819 1061 3866 adtestantibus,
1095 3816 1218 3864 Sollicitat
1224 3817 1306 3864 itidem
1318 3814 1344 3864 ei
1356 3817 1393 3862 ΙΙ.

272 3927 274 3939 ,
316 3885 557 3946 eiectatamque
571 3885 711 3944 definissent
724 3885 838 3932 adsocie-
870 3886 974 3943 natibus,
1004 3884 1144 3946 reponitque
1173 3881 1301 3930 Irimibua.
1335 3881 1392 3928 mu

317 3949 491 3996 tateiionmno
505 3951 697 4010 urbae,reoipere
713 3951 797 3998 veiim.-
814 3957 839 3998 et
871 3957 979 4012 quartam
998 3950 1100 3998 Dissert.
1115 3949 1168 4008 ejus
1178 3949 1282 4009 Epistol.
1297 3949 1327 3995 ad
1344 3948 1393 3996 oat-
1472 3953 1476 3958 “

318 4015 333 4062 l.
345 4015 467 4076 XXXIX.
479 4031 500 4063 e.
513 4021 554 4065 to.
575 4017 702 4072 Oenidae,
713 4017 737 4062 si
748 4015 838 4064 incolc-
871 4031 921 4063 cern
933 4017 965 4063 11.
977 4015 1037 4063 tomi
1049 4015 1148 4062 Liviani.

317 4083 365 4134 asia
376 4081 495 4143 Lycortas
505 4084 640 4144 equitesque
650 4083 787 4130 camisam.
903 4087 935 4130 46
955 4082 988 4130 m
1005 4082 1166 4128 obsiderentur
1180 4077 1271 4143 tmen]
1288 4079 1323 4125 ut
1339 4089 1391 4125 non

350 4154 380 4195 44
401 4147 596 4208 evesques-mua
614 4143 680 4209 vora]
702 4148 767 4196 Vota
785 4161 838 4210 qun
869 4148 947 4208 ptimo
968 4149 1060 4208 impetu
1083 4150 1285 4208 expugnarentur,
1307 4158 1391 4204 quero·

317 4213 517 4274 suscipiebantur,
528 4215 548 4260 si
560 4216 585 4260 in
598 4213 786 4273 quinquennum
798 4229 838 4261 eo·
865 4215 995 4262 ,admodum
1013 4211 1146 4260 Placentini
1164 4211 1205 4258 aed
1225 4210 1327 4258 obsideri
1345 4209 1392 4258 s'a‘l·

318 4279 370 4328 dem
380 4279 514 4340 respublica
531 4281 636 4333 stetisset
649 4285 728 4328 statu:
747 4281 775 4330 de
787 4281 838 4340 qni·
871 4286 922 4326 tem
942 4279 1022 4326 urbenl
1050 4292 1144 4326 neeesse
1168 4281 1239 4335 esset,
1263 4281 1392 4337 antequam

318 4345 364 4394 bun
375 4347 428 4392 uida
438 4345 543 4392 XXVII.
555 4353 597 4394 38.
607 4346 688 4392 XXX·
702 4352 741 4395 27.
779 4385 783 4392 .
797 4374 800 4383 =
871 4353 1001 4406 caperetur.

351 4416 382 4460 ts
399 4413 482 4484 Salpia
504 4411 678 4474 Ilvatibusque]
705 4412 777 4471 Salyl,
797 4411 837 4471 qni
