3136 4982
370 211 430 268 400
752 203 863 264 ΤΙΤΙ
892 201 1037 274 ΗῊΙ,

101 387 109 394 ’
209 388 276 440 tte.
289 393 345 440 sas.
366 369 454 436 mani
477 369 638 457 conquesti
668 368 780 434 Romae
804 369 888 455 apud
914 381 1075 446 senatum,
1091 367 1260 454 rejemique
1279 369 1321 436 ad
1347 383 1423 437 con·

209 456 276 506 Ν·
291 461 344 506 ¹⁸⁷·
368 457 467 524 sulem
482 455 667 532 AEmilium3
692 456 753 532 eui,
776 469 812 523 ut
833 467 1036 541 cognosceret
1060 465 1209 520 statueret
1233 470 1424 534 nascamus

369 543 567 629 permiserat,
588 563 704 630 magno
728 541 899 606 certamine
921 563 993 606 cum
1014 552 1151 626 praetore
1175 477 1423 619 habitatenue·

368 644 445 694 runt
466 649 616 696 massam.
639 649 728 693 arma
749 627 899 694 reddere‘
915 627 1116 707 Cenomanis,
1130 627 1282 692 decedere
1295 630 1423 714 provin·

360 717 419 784 cia
436 727 557 802 praetor
576 715 693 800 jussus.
738 714 864 800 legatis
884 712 1001 778 deinde
1022 713 1180 788 sociorum
1195 713 1304 778 Latini
1315 717 1423 783 ⁴numl-

362 801 428 877 nis,
457 800 512 887 qui
538 811 606 866 toto
634 799 774 886 undique
799 821 841 864 ex
870 799 966 864 Latio
992 799 1170 887 frequentes
1198 815 1423 880 conuenerant,

368 899 493 952 senatus
518 887 610 952 datus
634 898 690 952 est.
711 885 760 950 his
780 886 993 972 querentibus,
1017 905 1164 970 magnam
1187 886 1423 952 multitudinem

369 973 486 1038 civium
499 993 630 1037 suorum
646 972 783 1038 Romam
798 973 1037 1060 commigrasse,
1051 985 1084 1038 et
1098 971 1143 1036 ibi
1157 992 1269 1036 censos
1288 995 1367 1054 esse,
1379 973 1431 1050 Q.

369 1057 523 1125 Terentio
546 1059 694 1126 Culleoni
729 1059 860 1144 praetori
887 1060 1051 1144 negotium
1082 1057 1192 1124 datum
1222 1071 1278 1136 est,
1305 1072 1341 1124 ut
1369 1083 1425 1124 eos

368 1146 576 1231 conquireret,
605 1156 646 1224 et,
677 1167 770 1230 quem
805 1145 844 1210 C.
868 1143 1015 1224 Claudio,
1038 1145 1085 1210 M.
1113 1144 1205 1210 Livio
1229 1144 1424 1228 censoribus,

368 1244 479 1317 postve
491 1254 545 1296 eos
559 1253 713 1308 censores,
729 1232 831 1316 ipsum
848 1243 1051 1316 parentemve
1064 1230 1132 1315 ejus
1147 1230 1232 1316 apud
1246 1254 1279 1296 se
1293 1253 1425 1298 censum

368 1340 444 1396 esse,
459 1317 644 1403 probassent
665 1317 753 1395 socii,
769 1331 804 1384 ut
818 1317 920 1382 redire
934 1339 973 1381 eo
986 1327 1124 1402 cogeret,
1140 1317 1195 1380 ubi
1211 1317 1297 1382 censi
1311 1331 1425 1383 essent.

371 1403 446 1470 Hac
460 1404 689 1489 conquisitione
700 1403 867 1468 duodecim
878 1401 978 1468 millia
992 1402 1180 1468 Latinorum
1196 1403 1313 1476 domos·
1322 1405 1426 1469 redie-

362 1503 454 1568 runt,
465 1491 532 1576 jam
548 1502 617 1556 tum
633 1489 833 1555 multitudine
847 1489 1094 1589 alienigenarum
1105 1488 1216 1554 urbem
1228 1505 1392 1555 onerante.

207 1583 355 1660 lfelviesno·
413 1575 473 1641 IV.
498 1576 684 1662 Priusquam
711 1576 854 1642 consules
884 1575 1021 1640 redirent
1053 1575 1200 1652 Romam,
1228 1575 1277 1640 M.
1295 1575 1427 1642 Fulvius

206 1655 329 1700 ‘'iim''
371 1663 540 1749 proconsul
563 1685 603 1728 ex
619 1661 741 1728 AEtolia
761 1663 864 1727 rediit.
887 1661 1003 1762 isquel,
1018 1661 1058 1725 ad
1084 1661 1185 1726 aedem
1208 1661 1367 1747 Apollinis
1391 1665 1425 1727 in

206 1715 288 1776 psum
364 1765 479 1820 ,senatu
500 1771 599 1836 quum
615 1749 655 1814 de
671 1749 762 1814 rebus
783 1749 817 1812 in
834 1747 954 1813 AEtolra
970 1746 1236 1832 Cephalleniaque
1251 1748 1292 1812 ab
1307 1772 1340 1812 se
1353 1773 1426 1836 ges-

367 1838 408 1902 tis
429 1836 638 1916 disseruisset,
659 1835 751 1921 petiit
771 1859 790 1899 a
816 1833 973 1913 Patribus,
989 1847 1024 1898 ut
1044 1855 1171 1918 aeqnum
1193 1849 1366 1913 censerent,
1383 1838 1427 1901 ob

365 1922 595 2008 rempublicam
618 1921 698 1986 bene
720 1942 757 1985 ac
779 1919 911 1990 feliciter.
922 1933 1054 2007 gestam,
1070 1933 1101 1984 et
1116 1919 1188 1984 Diis
1203 1921 1426 1988 inmortalibus

364 2008 519 2074 honorem
542 2006 652 2072 haberi
672 2007 794 2094 jubere,
811 2021 843 2072 et
856 2007 916 2069 sibi
935 2005 1131 2091 triumphum
1154 2005 1332 2072 decernere.
1376 2009 1426 2074 M.

364 2095 507 2158 Aburius
531 2093 676 2158 tribunus
699 2092 813 2178 plebis,
831 2092 858 2156 si
879 2092 954 2178 quid
977 2093 1018 2156 de
1038 2115 1075 2156 ea
1094 2113 1127 2156 re
1141 2105 1214 2156 ante
1230 2092 1280 2158 M.
1298 2093 1425 2160 AEmilii

364 2179 501 2246 consulis
516 2179 685 2244 adventurn
706 2177 937 2255 decerneretur,
954 2177 1193 2242 intercessurum
1216 2202 1249 2243 se
1268 2181 1427 2248 ostendit:

364 2289 429 2332 eum
440 2267 648 2330 contradicere
659 2267 743 2342 veile,
751 2267 1045 2350 prqim'sceutemque
1059 2267 1093 2328 ia
1101 2266 1295 2348 prouinciam
1307 2269 1429 2337 itacios·

365 2352 1427 2435 mandasse,uteads'sceptotioiategrainadoratamsuumseraaretar.

365 2439 523 2506 ⁷Ir'quium
544 2441 688 2522 temperis
701 2437 859 2523 jacturam
869 2438 991 2522 facere.
1006 2445 1140 2500 senatum
1159 2441 1264 2502 etiam.
1273 2451 1428 2521 preeseme

365 2528 492 2599 consule,
506 2527 586 2608 quod
594 2527 692 2602 veltet,
706 2527 901 2588 demetarum.
936 2522 986 2587 M.
997 2522 1144 2586 Fulvius:
1170 2524 1206 2587 Si
1220 2535 1273 2588 aut
1287 2528 1428 2592 simultas

366 2611 417 2679 M.
433 2612 562 2674 AEmilr'i
574 2632 669 2676 secum
685 2612 791 2694 ignota
806 2609 974 2672 horninibus
985 2619 1069 2685 esset,
1082 2620 1135 2674 aut
1151 2631 1239 2693 qaam
1255 2613 1281 2675 is
1296 2606 1427 2676 eas'im'-

365 2699 499 2762 micitias
513 2698 666 2780 inpotenti
676 2718 713 2760 ac
721 2717 821 2778 prope
834 2697 922 2780 regia
933 2697 983 2760 ira
994 2706 1159 2768 exerceret,
1184 2705 1284 2760 tamen
1299 2701 1428 2783 confis-

366 2785 424 2850 isse
432 2783 611 2868 fereadum,
625 2783 774 2852 absentem
785 2783 932 2846 consulem
946 2791 976 2845 et
992 2781 1127 2846 Deorum
1150 2783 1358 2847 inmortalium
1371 2787 1428 2848 ho-

365 2872 437 2934 aori
450 2869 578 2946 obstare,
595 2879 624 2934 et
639 2870 776 2934 meritum
797 2867 985 2952 debitumque
1005 2867 1188 2949 triumphum
1208 2872 1327 2932 ruorarr'
1336 2898 1347 2932 .·
1371 2874 1428 2934 inr-

361 2965 545 3038 peratorem,
571 2957 657 3020 rebus
681 2956 802 3038 egregie
820 2955 925 3038 gestis,
948 2956 1147 3036 uictoremque
1171 2957 1331 3020 exercitam
1361 2980 1429 3021 crem

359 3045 472 3124 prado
495 3063 532 3104 ac
552 3041 683 3124 captivis
696 3039 790 3104 ⁸arrte
808 3049 917 3122 portas
937 3049 1032 3115 stare,
1047 3040 1139 3102 donec
1161 3043 1287 3120 catceati,
1305 3041 1348 3105 'ab
1372 3043 1430 3106 hoc

366 3129 463 3210 apuam
486 3129 629 3202 moranti,
651 3128 754 3190 redire
775 3127 904 3190 Rmnam
927 3125 1045 3190 libitum
1069 3135 1154 3200 esset.
1202 3127 1309 3190 Verum
1331 3129 1429 3193 euim·

366 3236 447 3289 vero,
462 3235 551 3298 quum
561 3213 625 3276 siut
638 3212 855 3276 ‘'mobilissima’
867 3211 929 3276 sibi
941 3231 1005 3274 cum
1020 3214 1137 3275 consule
1151 3213 1333 3290 inimicitia,
1350 3217 1430 3298 quid

331 3295 333 3301 ’
365 3299 406 3362 ab
420 3323 454 3364 eo
467 3319 642 3384 quemquam
651 3319 740 3382 posse
753 3299 834 3384 sequi
848 3310 1029 3380 suspectare,
1046 3299 1100 3380 qui
1115 3319 1175 3380 per
1189 3299 1430 3382 infrequentiam

352 3385 472 3470 furtim
493 3383 519 3424 ¹⁰
526 3385 810 3452 senatusconsultum
823 3383 946 3468 sactum
961 3383 1161 3449 odorariam
1177 3385 1330 3462 detulerit,
1347 3387 1430 3452 Am-

531 3545 538 3566 ι
599 3521 719 3570 ereddita
730 3523 804 3570 Goon.
818 3523 885 3568 cuv.
1015 3519 1118 3584 duaque
1126 3520 1190 3568 Ead.

399 3645 544 3706 ⁷Faidium
565 3657 678 3716 temporie
695 3656 822 3717 jacturam
835 3655 880 3717 fv
911 3639 1222 3704 Inimicitlauobiiesiater
1237 3673 1275 3704 eor
1286 3664 1362 3705 erant.
1395 3659 1431 3706 Et

367 3715 430 3784 cere]
446 3719 475 3766 ld
489 3726 536 3776 est,
549 3721 638 3767 nullius
649 3719 692 3780 rei,
703 3721 748 3768 nisi
759 3721 880 3782 temporis.
912 3736 992 3768 rursus
1003 3721 1018 3770 1.
1030 3721 1082 3768 XL.
1093 3736 1115 3768 o.
1125 3727 1165 3768 ⁴5.
1183 3723 1252 3770 Inter
1263 3723 1303 3770 uu
1313 3725 1379 3770 utros
1385 3739 1431 3769 sso-

366 3786 427 3832 Mox
446 3799 489 3846 pro
507 3785 545 3832 M.
562 3785 671 3845 Fatetur,
692 3787 801 3834 Muretus
813 3786 880 3842 ,Turn
913 3787 969 3834 lites
980 3787 1199 3834 inimicitioemam.

366 3849 474 3898 rmum.
494 3851 655 3900 Gaouovrus.
949 3851 1351 3900 10'Smatmcomuttsosod
1365 3867 1432 3900 era.
1539 3895 1540 3902 ,

400 3916 510 3962 8⁸Aate
529 3920 612 3977 portas
631 3911 707 3980 stare]
730 3916 779 3968 Qui
799 3920 881 3964 macto
912 3918 978 3964 rium
996 3917 1120 3978 detumit]
1138 3919 1228 3966 Priden
1246 3918 1276 3964 ad
1290 3919 1363 3966 sedem
1381 3921 1432 3966 Ce-

366 3981 508 4046 maglstratu
521 3981 668 4042 triumphurn
685 3982 881 4043 petebat,.eiocn
913 3982 970 4029 reris
1007 3982 1171 4030 deferebantur
1206 3984 1431 4032 mnstusconsulta:

368 4047 454 4124 licebat
469 4047 558 4124 intrare
576 4047 667 4123 urbem
682 4047 738 4107 quia
749 4047 883 4123 ingredien·
914 4047 982 4106 eujus
992 4049 1065 4096 moris
1078 4048 1179 4097 initium.
1192 4047 1329 4124 memorarit
1344 4048 1433 4126 Lirim

362 4111 882 4240 tttitttttttt’ttttttu
914 4113 1242 4240 l.t¹.l⁰·,.⁵.⁵...¹?⁰:.‘·t.t
1261 4115 1435 4226 353⁰th

370 4241 431 4290 diem
442 4255 490 4303 qno
500 4243 689 4304 triumphaturus
700 4247 768 4288 esset.
914 4242 1070 4298 habebantur.
1102 4245 1140 4292 De
1149 4246 1202 4305 ipsa
1210 4259 1243 4302 re,
1254 4245 1283 4292 de
1293 4257 1340 4304 qna
1348 4246 1432 4303 queri-

402 4314 417 4357 9
434 4307 595 4356 Notilmdmoe
604 4340 610 4354 .
620 4339 626 4352 .
635 4307 785 4368 inienieitia’l
797 4305 835 4354 Sic
844 4320 881 4354 sc·
913 4312 954 4354 tur
965 4309 1004 4356 hie
1016 4309 1125 4368 Fulvius,
1136 4311 1182 4358 rid.
1199 4324 1269 4373 supra
1280 4309 1434 4359 xxxvttt.

370 4369 485 4434 let'lcqui
502 4373 590 4422 birine.
608 4372 660 4422 Lib.
680 4372 785 4422 xxvlt.
804 4388 823 4420 c.
841 4379 880 4420 85.
914 4379 954 4424 44.
1127 4399 1136 4414 ν’
