3082 4976
365 152 425 216 446
759 155 873 218 TlTl
902 155 1039 218 Livi-1

204 324 341 382 u.o.sos.
365 317 516 384 Antiochi
540 313 717 397 Hannibal,
740 330 773 384 et
792 318 911 385 bellurn
932 318 1083 386 adversus
1106 317 1285 388 Eumenem
1306 330 1434 384 motum

203 396 271 444 Ν
285 401 341 446 ¹⁸³·
364 403 509 472 faciebat.
531 405 587 484 ibi,
606 405 698 470 ⁹⁴seu
713 406 788 492 quia
809 428 829 470 a
845 405 1026 472 Flaminino
1047 407 1130 474 inter
1144 403 1249 472 cetera
1270 406 1434 491 objectum

366 491 490 558 Prusiae
503 503 582 572 erat,
597 491 757 556 hominem
779 491 934 571 omnium,
950 492 1006 578 qui
1027 495 1177 572 virerent,
1193 493 1434 560 infestissimum

363 577 485 664 populo
509 577 657 642 Romano
678 577 766 664 apud
787 599 861 642 eum
882 601 960 656 esse,
1000 578 1032 642 ui
1051 579 1166 664 patriae
1187 601 1255 644 suae
1276 579 1433 664 primum,

363 663 492 740 deinde,
514 661 621 728 fractis
643 665 709 750 ejus
729 663 854 749 opibus,
871 601 1032 734 Antioclro
1051 665 1119 750 regi
1142 675 1255 730 auctor
1276 663 1354 730 belli
1377 663 1435 728 ad-

364 771 475 815 versus
496 748 652 834 populum
677 750 861 815 Romanum
882 749 1007 816 fuisset:
1033 770 1090 816 seu
1110 750 1185 835 quin
1206 751 1274 836 ipse
1288 750 1435 826 Prusias,

364 849 401 900 ut
414 835 649 924 gratificaretur
662 836 811 922 prasenti
828 835 1008 902 Flaminino
1020 836 1248 922 Romanisque,
1257 858 1315 922 per
1328 858 1364 900 se
1378 857 1437 900 ne·

364 922 536 986 condiant
561 922 709 986 tradendi
730 921 797 1008 ejus
820 921 855 986 in
879 934 1065 1005 potestatem
1091 923 1258 988 consilium
1284 921 1393 1006 cepit3
1415 944 1436 985 a

311 1069 314 1074 .
363 1009 470 1094 primo
483 1009 556 1073 conl
603 1010 656 1073 uio
666 1007 839 1074 Flaminini
847 1007 961 1073 milites
971 1009 1129 1094 extemplo
1140 1009 1180 1075 ad
1193 1009 1325 1074 domurn
1337 1007 1436 1072 Han-

364 1093 481 1160 nibalis
495 1027 735 1160 custbbiendanr
749 1093 836 1158 mirsi
850 1104 935 1159 sunt.
982 1095 1117 1180 Semper
1137 1095 1232 1160 talem
1246 1095 1371 1160 exitum
1388 1093 1436 1158 vi-

364 1191 408 1246 toe
428 1201 496 1245 sum
512 1179 679 1245 Hannibal
693 1192 902 1266 prospexerat
922 1179 1040 1258 auimo,
1055 1193 1087 1248 et
1103 1182 1326 1246 Romanorum
1341 1181 1435 1244 inex·

365 1266 483 1352 piabile
496 1267 605 1331 odium
620 1267 653 1330 in
669 1287 859 1345 secernens,
874 1279 907 1332 et
922 1266 996 1331 fidei
1011 1288 1124 1352 regum
1144 1266 1223 1334 nibil
1239 1288 1316 1332 sane
1331 1265 1435 1330 confi-

363 1370 429 1420 snt.
471 1351 498 1393 ⁰⁶
515 1351 638 1418 Prusiae
652 1373 728 1417 vero
741 1351 900 1418 levitatem
916 1353 1011 1417 etiarn
1026 1365 1175 1437 expertus
1189 1367 1266 1419 erat.
1313 1352 1436 1418 Flami-

363 1439 433 1504 nini
455 1457 585 1525 quoquo
608 1438 780 1504 adventurn
809 1439 896 1503 velut
919 1437 1045 1504 fatalem
1070 1439 1129 1503 sibi
1152 1439 1333 1504 horruerat.
1379 1438 1436 1502 Ad

362 1525 474 1591 omnia
486 1525 627 1611 undique
641 1523 764 1602 infesta,
779 1537 816 1590 ut
837 1525 897 1589 iter
918 1545 982 1589 sarn
1008 1546 1044 1590 ar
1064 1525 1194 1612 aliquod
1214 1535 1436 1610 praeparatum

364 1611 450 1700 ingre
474 1610 613 1688 baberet,
629 1611 787 1696 ⁹⁶septem
812 1610 917 1676 exitus
939 1633 958 1674 e
995 1633 1070 1675 omo
1092 1610 1227 1688 feceram
1250 1624 1349 1676 etex
1374 1611 1436 1674 iis'

352 1697 519 1784 ¹quosdam
533 1698 685 1774 oocultos,
695 1718 737 1762 ne
751 1697 895 1763 custodia
907 1697 1096 1781 sopirentur.
1141 1697 1204 1762 Sed
1219 1718 1317 1784 grave
1330 1698 1436 1782 impe·

364 1786 449 1849 rium
475 1799 588 1871 rogum
613 1783 693 1848 nibil
715 1783 963 1869 inexploratum,
986 1782 1074 1869 qnod
1098 1783 1282 1870 investigari
1307 1782 1434 1859 volunt,

361 1869 469 1938 efficit.
490 1872 588 1934 totius
608 1869 775 1934 oircuitmn
798 1869 913 1934 domus
927 1869 972 1932 ita
994 1867 1145 1934 custodiis
1164 1868 1325 1954 complexi
1347 1882 1435 1946 sunt,

364 1968 402 2021 ut
422 1975 518 2028 nemu
540 1955 614 2020 inde
632 1954 714 2020 elabi
733 1968 849 2039 posset.
896 1955 1074 2034 Hannibal,
1089 1967 1256 2042 postquam
1278 1968 1327 2020 est
1349 1977 1436 2022 nun-

361 2042 494 2119 ciatum,
517 2041 631 2106 milites
651 2041 757 2128 regios
780 2042 814 2104 in
838 2040 994 2105 vestibulo
1013 2062 1089 2118 esse,
1112 2042 1245 2126 postico,
1266 2041 1354 2127 qnod
1379 2041 1435 2106 de·

364 2128 451 2193 vium
465 2127 606 2191 maxime
619 2139 715 2212 atque
729 2126 932 2192 ocosrltissimi
947 2127 1051 2192 exitus
1062 2139 1142 2205 erat,
1157 2126 1268 2214 fugere
1286 2137 1435 2204 conatus,

364 2227 402 2279 ut
423 2212 464 2277 id'
501 2232 607 2300 noque
626 2211 763 2278 obcursu
787 2213 924 2277 rnilitum
946 2213 1113 2298 obseptum
1139 2213 1246 2292 sensit,
1268 2226 1300 2278 et
1323 2214 1437 2278 omnia

363 2299 482 2366 uircau
514 2319 571 2365 usa
590 2300 743 2364 custodiis
764 2299 925 2384 dispositis
948 2321 1024 2376 esse,
1041 2320 1197 2364 venenum
1213 2299 1315 2384 (quod
1331 2301 1437 2364 mulm

364 2398 438 2452 ante
451 2398 668 2472 praeparatum
682 2385 725 2450 ad
740 2385 816 2450 tales
830 2384 968 2450 habebat
987 2394 1090 2466 casus)
1106 2386 1262 2469 poposcit.
1304 2387 1436 2450 Libere·

361 2493 440 2550 ms,
461 2473 577 2559 inquit,
593 2470 735 2537 diutamn
758 2489 831 2535 cura
853 2471 995 2553 populum
1010 2472 1190 2548 Romanum,
1206 2474 1330 2554 qnando
1353 2495 1436 2538 mor·

363 2569 421 2624 tem
435 2559 540 2623 ”reaia
554 2569 725 2641 emrpectme
740 2557 862 2642 longum
876 2567 1001 2621 censent.
1046 2557 1114 2621 Nec
1128 2579 1285 2642 magnam,
1301 2581 1356 2622 aee
1373 2581 1437 2622 me·

362 2645 539 2710 motabilem
561 2663 602 2708 ere
623 2644 729 2710 inermi
756 2644 932 2727 proditoque
952 2643 1146 2707 Flaminiana
1166 2645 1323 2708 victoriam
1338 2641 1438 2724 seret.

363 2747 462 2796 mures
475 2732 595 2816 quidem
607 2731 711 2812 populi
724 2729 862 2794 Roaiam
874 2738 1021 2813 quonium
1041 2731 1232 2809 mutaverint,
1248 2731 1294 2794 uel
1308 2731 1358 2794 iric
1372 2733 1440 2795 dies

363 2828 541 2908 argumento
556 2818 623 2880 erit.
661 2817 788 2879 Horum
801 2825 906 2898 patres
915 2815 1037 2900 Pprrlw
1050 2816 1127 2900 regi,
1142 2816 1222 2879 lrorti
1236 2827 1369 2892 armaio,
1384 2840 1437 2880 aa·

365 2905 489 2968 errimus
507 2903 539 2967 in
554 2899 650 2968 ltalia
665 2901 797 2983 bobardi,
812 2911 845 2964 ut
858 2924 880 2965 a
893 2919 1003 2966 veneno
1018 2911 1143 2978 emeret,
1158 2903 1379 2982 praedireaunt.
1405 2904 1438 2966 m·

321 3045 324 3054 .
363 2991 498 3076 legatum
519 2989 714 3065 consularem,
730 2989 783 3072 qui
804 2997 906 3051 mator
926 2996 1003 3051 aser
1016 2988 1141 3052 Pmssiae
1158 3009 1214 3068 per
1234 2989 1334 3052 soclus
1354 2992 1437 3056 occi-

364 3078 455 3141 dendi
470 3075 607 3158 'luqrilia
627 3074 778 3140 miserunt.
821 3072 1015 3156 Ensaoratua
1040 3071 1156 3138 deinde
1176 3074 1209 3136 in
1235 3087 1334 3158 caput
1359 3098 1437 3162 reg·

364 3184 506 3250 numque
522 3161 656 3238 Prusiae,
671 3172 703 3225 et
718 3158 888 3244 hospitales
910 3159 998 3222 Deos
1019 3159 1144 3224 violetae
1166 3159 1260 3226 abeo
1279 3159 1356 3226 fidei
1373 3177 1438 3228 tes-

737 3279 750 3310 ·
764 3279 873 3340 securam
890 3293 921 3326 ea
931 3279 968 3325 lrr's
980 3279 1049 3327 ΟΜ.

393 3404 428 3449 94
441 3398 493 3446 Seri
505 3399 562 3461 μία
571 3414 589 3444 ι
599 3394 749 3461 Minimo]
770 3397 819 3444 Hir.
831 3397 882 3444 Du·
914 3397 1083 3452 Maoedonum,
1096 3408 1182 3444 nomen
1192 3395 1283 3456 ,gaurus
1293 3401 1347 3444 arar
1355 3398 1440 3454 Quia·

351 3465 436 3524 Ιᾕιιίιιι
462 3465 563 3510 adnotat
589 3463 750 3510 Flamininum
783 3463 881 3522 privata
914 3463 973 3519 tias,
1000 3474 1130 3516 cognomen
1157 3461 1327 3508 Flaminiam:
1357 3477 1439 3523 quum

361 3529 463 3576 ultionis
480 3522 609 3589 eupiditate
625 3528 722 3574 somnii
739 3527 845 3588 potaisse
855 3526 881 3572 in
914 3526 1007 3574 consuli
1023 3525 1087 3572 ricto
1097 3526 1128 3572 ab
1138 3527 1298 3574 Annibalsad
1309 3529 1441 3590 'i'rrsyme-

362 3594 517 3650 Annibalem,
527 3593 595 3652 eujus
611 3607 683 3653 opera
698 3593 776 3640 vietus
794 3605 880 3640 casu·
908 3605 971 3640 num
987 3591 1066 3638 laeum
1085 3605 1172 3638 nornen
1188 3593 1278 3653 gentile
1296 3600 1363 3641 assat
1377 3597 1449 3644 Fls·-

360 3665 409 3718 qua
427 3663 496 3720 puter
514 3659 541 3705 G·
559 3657 690 3704 Flaminius
707 3659 737 3704 ad
755 3658 880 3716 Trasyme·
912 3658 1008 3704 misius.

358 3731 420 3771 nnn
439 3724 518 3770 latum
540 3727 609 3769 esset.
645 3723 674 3769 ln
695 3732 747 3770 eam
765 3722 880 3768 nimirum
945 3728 977 3770 95
994 3717 1440 3786 Prusiae..leuttatsm]Hu„insregis

360 3789 499 3848 opinionem
520 3787 588 3834 illmn
610 3788 756 3834 inluserunt
774 3787 881 3848 insignat
912 3786 1440 3850 sarrilarsplaneiodolemdasoribitlivius,

357 3853 505 3902 oakbsrrimi
542 3853 721 3912 'rragoernrum
759 3852 881 3912 scriptoris
914 3850 1113 3900 autumem.-

278 3931 281 3941 ‘
349 3930 442 3968 -nrsus
454 3919 483 3966 in
493 3918 648 3978 Fabulaqore
659 3917 883 3966 innititur-Nino·
946 3919 978 3964 96
995 3915 1091 3976 Septem
1100 3917 1212 3964 erlem...
1224 3916 1346 3976 .scoerat.·
1363 3922 1443 3968 cetat

282 3983 284 3990 ’
358 3986 455 4033 madeas
474 3985 542 4032 Etsi
553 3984 771 4032 Flaniaimmart
781 3983 804 4029 le
813 3984 879 4044 eapi-
910 3979 1035 4043 quasdam]
1060 3981 1100 4029 Sis
1121 3981 1203 4040 scripti
1229 3983 1393 4042 Gronoriani‚
1415 3991 1441 4032 at

358 4053 436 4107 aalma,
451 4050 678 4096 numeramini·
694 4056 833 4096 murs
841 4049 881 4094 lar
910 4050 994 4095 nostor
1002 4047 1066 4093 Virt·
1092 4047 1349 4106 Vulgo-..feceram
1366 4058 1392 4096 a
1409 4067 1441 4100 a

356 4115 387 4162 m
405 4111 559 4178 mutuatae.
593 4114 681 4160 Veram
698 4115 741 4161 bic
759 4127 824 4160 error
842 4118 879 4160 att
912 4114 944 4160 tn
952 4111 1075 4172 quadam
1217 4161 1219 4166 ¹

351 4194 388 4227 raa
406 4181 566 4228 similitudine
588 4179 712 4226 nominum
739 4184 815 4232 onus,
839 4178 880 4237 qui
944 4175 1440 4238 97⁰Sortirl'1'uuequiniumstamffi.

358 4249 440 4294 nmen
451 4246 522 4294 vitari
531 4244 600 4292 facile
610 4250 711 4305 poterat.
739 4243 879 4292 Huioaaim
909 4241 999 4290 *simum
1022 4256 1112 4290 aunum
1130 4241 1216 4302 ambiit
1240 4243 1359 4296 Aurum
1381 4248 1442 4296 vid,

358 4309 436 4368 legato
455 4313 485 4360 sd
504 4311 619 4365 Prusiam,
634 4309 718 4358 viatori
737 4308 881 4371 Philippici
913 4307 1089 4369 supranotati
1100 4306 1186 4356 XXX.
1198 4311 1237 4353 ξε.
