3082 4976
439 115 532 174 ΗΒ.
554 115 702 188 xxxix.
730 115 834 176 CAR
854 115 967 175 XLIV.
1175 123 1237 194 439Ι

14 345 15 348 ,
166 275 295 358 suisset,
310 288 343 340 et
357 298 451 363 quam
468 277 585 344 multos
605 278 716 362 capitis
737 277 906 347 damnatos
927 279 961 342 iu
981 275 1115 352 vinculis
1132 276 1378 354 habentium.

0 420 20 448 ,ἦ
61 401 63 406 .
164 374 224 439 ret,
247 384 329 450 quos
354 365 454 430 securi
479 385 685 448 percussurus
709 375 798 436 esset.
844 361 931 432 Tum
951 363 1039 433 illam
1059 364 1140 435 infra
1158 367 1378 442 cumbe-1⁸⁴·

167 447 380 514 adcubantem
408 473 549 536 negasse,
571 470 723 550 umquam
746 448 859 517 vidisse
879 449 1103 540 ⁶⁰quemquatn
1128 452 1232 538 securi

164 531 341 612 ferientem,
358 548 390 600 et
407 535 546 622 pervelle
567 536 600 601 id
615 535 731 604 vrdere.
778 535 844 602 Hic
868 535 1094 625 indulgentem.
1108 531 1231 622 amato·

145 651 147 656 ·
164 640 246 697 reru,
261 619 397 686 ⁶²unum
412 644 450 689 ex
466 621 528 686 illis
541 622 677 700 miseris,
692 621 817 688 adtrahi
836 623 970 708 jussum,
987 623 1087 690 securi
1102 645 1231 708 percus-

165 704 253 770 sisse.
299 705 447 786 Facinus,
470 708 534 774 sive
556 732 594 774 eo
617 709 723 790 modo,
738 730 803 795 quo
828 729 939 774 censor
961 707 1089 796 objecit,
1105 710 1180 788 sive,
1196 724 1232 776 ut

166 790 313 858 Valerius
334 793 443 872 tradit,
459 794 665 860 commissum
688 806 881 868 erasarum
901 807 997 880 atque
1011 806 1124 864 atrox:
1147 796 1231 870 inter

163 877 280 962 pocula
295 892 389 966 atque
409 879 529 966 epulas,
544 880 600 945 ubi
616 880 716 946 libare
729 880 801 944 Diis
815 879 923 967 dapes,
940 880 994 948 ubi
1008 879 1090 946 bene
1105 881 1231 966 precari

163 984 235 1042 mos
249 979 339 1042 esset,
356 967 396 1030 ad
415 968 632 1050 spectaculum
655 966 748 1032 scorti
772 965 924 1051 procacis,
941 967 974 1031 in
997 967 1068 1030 sinu
1091 965 1230 1036 consulis

162 1050 356 1128 recubantis,
383 1064 551 1134 mactatam
575 1053 747 1118 humanam
771 1052 934 1118 victimam
955 1073 1041 1118 esse:
1064 1063 1096 1130 et
1114 1074 1230 1124 cruore

160 1155 304 1203 mensam
320 1159 503 1222 respersam.
549 1137 589 1203 In
611 1151 753 1204 extrema
774 1137 918 1204 oratione
933 1137 1067 1213 Catonis
1087 1137 1229 1204 conditio

162 1219 320 1302 Quinctio
340 1222 456 1305 sertor,
469 1237 517 1302 ut,
536 1225 564 1288 si
587 1224 620 1308 id
645 1223 764 1290 factum
789 1235 932 1310 negaret,
955 1234 1132 1310 ceteraque,
1155 1243 1229 1311 quae

162 1308 340 1393 objecisset,
354 1309 558 1396 62sponsione
579 1309 763 1376 defenderet
784 1332 867 1376 sese:
891 1309 939 1374 sin
954 1307 1116 1387 fateretur,
1132 1310 1225 1410 iguo-

160 1393 303 1461 miniane
331 1417 389 1462 sua
417 1417 607 1482 quemquam
636 1397 810 1462 doliturum
839 1407 990 1480 censeret,
1019 1392 1117 1481 quum
1146 1399 1228 1486 epse,

160 1478 238 1628 vlup
259 1494 291 1546 et
307 1481 433 1552 Venere
452 1505 570 1561 amens,
586 1483 740 1567 sanguine
761 1481 899 1559 hominis
920 1481 955 1556 iu
976 1481 1122 1564 convivio
1136 1481 1228 1548 lueis-

161 1578 211 1634 set

120 1653 130 1670 '
207 1651 335 1721 XLIV.
358 1653 397 1718 ln
421 1653 564 1740 equitatu
585 1653 844 1741 recognoscendo
868 1652 945 1727 ⁶⁵1..
969 1652 1113 1743 Scipioni
1138 1636 1228 1734 Asia]

158 1737 238 1824 geni
270 1738 416 1805 ademtus
452 1762 560 1826 equus.
593 1740 663 1806 ⁶4in
695 1740 839 1806 censibus
873 1761 999 1840 quoque
1036 1737 1228 1824 accipiendis
1237 1765 1355 1814 Seremus

159 1823 260 1908 tristis
275 1837 307 1890 et
321 1847 432 1911 aspera
447 1826 480 1890 in
494 1847 605 1892 omnes
625 1827 752 1890 ordines
766 1847 899 1890 censura
913 1819 980 1891 furt.
1026 1825 1264 1894 ornamentau
1273 1846 1355 1885 aava
1437 1869 1439 1876 ι

159 1920 195 2009 et
210 1924 326 1988 vestem
343 1911 529 1990 muliebrem
544 1925 576 1978 et
590 1912 745 1992 vehicula,
760 1935 835 1999 quae
855 1910 967 1998 pluris,
983 1932 1079 2012 quam
1095 1911 1229 1998 quinde-

159 2017 225 2078 cim
240 1997 375 2062 millium
392 1999 474 2076 aeris,
491 2011 604 2078 essent,
619 1997 686 2062 ⁶⁵in
701 2019 832 2064 censum
849 1997 964 2084 referre
977 2008 1113 2066 viatores
1122 1998 1228 2085 jussit,

158 2082 236 2152 item
249 2084 407 2169 mancipia
418 2086 542 2149 minora
556 2086 646 2150 annis
659 2084 783 2174 viginti,
795 2106 869 2172 quae
880 2083 1150 2174 poet‚prorrimum
1164 2083 1228 2166 lus,-

195 2307 227 2352 60
253 2304 402 2368 Quemquam
430 2305 508 2354 securi
538 2301 681 2368 serietatem]
713 2303 848 2351 Gronovius
870 2303 887 2348 l.
909 2301 952 2349 1v.
971 2302 1000 2348 do
1019 2304 1073 2351 Pee.
1089 2303 1145 2350 Vet.
1167 2316 1189 2350 e.
1208 2309 1231 2349 1.

158 2369 234 2416 Forte
237 2369 321 2428 feriri.
355 2370 516 2416 Gronovius.
712 2369 838 2416 amendat:
864 2367 891 2414 ia
910 2381 1005 2413 emmam
1024 2367 1113 2427 deferre
1130 2367 1231 2426 juratos

194 2437 223 2478 61
246 2431 326 2480 Unum
343 2448 373 2480 ea
388 2431 440 2480 illis
456 2429 563 2497 urthern]
578 2433 617 2480 Sic
628 2435 680 2495 qui·
706 2433 793 2494 jussit.
826 2432 905 2479 Primo
920 2432 1006 2492 probat
1017 2431 1178 2492 compluribus
1190 2445 1231 2478 ex·

158 2499 214 2546 dem
226 2499 348 2560 Gelenius.
370 2498 415 2545 Sed
427 2498 503 2544 nostri
514 2513 596 2548 omnes
608 2499 680 2560 sciip·
713 2497 796 2559 amplis
816 2495 863 2544 dici
882 2493 965 2544 solitos
983 2497 1073 2557 deferre
1092 2497 1119 2542 im
1135 2511 1231 2544 samm

158 2563 181 2608 ti
192 2576 245 2610 eum
260 2566 325 2624 prius
336 2563 405 2610 editis
417 2578 492 2610 amum
503 2579 533 2609 ea
550 2565 679 2612 damnatis.
712 2578 753 2610 eos
770 2563 812 2624 qui
828 2563 1010 2622 profitebantur,
1020 2561 1110 2620 referre
1122 2574 1229 2609 mnsam

158 2629 326 2680 Gronovius.
353 2629 554 2676 Consentitvict.
567 2631 667 2676 eodem
712 2627 854 2689 accipientes
882 2641 986 2674 censum.
1036 2629 1097 2675 Inde
1123 2627 1231 2687 sequitur

194 2697 225 2738 62
234 2694 385 2756 *sparsione
402 2694 536 2754 defenderet
550 2693 611 2759 rere]
629 2696 676 2741 De·
709 2693 840 2740 viatoribus
852 2691 891 2738 hle
903 2693 981 2738 locum
998 2705 1117 2751 annesae,
1129 2705 1229 2752 quorum

157 2759 267 2806 {cuderet
283 2773 342 2816 sese,
354 2759 492 2821 spondendo
503 2773 527 2806 se
539 2766 626 2806 certam
637 2774 677 2826 pe-
710 2771 760 2805 nou
771 2763 822 2804 erat
836 2771 881 2804 nec
896 2757 987 2815 referre
1003 2757 1030 2802 im
1048 2771 1154 2814 cernam,
1166 2757 1230 2818 quod

158 2824 239 2870 cuniae
260 2839 374 2872 summam
394 2827 522 2885 daturum,
543 2827 563 2873 ai
590 2819 677 2872 veritas
710 2823 753 2869 soli
766 2835 883 2879 censores,
896 2821 1162 2869 autscribaeexeorum
1175 2829 1230 2867 sue·

158 2890 287 2944 eriminum
303 2892 455 2952 probaretur:
483 2895 555 2950 atque
572 2891 607 2937 ita
628 2905 677 2938 reus
709 2887 1006 2940 monteferetranum
1024 2887 1114 2947 dp‘erre
1130 2889 1156 2932 iu
1176 2901 1230 2932 aem·

155 2955 249 3014 judicio
268 2957 418 3018 experiretur.
444 2950 527 3018 ivis.
545 2961 596 3004 not.
615 2955 645 3002 ad
661 2955 678 3002 l.
711 2952 891 3011 namnidans
908 2952 1013 3012 ipsorum
1032 2952 1229 3010 boumquemad·

159 3015 209 3068 111.
221 3036 241 3068 c.
254 3027 294 3067 28.
443 3061 451 3077 ,
711 3020 807 3066 modum
819 3021 844 3064 et
855 3018 926 3064 ceteri
942 3017 1005 3063 cives
1021 3017 1096 3064 iacere
1110 3017 1229 3076 cogeban-

194 3091 225 3133 68
241 3087 272 3136 1..
281 3085 393 3148 Scipsioai
397 3085 531 3148 Asiageni]
550 3087 621 3134 Hanc
633 3086 679 3132 lec·
711 3089 758 3130 tur.
788 3083 867 3144 Igitur
877 3081 971 3144 reponit
980 3083 1117 3128 Gronovius
1121 3081 1228 3142 juratos.

132 3149 136 3154 ’
157 3151 261 3208 tionem,
282 3165 335 3212 quta
354 3152 446 3211 aliquot
470 3154 610 3214 scriptorum
630 3155 676 3207 est,
711 3150 812 3195 Constat
835 3147 898 3194 enim
915 3162 944 3194 ex
961 3147 1035 3194 Diod.
1053 3148 1132 3194 Halia.
1150 3147 1166 3193 l.
1185 3145 1228 3191 Ν.

158 3217 269 3280 pluribus
300 3217 402 3263 adstruit
430 3217 576 3273 Gronovius,
597 3217 614 3263 l.
634 3216 678 3263 lv.
710 3215 772 3261 cives
781 3226 863 3260 omncs
874 3217 968 3258 'coactos
977 3225 1027 3258 esse
1035 3213 1126 3270 iurare,
1139 3225 1165 3258 se
1174 3223 1230 3271 pos·

158 3283 258 3344 Observ.
271 3297 291 3329 c.
304 3287 344 3329 25.
355 3287 379 3328 et
390 3281 476 3342 probat
485 3281 605 3342 'Arraynir
616 3281 679 3341 apud
711 3279 826 3326 sessiones
849 3291 903 3324 suaa
915 3292 969 3324 vere
988 3283 1013 3322 et
1029 3276 1093 3323 bons
1109 3277 1155 3322 tide
1166 3275 1230 3322 esti-

156 3349 254 3396 Grecos
270 3349 330 3394 idem
350 3347 461 3402 valuisse,
473 3348 535 3405 quod
554 3345 616 3407 apud
628 3347 677 3392 Ro·
709 3357 793 3392 masse.
836 3343 910 3389 Favet
931 3343 1091 3389 emendationi
1113 3339 1249 3398 Gronosii.

155 3425 242 3460 manos
253 3414 399 3460 Asiaticum.
433 3411 677 3472 Hicigiturintemge
711 3422 772 3455 uuus
784 3421 812 3454 ex
824 3407 925 3454 Hearnii
945 3407 1013 3454 codd.
1028 3407 1056 3453 in
1074 3421 1122 3468 quo
1142 3407 1231 3466 legitur

158 3479 189 3526 1..
204 3477 347 3542 Scipionem,
364 3478 459 3522 fratrem
478 3476 593 3523 Africani.
633 3469 676 3522 Ce-
699 3485 701 3494 ¹
703 3473 835 3535 juratores.
871 3473 925 3519 Hoc
936 3475 994 3534 ergo'
1006 3473 1075 3518 triste
1086 3478 1110 3519 et
1121 3477 1230 3533 aspemm

157 3549 237 3590 terum
257 3543 366 3590 observat
387 3542 529 3588 Plutarchus
547 3543 679 3587 inustama
710 3539 757 3584 luit
768 3540 793 3584 in
805 3537 849 3584 hae
860 3543 927 3599 parte
943 3551 1057 3594 censura,
1071 3539 1144 3598 quod,
1156 3549 1230 3597 quum

159 3609 253 3656 Catone
265 3608 369 3670 Scipioni
386 3606 492 3652 Asiatico
507 3611 589 3654 notam
601 3605 678 3652 criasi·
710 3609 781 3651 autea
800 3607 949 3660 ornamenta,
965 3605 990 3648 et
1009 3605 1082 3649 vestis
1099 3601 1230 3657 muliebris,

157 3674 298 3721 nationibus
317 3674 342 3718 in
362 3684 481 3721 censorem
499 3671 577 3730 ipsum
597 3683 677 3718 ausam
710 3673 734 3714 et
751 3668 861 3714 vehicula
877 3667 1019 3715 censninon
1031 3668 1229 3724 adscriberentur,

159 3739 260 3796 dedisse,
277 3740 401 3798 visumque
420 3750 474 3798 eum
493 3738 612 3784 memoriae
629 3731 678 3782 Sci·
712 3736 772 3780 Cato
781 3733 855 3790 J’ursit
872 3731 971 3779 adscribi
992 3745 1044 3792 quas
1063 3733 1138 3794 pluris
1159 3744 1230 3790 quam

159 3804 352 3864 pionisAl'rieaui
362 3802 476 3850 insultare
485 3803 595 3850 voluisse.
613 3803 677 3846 Con·
710 3797 845 3859 quindecim
862 3797 962 3844 millium
979 3798 1031 3844 aeris
1049 3802 1137 3855 esseut,
1149 3801 1232 3842 atter-

158 3870 196 3917 ier
212 3875 331 3928 nostrum,
345 3870 361 3915 i.
373 3863 523 3914 xxxvffl.
541 3882 562 3914 e.
582 3872 621 3913 64.
638 3879 676 3911 su·
711 3877 754 3910 nos
767 3865 791 3909 in
804 3862 879 3908 millis
896 3863 948 3908 aris
964 3863 1085 3922 attribuit,
1104 3863 1191 3916 idest,
1204 3860 1231 3906 ia

160 3947 211 3996 pra.
712 3928 805 3984 singula
820 3929 872 3974 acris
887 3927 963 3974 millia
979 3928 1124 3974 ternoseris
1143 3925 1232 3987 gravis,
1260 3978 1264 3982 .
1317 3946 1321 3954 ι

194 4003 225 4045 64
243 3998 275 4044 Ia
284 3999 407 4046 cerrima·
420 4030 427 4044 .
440 4029 446 4044 .
458 4027 464 4042 .
477 3991 633 4057 accipiendis]
650 3995 679 4042 ln
712 3994 761 4040 sive
780 3998 861 4039 ternos
883 3992 956 4039 veteri
978 3992 1148 4039 estimatione·
1159 4001 1232 4046 mess,

160 4063 299 4126 accipienda
310 4064 426 4112 bonorum
445 4063 560 4122 cujusque
577 4061 678 4108 aestima·
710 4058 794 4106 tributi
817 4059 913 4104 nomine
936 4057 1008 4117 pendi
1029 4053 1115 4102 voluit.
1158 4055 1231 4100 Porro

159 4129 237 4186 tione,
262 4143 330 4189 quam
354 4129 417 4175 cives
439 4142 521 4175 omues
541 4127 628 4174 deferre
648 4127 678 4172 ad
711 4123 845 4184 quindecim
856 4122 930 4169 millia
940 4121 992 4166 aeris
1004 4121 1080 4180 gravis
1091 4119 1235 4182 pariseesti-

160 4209 268 4242 censores
281 4193 405 4240 debebant.
710 4202 804 4235 mamus
818 4188 904 4235 marcis
923 4186 1017 4246 argenti
1032 4185 1179 4234 nostratibus
1192 4189 1232 4232 93.

193 4264 224 4306 66
242 4259 273 4308 In
285 4274 379 4307 cestrum
388 4259 477 4320 referre
487 4251 680 4318 uiatorerjussit]
712 4268 764 4304 cum
777 4253 855 4302 unciis
867 4259 891 4304 3.
903 4252 1024 4305 semuncia
1035 4257 1056 4299 1.

755 4313 840 4384 rfl
