3082 4976
467 171 561 235 LIB.
582 171 648 234 xL.
670 173 779 234 'cult
800 173 866 234 XL.
1147 181 1202 246 491
1293 192 1297 200 ·

196 331 274 400 XL.
303 335 419 402 Atrox'
442 301 559 426 ubique
589 337 748 424 proelium,
775 336 830 402 sed
858 336 946 401 varia
972 336 1099 403 fortuna
1127 351 1350 405 eratuusra

139 423 279 510 *gregis
291 422 336 487 ⁸⁴l
378 424 475 500 ones,
490 447 549 490 nec
570 425 696 513 segnius
716 423 789 490 dure
803 423 861 488 alae
875 425 1080 511 pugnabant3
1103 419 1243 492 exter.e-
1256 419 1284 464 c.
1296 425 1349 465 rsa

153 528 196 571 ne
210 445 492 574 auxiliallsimili
514 524 682 586 armatura,
698 510 828 574 meliore
848 509 1042 596 aliquantum
1069 509 1206 577 militum

150 615 278 679 genere,
293 596 520 690 urguebantur,
536 619 595 661 nec
614 596 719 661 locum
732 595 820 660 ‘tueri
841 607 999 681 poterant.
1044 597 1206 677 Celtiberi,

152 677 210 743 ubi
229 681 375 746 ordinata
389 681 455 747 acie
468 695 500 748 et
514 682 610 771 signis
632 681 763 746 conlatis
777 703 811 746 se
824 703 889 746 non
911 703 977 748 esse
996 704 1089 768 pares
1108 683 1206 772 legio·

151 765 248 830 nibus
270 781 442 846 senserunt,
459 791 558 834 cuneo
578 768 805 853 inpressionem
825 767 975 833 fecerunt.
997 791 1061 856 quo
1083 781 1206 835 tantum

150 852 259 918 valent
278 875 544 956 gnerepugnae,
560 867 606 933 ut,
626 873 824 940 quacumque
844 867 935 938 parte
948 854 1144 940 ⁸⁶perculere
1159 857 1207 920 in-

150 951 227 1023 petu
249 956 478 1019 suo,suat1nerr
498 955 667 1028 namt.
686 955 765 1004 tuuc
776 961 906 1026 qouque
918 941 1054 1006 torbeue
1069 941 1209 1030 legiones
1267 979 1297 990 ··

150 1038 235 1103 sunt,
267 1049 368 1112 prope
396 1029 574 1113 interrupta
602 1027 693 1092 acies.
744 1026 851 1102 Quam
878 1027 1124 1112 trepidationmr·
1147 1028 1206 1094 nbi

153 1109 285 1176 Flaccus
306 1114 488 1198 conspexit,
508 1135 591 1201 equo
612 1112 776 1179 advehitur
797 1111 837 1176 ad
858 1111 1047 1198 legionarios
1070 1116 1210 1202 equitesr·

155 1212 197 1274 et,
208 1201 337 1283 Ecquid
357 1201 472 1264 ausilii
490 1202 524 1264 iu
545 1201 627 1264 uobis
648 1205 714 1263 est?
736 1199 844 1263 Actum
853 1196 925 1282 jour
945 1202 983 1264 de
999 1201 1055 1264 ltoc
1073 1204 1211 1266 exercitu

152 1286 237 1348 erit?
260 1305 357 1371 quum
373 1287 512 1377 undique
527 1285 762 1362 adclamassent,
778 1285 852 1369 quia
862 1286 972 1363 ederet,
988 1289 1145 1370 quidfleri
1158 1309 1206 1352 ee·

151 1371 211 1442 lit,-
233 1391 291 1434 neu
313 1375 445 1456 seguiter
466 1375 624 1456 imperium
648 1381 845 1436 exsecuturos.
889 1373 1059 1456 Duplicate
1082 1383 1207 1454 turmas,

150 1455 264 1542 iuquit,
281 1460 409 1524 duorum
423 1461 576 1544 legionum
591 1460 715 1543 equites,
725 1467 754 1521 et
769 1456 970 1540 “permittite
978 1480 1067 1542 equos
1075 1459 1107 1522 iu
1118 1481 1208 1522 cune-

150 1563 200 1605 um
221 1544 361 1621 hostium,
377 1547 436 1628 quo
457 1555 575 1608 uestros
595 1555 735 1629 urgueat.
757 1546 792 1607 id
811 1565 874 1606 cum
895 1543 1011 1628 majore
1024 1545 1054 1608 ui
1067 1565 1208 1629 equorum
1323 1581 1332 1592 =

137 1629 284 1710 ficietis,
294 1632 322 1693 si
331 1631 495 1718 efferatos
509 1633 543 1694 iu
554 1651 603 1695 eos
613 1651 703 1713 equos
717 1630 891 1694 inmittitis:
906 1633 987 1713 quod
998 1651 1078 1713 soepe
1091 1632 1213 1696 Romae

151 1735 207 1778 nos
221 1716 333 1799 equites
352 1738 419 1780 eum
440 1716 553 1801 magud
567 1717 776 1800 laudesecisse
800 1735 866 1788 suu,
885 1719 1036 1780 memoriae
1048 1719 1207 1802 proditum

152 1811 205 1865 est.
249 1800 349 1866 Dicto
362 1816 548 1886 paruerunt,
563 1802 774 1888 detractisque
792 1800 887 1864 frenis
900 1800 949 1865 bis
964 1805 1048 1866 ultro
1063 1802 1209 1890 citroque

151 1907 224 1950 cum
240 1909 357 1974 magna
370 1902 474 1974 strage
488 1887 636 1966 hostium,
653 1887 792 1953 infractis
807 1887 955 1952 omnibus
977 1887 1084 1966 hastis,
1107 1903 1208 1954 uana·

152 1987 329 2038 currerunt.
375 1975 540 2060 Dissipato
568 1997 679 2051 cuneo,
708 1974 741 2037 in
771 1995 835 2059 quo
863 1975 966 2038 omnis
995 1995 1066 2059 spes
1093 1975 1207 2054 fuerat,

153 2057 305 2123 Celtiberi
329 2061 498 2146 trepidare,
521 2075 562 2138 et,
585 2082 684 2146 prope
709 2059 824 2127 omissa
849 2082 966 2149 pugna,
994 2060 1097 2126 locum
1122 2061 1207 2150 fugae
1215 2079 1354 2128 wentae.

151 2145 401 2230 circumspicere.
447 2147 490 2211 Et
508 2146 636 2212 ³⁷alarii
657 2148 786 2232 equites,
804 2160 970 2233 postquam
988 2147 1207 2214 Romanorum

148 2231 290 2318 equitum
306 2246 371 2296 tom
386 2233 591 2298 memorabile
612 2233 732 2298 facinus
751 2232 867 2313 videre,
882 2247 913 2296 et
927 2231 1000 2317 ipsi,
1017 2235 1132 2299 virtute
1151 2253 1206 2300 eo·

150 2337 224 2381 rum
239 2318 371 2396 accensi,
387 2320 455 2382 sine
469 2317 563 2383 ullius
583 2318 717 2404 imperio
738 2319 770 2380 in
793 2319 995 2401 perturbatos
1012 2320 1080 2404 jem
1102 2319 1209 2386 hostes

150 2423 250 2488 equos
271 2404 445 2470 inmittunt.
490 2403 586 2470 Tunc
606 2426 682 2468 vero
698 2402 851 2468 Celtiberi
872 2422 980 2468 omnes
994 2404 1027 2468 in
1041 2403 1148 2494 fugam
1163 2407 1207 2471 ef·

150 2487 337 2567 funduntur,
361 2504 392 2556 et
417 2491 588 2576 imperator
605 2491 781 2568 Romanus,
797 2511 918 2554 eversos
940 2489 1044 2556 hostes
1066 2505 1207 2558 contern-

150 2573 265 2660 platus,
288 2577 390 2642 oe'dem
413 2577 565 2643 Fortunae
591 2576 748 2663 Equestri‚
763 2575 897 2662 Jovique
920 2578 1042 2663 optimo
1067 2580 1209 2644 maximo

149 2661 243 2726 ludos
264 2664 358 2728 vovit.
404 2663 583 2728 Caeduntur
606 2662 757 2728 Celtiberi
779 2682 836 2746 per
858 2675 959 2728 totum
982 2662 1097 2730 saltum
1117 2665 1207 2731 dissi-

150 2748 219 2832 pati
239 2747 324 2835 fuga.
345 2749 455 2814 decem
471 2764 503 2815 et
517 2762 638 2835 septem
660 2748 758 2812 millia
778 2748 916 2812 hostium
931 2771 1011 2814 caesa
1026 2773 1064 2815 eo
1079 2752 1129 2818 die
1143 2767 1208 2818 tra·

151 2833 291 2900 duotore
322 2836 384 2900 viri
405 2837 489 2922 capti
511 2836 582 2922 plus
607 2833 759 2922 quatuorb
780 2832 888 2912 millia,
910 2834 1054 2901 ducentis
1082 2851 1207 2923 septua-

150 2921 241 3008 ginta
255 2935 373 3007 septem
395 2945 467 2987 cum
491 2923 587 3011 signis
605 2920 803 2998 militaribus,
819 2923 906 3008 equis
920 2943 1020 3006 prope
1034 2923 1120 2989 mille
1133 2947 1207 2990 oen·

151 3021 232 3072 tum.
278 3008 383 3073 Nullis
403 3009 512 3074 castris
528 3031 566 3074 eo
579 3008 632 3072 die
645 3009 747 3073 victor
760 3008 917 3087 exercitus
927 3009 1053 3073 mansit.
1076 3010 1208 3097 victoria

151 3115 215 3157 non
229 3094 295 3158 sine
310 3097 438 3183 jactura
452 3095 587 3160 militum
601 3093 670 3158 fuit.
693 3093 915 3183 quadringenti
930 3106 1040 3178 septue
1062 3095 1128 3161 inte
1142 3097 1208 3161 duo

150 3179 266 3246 milites
284 3179 433 3260 Romani,
449 3182 571 3246 soeillm
595 3200 632 3245 ac
647 3181 755 3246 Latini
777 3181 913 3246 nominis
934 3181 1021 3246 mille
1039 3119 1153 3247 decem
1176 3197 1211 3250 et

150 3257 277 3350 bovem,
293 3289 364 3333 cum
381 3269 428 3350 bis
443 3267 504 3333 tria
518 3267 616 3332 millia
630 3267 764 3332 militurn
783 3266 1021 3332 auxiliariorum
1036 3270 1208 3354 perierunt.

151 3353 196 3417 ita
210 3351 312 3416 victor
326 3354 491 3432 exercitus,
507 3367 656 3419 renovata
678 3354 783 3438 priore
802 3352 915 3441 gloria,
931 3352 1147 3420 Tarraconem
1161 3368 1208 3421 est

149 3437 330 3522 perductus.
374 3439 521 3506 Venienti
548 3440 663 3505 Fulvio
689 3439 744 3504 Ti.
761 3440 966 3526 Sempronius
995 3456 1124 3523 praetor,
1151 3444 1205 3529 qui

152 3525 251 3589 biduo
272 3539 346 3589 ante
367 3539 506 3606 venerat,
532 3527 657 3591 obviam
686 3525 854 3610 processit:
888 3526 1126 3616 gratulatusque
1149 3544 1207 3609 eat,

152 3613 238 3704 quod
257 3611 485 3698 rempublicam
510 3613 636 3702 egregie
657 3615 808 3702 gessisset.
835 3633 908 3676 curn
930 3633 1053 3679 summe
1077 3637 1208 3708 eoncor-

561 3748 634 3798 l’tre‘e
641 3752 715 3798 Gron-
725 3751 793 3798 Crer.

182 3886 215 3926 ut
237 3881 416 3944 Legiones...
436 3883 481 3930 alae
501 3912 546 3930 ...
563 3891 663 3931 estuat
696 3883 942 3932 Celtiberiahmtibot.

150 3944 258 4008 secuto]
279 3949 326 3995 llic
342 3949 403 3996 clara
419 3949 600 4008 distinguuntur
617 3949 664 3995 tria
726 3953 758 3996 at
775 3949 903 3996 Pereutrre
913 3952 1004 4012 rupen
1013 3949 1066 4011 ruo]
1082 3949 1144 4013 Lege
1153 3965 1209 4013 per·

149 4008 253 4057 militum
273 4027 358 4073 genera
376 4014 402 4060 iu
418 4013 522 4060 exercitu
536 4013 661 4062 Mmaooa
696 4015 771 4060 tulere
779 4015 882 4076 turpetur
890 4030 953 4063 rure.

150 4076 262 4136 ugione,
282 4089 296 4122 a
316 4078 407 4126 uiribus
429 4079 559 4138 Romamn
576 4081 630 4136 αἰῶ,
651 4093 664 4126 a
728 4083 761 4126 86
777 4080 1210 4142 Formianumue-„idemma-

151 4139 222 4188 sooils
240 4147 265 4188 at
290 4143 385 4192 nomina
401 4145 488 4190 Latino
508 4149 660 4191 eoormotear
688 4145 744 4206 jere
757 4147 784 4192 ai
798 4142 920 4208 equorum]
935 4145 996 4192 Tan.
1008 4143 1084 4192 Faber
1094 4143 1156 4193 delet
1167 4159 1208 4192 ro·

150 4212 249 4255 aeterna
259 4207 354 4254 audlr'u
367 4216 425 4256 sont
435 4211 532 4257 aliatum
545 4210 663 4271 gentium,
695 4223 745 4257 cem
756 4225 875 4274 equoreas

149 4275 176 4315 et
191 4271 231 4318 hio
248 4271 348 4328 intelligi
363 4274 450 4322 «lebam
465 4275 578 4338 Hispani,
590 4288 663 4336 quum
726 4282 758 4326 87
775 4276 858 4324 Alerta·
865 4273 1080 4339 equiteelllquites
1090 4277 1156 4322 socii.

149 4335 259 4385 dimotos
275 4339 354 4386 semila·
371 4345 495 4387 flammare
513 4339 586 4388 tuisse
609 4353 663 4388 aum
