3136 4982
313 245 320 266 ,
348 191 406 244 314
739 184 851 245 rsrr
880 183 1018 288 nivis

182 361 321 413 [sosas.
344 370 437 413 arcus
451 345 628 432 fundesque
641 359 673 413 et
689 346 878 434 jaculorum
890 360 1016 414 amente
1037 347 1220 416 emollierat.
1265 345 1405 415 Falcetm

183 493 283 541 Fslcstoe

182 560 309 622 quadrigas.

181 427 250 475 au.
266 436 320 480 see
343 457 470 522 quoque
482 433 657 586 qmdgigm,
673 435 788 520 quibus
809 457 844 500 se
865 435 1123 519 pedurbaturum
1142 433 1280 500 hostium
1303 435 1403 500 eciem

344 521 522 587 Antiochus
534 543 569 584 cr
611 521 719 598 iderat,
730 521 764 584 in
775 545 848 586 suos
858 534 1010 586 terrorem
1021 533 1192 587 verterunt.
1206 535 1338 586 urmetae
1349 535 1405 585 asu-⁴

344 609 450 674 tamin
462 608 697 676 huncmaxinre
709 609 948 674 modumerant.
963 607 1143 692 ”cuspides
1152 610 1236 672 circa
1244 620 1403 672 temonem

343 696 384 760 ab
404 695 486 782 jugo
504 694 615 758 decem
642 693 749 758 cubita
770 707 939 771 exstantes,
962 692 1048 759 velut
1072 715 1203 771 cornua,
1226 693 1404 770 habebant3

343 781 469 866 quibus,
491 779 645 866 quidquid
672 779 800 846 obvium
821 781 963 861 daretur,
986 780 1217 869 transfigerent.
1240 793 1272 845 et
1292 780 1325 843 in
1348 801 1404 844 ex-

343 867 451 932 tremis
474 868 560 953 jugis
589 866 674 931 binoe
699 868 784 932 circa
808 865 992 932 eminebant
1013 865 1127 947 falcem
1153 865 1251 932 altera
1278 877 1405 968 aequata

305 993 306 996 =
337 954 430 1040 jugo,
444 953 542 1018 alters
564 952 694 1018 inferior
708 953 741 1017 in
759 966 876 1019 terram
892 953 1028 1018 devexas
1050 952 1114 1030 ille,
1131 964 1176 1029 ut,
1192 951 1350 1039 quidquid
1362 950 1405 1017 ab

334 1039 439 1104 *latere
452 1039 652 1125 objiceretur,
667 1039 883 1105 abscinderet:
906 1039 986 1119 haec,
1000 1053 1037 1105 ut
1054 1039 1219 1124 prolapsos
1233 1035 1405 1104 ”subeun-

338 1131 451 1212 tesque
465 1127 672 1214 contingeret.
696 1128 769 1190 item
786 1126 827 1194 ab
841 1126 954 1190 axibus
975 1139 1117 1191 rotarum
1139 1126 1297 1212 utrimque
1317 1125 1404 1189 binae

342 1215 453 1278 eodem
468 1213 565 1278 modo
579 1213 711 1278 dirersae
726 1211 949 1300 deligabantur
960 1211 1065 1278 falces.
1109 1212 1163 1278 Sic
1178 1223 1313 1276 armatas
1326 1233 1405 1298 qua-

341 1299 460 1387 driges,
474 1299 560 1386 quie,
577 1299 602 1362 si
616 1299 650 1363 iu
665 1312 816 1376 extremo,
832 1311 887 1364 aut
907 1298 942 1362 in
960 1299 1066 1364 medio
1084 1297 1197 1374 locatae
1217 1297 1330 1374 forent,
1346 1319 1405 1382 per

341 1408 414 1450 suos
435 1386 568 1474 agendae
584 1397 683 1463 erant,
700 1386 732 1449 in
755 1386 859 1469 prima
873 1386 949 1463 acie,
965 1397 1002 1450 ut
1022 1385 1233 1450 antedictum
1246 1397 1303 1464 est,
1319 1384 1404 1449 loca-

340 1483 429 1536 verat
441 1494 510 1538 rex.
555 1472 652 1554 Quod
668 1471 721 1554 ubi
738 1471 897 1537 Eumenes
912 1471 999 1554 sidit,
1016 1470 1101 1538 haud
1121 1470 1251 1560 ignarus
1272 1492 1403 1558 pugnae,-

341 1572 373 1624 et
386 1579 480 1645 quem
504 1580 618 1644 anceps
640 1571 722 1623 esset
743 1558 853 1623 auxilii
875 1580 983 1644 genus,
999 1558 1110 1644 siquis
1131 1579 1279 1643 pavorem
1301 1557 1404 1644 magis

340 1645 429 1732 equis
450 1645 602 1731 injiceret,
617 1665 712 1732 quam
729 1646 817 1731 justa
836 1644 1015 1710 adoriretur
1027 1665 1148 1731 pugne,
1166 1645 1332 1711 cretenses
1352 1663 1404 1708 sa-

339 1731 494 1881 gittarios,
510 1731 757 1820 funditoresque,
772 1731 838 1796 'let
854 1731 1046 1817 jaculatores
1067 1731 1223 1817 equitum,
1238 1751 1304 1795 non
1326 1750 1403 1794 con·

235 1869 237 1872 ,
351 1831 446 1894 ertos,
467 1818 532 1910 sed,
549 1841 643 1904 quarn
669 1819 808 1884 maxime
829 1830 965 1902 possent,
980 1817 1147 1901 dispersos,
1163 1837 1331 1882 excurrere
1349 1817 1363 1902 j

339 1903 393 1970 bet
401 1928 411 1980 3
440 1904 535 1972 simul
563 1903 710 1968 omnibus
739 1904 882 1986 partibus
911 1902 974 1968 tela
1003 1905 1158 1992 ingerere.
1203 1901 1289 1968 Haec
1317 1902 1404 1968 velut

339 1989 488 2076 procella,
504 1990 621 2074 partim
636 1989 817 2055 vulneribus
838 1989 1000 2054 missilium
1023 1989 1162 2077 undique
1176 1992 1402 2076 conjectorum,

338 2077 455 2160 partim
469 2075 659 2140 clamoribus
670 2075 813 2154 dissonis,
823 2076 867 2140 ita
879 2077 1091 2142 consternavit
1100 2099 1205 2166 equos,
1217 2089 1252 2140 ut
1262 2089 1402 2160 repente,

339 2160 427 2227 velut
449 2161 601 2243 effrenati,
616 2162 733 2247 passim
749 2162 870 2227 incerto
883 2183 977 2226 cursu
997 2161 1172 2228 ferrentur:
1196 2183 1334 2250 quorum
1354 2165 1403 2226 in·

338 2260 430 2334 petus
455 2260 489 2312 et
516 2248 592 2315 levis
617 2264 787 2326 armatura,
811 2263 844 2314 et
872 2249 1015 2335 expediti
1044 2249 1227 2326 funditores,
1254 2261 1286 2312 et
1310 2248 1404 2313 velox

341 2335 501 2400 Cretensis
528 2349 690 2401 momento
715 2336 934 2401 declinabant:
958 2348 990 2401 et
1014 2358 1110 2422 eques
1137 2334 1332 2423 insequendo
1353 2345 1405 2400 tu·

340 2421 529 2487 multumne
550 2444 698 2509 pavorem
715 2423 804 2509 equis
818 2421 1053 2509 ²⁸camelisque,
1067 2435 1099 2485 et
1122 2422 1197 2506 ipsis
1217 2421 1311 2486 simul
1326 2443 1404 2486 con-

341 2508 495 2586 sternatis,
509 2508 655 2659 augebat,
671 2508 809 2574 clamore
826 2522 857 2574 ct
875 2511 915 2572 ab
934 2509 997 2574 alia
1016 2509 1287 2574 circumstantium
1310 2507 1406 2573 turbe

568 2619 582 2681 l

342 2593 510 2678 multiplici
532 2618 549 2658 a
586 2607 665 2660 ecto.
712 2595 763 2661 Ita
783 2595 887 2660 medio
909 2594 1083 2660 interdum
1104 2593 1187 2662 acies
1207 2616 1321 2679 campo
1336 2589 1404 2659 exiss

339 2694 461 2782 guntur
475 2680 658 2769 quadriges
681 2694 849 2768 amotoque
870 2683 957 2746 inani
978 2681 1119 2746 ludibrio
1135 2680 1347 2746 tum-demum
1361 2681 1404 2748 ed

335 2779 457 2854 Justusn
474 2767 634 2852 proelium,
650 2768 742 2857 signo
756 2769 914 2853 utrimque
928 2767 1013 2846 dato,
1030 2767 1219 2832 concursum
1231 2780 1288 2834 est.

384 2853 495 2918 XLll.
518 2855 669 2921 Ceterum
685 2877 765 2921 vana
779 2855 832 2920 illa
847 2876 898 2919 res
912 2877 994 2920 uerae
1009 2877 1083 2920 mox
1099 2853 1197 2918 cladis
1211 2875 1320 2918 caussa
1332 2851 1405 2918 fuit.

341 2941 461 3008 auxilia
475 2943 558 3006 enim
574 2941 770 3018 subsidiaria,
785 2963 858 3027 quae
879 2942 1025 3026 proxima
1044 2941 1147 3006 locata
1168 2952 1269 3019 erant,
1285 2961 1405 3026 pavore

341 3038 374 3092 et
399 3028 652 3092 consternatione
677 3027 902 3113 quadrigarum
932 3028 1051 3104 territa,
1078 3026 1205 3111 etipsa
1233 3028 1265 3091 in
1295 3025 1405 3112 fugam

342 3137 441 3192 versa,
464 3114 627 3178 nudarunt
648 3114 754 3178 omnia
778 3135 877 3200 usque
901 3114 943 3179 ed
967 3113 1187 3199 cataphractos
1211 3113 1340 3201 equites.
1363 3113 1404 3178 ad

182 3215 333 3290 resumens
342 3223 423 3288 quos
437 3222 546 3288 quum,
561 3201 718 3284 dissipatis
736 3199 892 3279 subsidiis,
907 3201 1098 3283 pervenisset
1111 3199 1269 3287 equitatus
1285 3201 1406 3264 Roma·

181 3279 335 3326 nuensmctn
344 3309 412 3364 stus,
427 3311 466 3352 ne
480 3287 617 3372 primum
630 3287 758 3386 quidem
772 3286 913 3372 inpetum
929 3287 955 3328 ²⁹
966 3309 1038 3371 pars
1053 3308 1163 3351 eorum
1177 3287 1405 3364 sustinuerunt.

181 3345 298 3393 turbatur.

343 3375 397 3440 alii
410 3374 471 3439 fusi
486 3385 575 3451 sunt3
599 3373 652 3437 alis
674 3383 807 3464 propter
825 3376 1007 3460 gravitatem
1029 3385 1281 3464 tegumentorum
1299 3394 1405 3439 armo·

373 3587 406 3628 et
425 3580 554 3641 cespides.
567 3611 574 3628 .
585 3611 592 3624 ·
605 3612 611 3624 .
624 3580 703 3628 decem
719 3579 801 3628 cubita
817 3595 858 3626 ee-
890 3577 1019 3640 aquitibu's,
1037 3581 1135 3640 eosqui
1154 3581 1298 3640 jaculatores
1316 3585 1404 3630 essem.

342 3641 445 3709 ames]
467 3646 553 3694 mdiu
569 3647 627 3707 legit
641 3645 772 3698 sehsten·
787 3647 816 3694 da
834 3659 859 3692 se
890 3645 943 3696 Nisi
955 3647 975 3694 si
989 3646 1050 3692 iuste
1066 3645 1155 3706 aliquid
1173 3647 1213 3693 hic
1228 3647 1325 3706 excidit,
1336 3647 1405 3707 quate

344 3710 444 3758 vehicul.
458 3709 764 3760 t.11.e.1s.Hasas1us.
797 3711 858 3760 Hes
890 3712 1336 3774 austrumasiqmssemuequtrm
1364 3712 1406 3759 lst-

224 3813 227 3822 .
343 3775 455 3828 semiferi
473 3776 610 3835 conjectura
627 3777 776 3826 ,adnitenda
794 3777 857 3824 risle-
890 3776 926 3822 ira
944 3777 1007 3822 enim
1027 3782 1129 3837 quatuor
1148 3776 1239 3823 direrss
1257 3791 1344 3838 genera
1357 3777 1405 3824 dis·

342 3847 393 3900 tur,
407 3856 438 3889 ue
455 3842 565 3889 immanis
579 3839 717 3890 titillarunt
734 3842 857 3902 cuspidem
890 3842 1034 3902 tinguuntur
1052 3854 1132 3890 eorum
1151 3843 1191 3903 qui
1210 3843 1335 3904 quadrigm
1351 3839 1404 3889 illas

342 3909 478 3966 lentitudo,
488 3913 513 3958 st
524 3905 595 3956 simul
606 3912 634 3956 ut
647 3897 770 3968 auspitium
780 3907 859 3956 currui
891 3908 1044 3967 expulerusts
1065 3908 1127 3954 lesia
1142 3914 1279 3966 amram,
1298 3909 1406 3970 aspsdtsi

343 3974 471 4035 salemque
487 3974 606 4023 affixarum
624 3985 736 4027 numerus
752 3977 858 4022 notetm.
884 3973 1034 4033 funditores,
1040 3972 1104 4019 selas
1116 3973 1243 4031 Ονιιαυίε,
1253 3987 1329 4034 eque.

342 4041 476 4090 durabant
494 4040 611 4101 igiturex
628 4051 772 4100 unoquoque
789 4050 859 4086 curru
924 4044 954 4084 28
973 4039 1117 4100 vernalisque
1132 4045 1156 4085 et
1174 4035 1246 4102 ipse]
1261 4037 1294 4085 Et
1310 4039 1405 4088 camelus

343 4106 545 4166 mansuevisse
556 4105 586 4152 asi
603 4103 678 4152 cubiti
693 4103 764 4152 ouius
780 4103 857 4164 longi·
890 4117 985 4163 quoque
1004 4103 1071 4164 ipsis,
1090 4106 1132 4166 qui
1151 4105 1223 4152 ricini
1244 4105 1363 4164 quadrigis
1382 4119 1407 4150 e·

341 4172 460 4218 tudinem.
810 4211 813 4216 .
891 4174 954 4216 rant.

376 4229 642 4298 terminarentur
659 4233 700 4294 qui
720 4233 858 4282 subiussc·
924 4239 955 4282 29
972 4234 1039 4281 Pars
1066 4227 1157 4298 esrum]
1190 4234 1265 4282 vnde
1292 4240 1406 4296 sospem·

312 4291 314 4298 ’
343 4303 582 4356 emsscmaaeentur.
724 4339 726 4346 .
891 4304 948 4346 sunt
964 4299 1001 4347 lrss
1015 4301 1068 4347 due
1081 4306 1195 4360 rocensi
1211 4300 1241 4346 iis
1256 4302 1337 4348 recisis
1353 4315 1406 4350 sen·

376 4373 406 4415 27
424 4367 461 4413 Es
474 4368 622 4428 jaculatores
641 4359 760 4426 muitum]
776 4365 813 4416 ,Et
823 4379 858 4434 ss
891 4377 931 4414 sas
943 4365 1098 4416 nihilominus
1110 4366 1201 4430 integer
1211 4371 1314 4414 canstat
