3104 4976
313 153 370 214 170
412 125 436 204 .‘
689 143 802 206 mm
830 139 967 206 nivii

147 327 283 378 uorsa
306 321 385 388 erat,
405 330 445 374 co
468 309 513 374 ias
537 308 672 376 reduxit.
713 306 809 387 Sunt,
834 311 889 398 qui
914 331 980 376 uon
1009 329 1050 374 ex
1078 309 1199 396 oppido
1223 302 1366 394 proficis-

146 394 283 442 ΝΜ·
307 407 432 463 centem
486 396 564 462 llum
578 398 710 484 gessisse
723 409 893 483 tyrannum
913 396 1051 476 tradant,
1066 397 1121 462 sed
1135 397 1244 463 castris
1258 394 1368 460 adrer-

120 499 124 508 “
198 483 202 490 ’
251 481 255 506 ’
308 501 360 550 sus
383 483 529 548 Romana
549 495 652 548 castra
674 482 791 567 positis.
813 481 931 570 diuque
951 494 1145 565 cunctatum,
1160 501 1259 570 quum
1274 481 1382 546 AEto·

307 569 412 635 lomm
426 569 544 634 auxilia
557 581 775 655 exspectasset,
791 582 936 636 coactum
951 571 993 635 ad
1006 583 1184 636 extremum
1206 569 1274 634 acie
1292 589 1370 633 con-

308 657 427 744 fligere,
449 656 560 741 inpetu
585 656 620 720 iu
644 654 844 740 pabulatores
866 677 939 720 suos
962 656 1002 721 ab
1029 655 1182 721 Romanis
1204 654 1307 722 facto:
1330 675 1369 717 eo

308 741 424 828 proelio
451 741 578 819 rictum,
608 743 780 828 castrisque
807 754 936 806 exutum
964 763 1074 829 pacem
1100 742 1219 828 petisse
1226 765 1237 824 3
1270 760 1369 828 quum

309 827 494 978 caclildisserit
522 827 703 916 quindecim
732 826 831 893 millia
855 827 1001 907 militum,
1024 839 1117 914 capta
1138 827 1210 915 plus
1233 838 1370 914 quatuor

310 915 356 980 mi
379 913 409 979 ia
418 923 535 979 'essent

354 1000 468 1066 XLII.
492 999 615 1066 Eodem
631 999 695 1065 sere
709 1013 852 1087 tempore
862 993 928 1066 ata
941 999 984 1066 T.
1000 999 1156 1077 Quinctio
1166 999 1207 1066 de
1220 1001 1313 1066 rebus
1327 1000 1369 1064 ad

310 1086 572 1152 lacedaemonem
597 1088 703 1174 gestis,
725 1102 757 1153 et
778 1087 817 1152 ab
833 1085 884 1153 M.
900 1087 1016 1154 Porcio
1037 1086 1165 1153 consule
1185 1109 1226 1151 ex
1249 1087 1372 1173 Hispa·

311 1173 365 1238 nia
380 1172 480 1238 literae
498 1174 624 1239 adlatoe.
646 1174 811 1259 utriusque
832 1175 961 1239 nomine
975 1173 1009 1237 in
1023 1173 1091 1238 dies
1112 1184 1235 1239 ternos¹
1248 1173 1369 1260 suppli·

311 1260 395 1324 catio
409 1283 429 1324 a
442 1273 554 1324 senatu
568 1260 696 1326 decreta
709 1274 766 1326 est.
810 1259 850 1324 L.
865 1258 1010 1325 Valerius
1035 1260 1161 1339 consul,¹
1179 1281 1275 1347 quum
1296 1273 1371 1346 post

311 1345 396 1411 fusos
419 1347 502 1412 circa
525 1347 675 1412 Litanam
697 1347 806 1411 silvanr
822 1346 919 1411 Boios
940 1347 1078 1433 quietam
1101 1345 1297 1433 provinciam
1311 1345 1369 1412 ha·

311 1432 442 1511 buisset,
468 1433 667 1499 comitiorum
691 1431 799 1498 caussa
815 1432 951 1498 Romam
976 1432 1085 1511 rediit3
1107 1447 1140 1498 et
1163 1433 1280 1498 creavit
1294 1455 1370 1499 con·

313 1519 395 1588 sulas
412 1520 463 1585 P.
487 1520 669 1584 Cornelium
701 1519 881 1605 Scipionem
908 1518 1094 1584 Africanum
1119 1520 1234 1584 iterum
1259 1530 1291 1584 et
1314 1517 1371 1585 Ti.

205 1633 208 1652 ι
314 1605 540 1689 Sempronium
555 1607 714 1690 Longum.
762 1605 891 1670 Horum
907 1618 1011 1690 patres
1025 1607 1130 1691 primo
1144 1625 1230 1670 anno
1239 1604 1370 1671 secundi

153 1699 264 1748 comitia
314 1692 428 1758 Punici
452 1691 523 1756 belli
548 1692 693 1757 consules
714 1690 849 1757 fuerant.
895 1691 1050 1758 Pratoria
1069 1691 1145 1756 inde
1166 1692 1294 1758 comitia
1314 1692 1371 1758 ba·

312 1777 388 1844 bita.
411 1778 507 1843 creati
530 1779 567 1844 P.
585 1778 752 1843 Cornelius
777 1778 894 1864 Scipio,
914 1790 946 1843 et
967 1779 1032 1843 duo
1053 1778 1114 1844 Cn.
1132 1778 1282 1860 Cornelii,
1298 1779 1372 1844 Me·

312 1865 413 1930 reuda
437 1876 469 1929 et
494 1864 612 1940 Blasio,
635 1875 668 1928 et
694 1863 755 1928 Cn.
777 1863 940 1928 Domitius
965 1864 1224 1944 Ahenobarbus,
1239 1879 1271 1930 et
1297 1867 1370 1930 Sex.

313 1951 465 2038 Digitius,
481 1963 513 2014 et
527 1950 569 2014 T.
584 1950 606 2016 J
608 1951 752 2016 orentius
767 1949 903 2015 Thalna.
950 1950 1096 2017 Comitiis
1118 1951 1274 2037 perfectis,
1295 1973 1372 2017 con-

312 2036 361 2100 sul
376 2039 408 2100 in
421 2036 616 2120 provinciam
632 2036 733 2102 rediit.
780 2037 907 2102 Novum
923 2038 976 2123 jus
997 2053 1036 2102 eo
1055 2059 1140 2102 anno
1153 2055 1174 2102 a
1189 2037 1373 2104 Ferentina-

312 2122 396 2188 tibus
421 2135 586 2204 tentatum,
601 2135 637 2188 ut
659 2123 778 2203 Leuni,
800 2124 855 2210 qui
877 2124 916 2187 in
931 2123 1088 2188 coloniam
1115 2123 1291 2200 Romanam
1312 2147 1371 2190 no·

312 2209 400 2274 mina
414 2209 583 2288 dedissent,
597 2210 679 2274 cives
695 2210 834 2274 Romani
849 2221 959 2274 essent.
981 2209 1172 2288 ⁴⁵Puteolos,
1190 2211 1372 2277 Salernum·

203 2357 212 2364 .
314 2315 387 2382 que,
410 2309 441 2362 et
461 2296 643 2362 Buxentum
667 2295 818 2382 adscripti
841 2295 955 2374 coloni,
979 2297 1034 2382 qui
1053 2295 1183 2361 nomina
1207 2297 1370 2376 dederant,

314 2389 413 2470 quum
423 2383 471 2448 'ob
485 2383 518 2446 id
533 2406 566 2448 se
580 2405 639 2468 pro
654 2383 774 2467 civibus
791 2383 945 2448 Romanis
966 2383 1094 2460 ferrent,
1110 2395 1236 2448 senatus
1245 2384 1372 2470 judica·

314 2471 375 2546 vit,
385 2491 448 2534 non
465 2491 531 2534 esse
542 2491 595 2533 eos
610 2469 693 2534 cives
709 2470 881 2534 Romanos.

152 2559 290 2608 Mm-
322 2589 325 2594 ·
357 2555 487 2621 XLIII.
510 2555 674 2642 Principio
693 2558 779 2632 anni,
802 2578 867 2642 quo
883 2557 921 2622 Ρ.
939 2557 1046 2642 Scipio
1068 2555 1235 2622 Africanus
1256 2557 1371 2623 iterum
1405 2571 1411 2584 ·

150 2625 301 2738 {miso
315 2654 347 2730 et
363 2637 415 2706 Tr.
433 2643 639 2728 Sempronius
654 2641 789 2730 Longus
808 2643 952 2711 consules
971 2643 1112 2724 fuerunt,
1126 2643 1221 2731 legati
1242 2643 1375 2710 Nabidis

151 2755 185 2803 11.
194 2730 442 2816 T,‚s„„.tyranni
460 2729 596 2795 Romam
611 2739 791 2794 venerunt⁸.
835 2729 900 2794 tis·
912 2741 1003 2795 extra
1016 2729 1130 2794 urbem
1143 2730 1262 2796 inuade
1274 2731 1376 2817 Apol·

150 2814 531 2882 cenomannensium
552 2817 645 2882 datus
666 2828 722 2881 est.
744 2837 819 2902 pax,
841 2839 912 2902 quae
933 2838 1006 2880 cum
1028 2815 1069 2880 T.
1087 2815 1240 2893 Quinctio
1261 2839 1375 2882 conve-

145 2923 292 2975 'rrortnetaa
316 2904 423 2982 uisset,
439 2915 558 2975 atrata
579 2913 671 2981 esset,
686 2905 854 2988 petierunt,
869 2903 1189 2988 impetraveruntque.
1232 2903 1284 2968 De
1298 2925 1374 2988 pro·

315 2989 425 3054 vinciis
439 3011 538 3075 quum
558 2988 692 3055 relatum
715 3004 805 3066 esset,
821 3002 946 3054 senatus
959 2988 1104 3075 frequens
1118 2990 1152 3053 in
1166 3010 1234 3054 eam
1250 3003 1375 3056 seuten-

315 3077 392 3141 tiam
412 3075 496 3153 ibat3
518 3087 565 3152 ut,
580 3075 730 3162 quoniam
746 3077 780 3139 in
796 3075 957 3162 Hispania
977 3090 1010 3142 et
1026 3075 1216 3142 Macedonia
1236 3075 1375 3143 debella-

317 3176 385 3228 tum
399 3160 492 3240 foret,
514 3160 695 3227 consulibus
710 3162 864 3226 ambobus
885 3161 978 3227 Italia
991 3163 1153 3248 provincia
1173 3175 1262 3230 esset.
1307 3165 1376 3230 Sci·

282 3345 290 3358 .
316 3366 328 3395 a
339 3299 549 3412 ἑξενὲιοὶἰπᾰίεε
559 3299 713 3375 Grau—Creu
771 3299 945 3347 rambertus
954 3301 1028 3348 Grou.
1077 3301 1294 3374 ²add.deoGroa.
1305 3303 1376 3350 Cres.

368 3380 390 3411 rr
421 3379 440 3412 a
1249 3401 1252 3410 ,

350 3483 381 3525 45
406 3477 528 3539 Puteolos,
544 3477 724 3540 aureamque,
740 3482 765 3524 et
780 3479 832 3525 Ba·
864 3481 971 3532 nondum
992 3481 1103 3530 videntur
1120 3481 1193 3528 fuisse
1214 3481 1313 3530 colonia
1328 3481 1377 3530 llo·
1464 3529 1468 3534 .

316 3549 416 3591 sentum
427 3543 556 3605 ‘adscripti
573 3545 658 3602 catoni,
674 3546 717 3606 qai
735 3545 832 3591 aomina
863 3561 950 3606 manre,
962 3561 1035 3608 quum
1046 3548 1071 3593 iu
1082 3547 1133 3594 baeo
1144 3547 1190 3594 tris
1200 3547 1288 3610 oppida
1297 3547 1377 3594 coloni

317 3604 441 3670 dederam]
450 3609 597 3670 Adrerr'ptta
607 3609 737 3656 triumviris
746 3611 831 3668 rohai,
863 3613 966 3660 Romani
980 3612 1075 3660 deducti
1092 3626 1142 3659 etse
1153 3613 1263 3659 dicautur
1273 3614 1343 3667 iufra,
1355 3627 1379 3661 c.

318 3677 362 3737 φη·
380 3688 430 3721 sese
447 3675 585 3721 obtulerant
601 3689 615 3722 e
631 3674 732 3729 Latinis,
747 3680 772 3722 et
791 3689 832 3722 ero·
864 3683 905 3725 ts.
938 3679 984 3726 Sed
995 3679 1107 3725 nimitum
1118 3678 1190 3726 tertio
1200 3681 1256 3724 aute
1266 3691 1330 3725 anuo
1341 3677 1379 3724 lex

317 3739 422 3788 missin
438 3740 592 3786 esacolonius
609 3740 728 3788 dederuut.
763 3742 832 3788 cete·
865 3743 914 3790 lata
929 3745 1016 3803 iuerat,
1034 3757 1106 3804 supra
1117 3746 1132 3792 l.
1143 3741 1255 3800 XXXII.
1265 3757 1286 3790 e.
1298 3740 1338 3792 29.
1348 3747 1378 3788 ut

318 3819 370 3852 rum
387 3818 471 3852 sensus
488 3805 559 3864 hujus
577 3806 621 3852 loci
638 3805 832 3870 baudiacepsr·
865 3795 901 3856 bd
928 3811 1027 3857 colonia
1052 3809 1232 3866 deducerentur,
1260 3805 1378 3867 creatique

318 3871 414 3932 epicum
425 3875 470 3918 est.
503 3869 775 3932 Facileiutelligeremus
786 3873 832 3919 Lu·
864 3875 983 3922 triumviri
999 3876 1017 3922 ii
1032 3875 1079 3936 ipsi
1097 3875 1136 3935 qui
1152 3888 1208 3920 mcx
1219 3887 1240 3921 c.
1251 3877 1290 3920 tt.
1301 3872 1380 3918 uomi-

317 3935 564 3996 tInosuliquot,puta
578 3937 833 3996 quosdmererenti·
865 3941 993 3987 nubuntur.
1028 3941 1213 4002 Intelligendum
1236 3937 1380 4000 utigitur,

264 4040 268 4052 „
317 4000 425 4060 natibus,
433 4002 532 4062 sititque
545 4002 645 4049 fomes
654 4003 717 4048 Latii
727 4004 832 4064 populls,
865 4003 1381 4061 temtuneineuoatrmeamedaunodez

319 4081 392 4128 qaum
407 4067 519 4129 adscripti
535 4074 615 4114 essem
625 4068 703 4115 coloni
714 4069 835 4127 Puteolos,
866 4083 932 4117 urum
951 4077 1064 4131 sequente
1081 4073 1111 4119 ud
1127 4072 1216 4118 exitum
1228 4069 1382 4132 perducturus

317 4130 451 4186 salanum,
464 4134 611 4194 Buxentum,
622 4147 673 4179 sere
689 4145 732 4193 pro
743 4134 835 4180 uiribus
866 4135 937 4182 iuitIo
958 4142 1037 4182 autem
1056 4138 1089 4184 rei
1109 4135 1261 4198 iucipiuudu,
1280 4133 1382 4181 Latinos

316 4199 431 4245 Ite-auis
451 4199 563 4254 meiere:
591 4203 699 4244 senatum
715 4198 834 4255 judicasse
866 4201 1057 4249 inesseolonias
1074 4203 1172 4251 nondun
1192 4199 1327 4261 dedisse,et
1340 4197 1380 4246 sd·

315 4277 357 4310 eos
367 4265 429 4310 cives
441 4277 490 4311 nou
500 4277 560 4312 esre.
592 4264 681 4309 Verum
697 4262 721 4308 id
738 4264 830 4322 turbat,
864 4265 964 4328 scriptos
972 4263 1077 4320 colonos.

277 4327 281 4334 '
315 4329 379 4388 quod
388 4329 493 4388 Puteoli,
504 4330 636 4387 Salernum,
648 4333 672 4374 et
683 4328 830 4389 Buxentum,
