3136 4982
457 205 548 268 um.
571 203 749 268 xxxvnt.
777 203 877 308 cue.
900 207 934 266 L.
1167 162 1226 272 ese

165 377 297 442 nerent?
319 393 425 458 nempe
445 373 643 458 obpugnandi
665 381 763 435 erunt.
812 369 923 439 Quid?
946 373 990 436 ad
1010 373 1224 458 Thermopylas
1232 391 1262 438 u.
1275 390 1302 436 c.
1315 381 1370 437 sesss
1414 375 1416 388 '

165 479 292 546 aquarn
305 461 369 524 ioco
380 459 445 523 Μ’.
458 459 578 524 Acilius
591 479 656 520 cnm
668 479 739 541 rege
747 450 900 521 Antiocho
907 457 1086 542 pugnauit?
1112 461 1199 536 Quid
1206 466 1223 522 t
1233 457 1263 502 A.
1273 457 1301 504 ⁰·
1317 461 1370 506 ¹⁸⁷·

167 549 347 630 Philippum
362 563 423 608 non
437 547 537 608 rodon
550 545 639 606 modo
650 547 741 626 super
752 543 848 607 Aoum
863 544 1064 628 amnemjuga
1078 555 1225 610 tenentem

166 636 312 698 montium
332 632 369 695 T.
384 629 546 706 Quinctius
564 627 698 712 dejecit?
734 631 886 712 Equidem
907 631 1149 714 adiuuantium
1171 644 1226 696 out

169 719 373 802 sibistngant‚
389 727 443 780 aut
457 717 540 780 uobis
554 717 655 780 uideri
667 716 762 779 velint
775 715 885 778 bostem
887 714 1002 800 fidisse,
1018 737 1079 779 nau
1093 719 1224 782 inuenio.

152 806 205 870 ,si
218 807 389 889 degenerem
412 811 442 866 et
463 803 624 866 emollitum
639 802 815 865 amoerritote
829 803 922 876 Asin,
938 803 1015 886 quid
1029 805 1166 884 periculi
1179 807 1226 868 uel

171 892 277 974 iniquo
290 892 353 953 Ioco
367 887 558 954 subeuntibus
567 888 667 970 suit?
688 889 716 950 si
726 887 889 950 timendum
910 897 943 950 et
950 889 1088 973 scritate
1108 883 1225 954 unimo-
1287 935 1292 946 κ

171 998 246 1052 rum,
262 985 292 1040 et
305 976 413 1044 robore
426 995 593 1056 comarum,
608 971 749 1036 ⁷⁸lruicne
769 983 866 1036 tanta
890 975 1026 1038 victorie
1044 978 1227 1058 triumphum

169 1059 311 1146 negotis?
344 1061 431 1125 Caco
447 1061 569 1124 invidio
590 1068 643 1134 est,
662 1060 774 1123 Patres
794 1060 968 1144 conscripti,
985 1081 1039 1124 nee
1063 1064 1228 1146 quidquam

167 1149 258 1212 aliud
270 1148 337 1222 scit,
353 1167 441 1230 quam
456 1145 659 1208 ⁷⁹detrectare
680 1145 815 1220 uirtutes,
838 1165 1031 1228 conrumpere
1051 1148 1177 1212 horrores
1193 1170 1230 1212 oc

163 1235 297 1316 promia
307 1251 425 1298 eorm.
447 1232 534 1308 milri,
549 1246 657 1314 arrasa,
674 1233 720 1294 ita
735 1229 909 1314 ignoscatis,
925 1234 1040 1296 Patres
1052 1237 1228 1316 conscripti,

170 1321 198 1384 si
218 1321 384 1403 longiorem
407 1319 575 1381 orationem
594 1337 655 1379 non
680 1318 834 1398 cupiditas
848 1315 874 1354 ⁸⁰
879 1319 1043 1402 gloriandi
1056 1321 1094 1382 dc
1109 1341 1163 1396 me,
1176 1325 1230 1384 scd
1284 1343 1286 1347 ·

170 1406 340 1470 necessaria
357 1403 516 1468 criminum
530 1402 666 1486 defensio
667 1403 761 1488 ficit.
806 1401 862 1466 Au
877 1404 968 1466 etiam
983 1425 1045 1486 per
1064 1405 1228 1470 lbraciam

170 1493 266 1556 saltus
275 1500 427 1574 potentes,
439 1491 494 1574 qui
506 1490 632 1573 angusti
652 1498 752 1568 mont,
766 1497 796 1551 et
805 1490 907 1570 plana
921 1511 959 1552 eu
973 1492 1090 1566 arduis,
1105 1501 1135 1554 et
1149 1493 1229 1556 occlto

170 1599 209 1642 ca
221 1577 521 1660 siluestribnsfacere
534 1575 633 1658 potui,
650 1583 681 1637 et
688 1583 851 1656 prostare,
866 1575 973 1640 necubi
986 1579 1066 1641 notis
1079 1577 1139 1644 sibi
1152 1581 1230 1642 lote-

167 1663 234 1734 bris
253 1664 462 1731 delitescerent
482 1663 617 1724 latrones
635 1661 777 1736 linaceo,
793 1681 831 1722 ue
845 1661 921 1743 quid
932 1664 1124 1746 sarcinarum
1138 1685 1230 1746 rupe·

167 1759 264 1825 retur,
280 1770 318 1814 nc
339 1750 419 1833 quod
431 1745 601 1831 jumentum
625 1769 662 1810 ec
684 1756 772 1810 tanto
796 1748 918 1830 agmine
940 1748 1176 1826 abstraheretur,
1193 1772 1231 1813 nc

169 1837 243 1920 quis
253 1837 474 1910 mdneroretur,
489 1855 528 1896 ue
541 1855 578 1894 en
592 1835 714 1896 uulnere
727 1833 777 1896 uir
784 1832 887 1917 sortis
900 1853 938 1897 ac
950 1843 1088 1900 strenuus
1105 1836 1147 1912 Q.
1162 1837 1231 1900 Mi-

169 1923 275 1988 nucius
296 1925 487 1984 necteretur?
516 1918 589 1982 ⁸¹In
615 1921 670 1982 boc
692 1939 773 1993 conc,
796 1939 855 2002 quo
876 1919 1041 2002 irfieliciter
1062 1923 1181 1998 incidit,
1198 1934 1232 1986 ut

170 2009 262 2072 talem
283 2009 376 2074 ciuem
397 2007 607 2080 amitteremus,
631 2006 756 2068 boererrt.
804 2004 896 2087 Quod
918 2009 1000 2070 saltu
1026 2008 1142 2093 iniquo,
1166 2011 1231 2074 loco

169 2093 282 2169 obiecto,
293 2114 381 2177 quun
396 2093 522 2156 adornes
536 2086 697 2155 lostis'nos
708 2101 792 2167 esset,
808 2091 877 2154 dua
890 2094 979 2156 simul
993 2097 1074 2160 acies
1087 2097 1187 2178 primi
1202 2106 1232 2159 ct

167 2181 328 2244 tenuissimi
341 2179 647 2263 agminis-barentum
662 2179 707 2239 ad
719 2179 926 2258 inpedimento
940 2189 1046 2242 nostru
1069 2185 1231 2245 coercitum

169 2266 368 2336 barbarorum
402 2266 657 2328 circumvenerunt
663 2297 674 2334 ,·
705 2265 788 2344 quod
803 2265 910 2326 'multa
939 2267 1039 2328 millia
1074 2271 1141 2348 ium
1170 2271 1230 2343 die,

166 2354 264 2434 plura
274 2353 367 2415 multo
375 2360 447 2433 post
456 2351 521 2414 dies
532 2371 644 2432 paucos
652 2350 824 2412 cecideruut
832 2359 863 2433 et
873 2361 1015 2432 ceperunt
1021 2385 1032 2422 ,·
1056 2353 1120 2428 boc,
1132 2355 1166 2416 si
1171 2356 1233 2434 ipsi
1274 2407 1276 2413 .

170 2439 332 2513 tacuerint,
348 2458 399 2502 uos
410 2437 546 2510 scituros,
563 2456 651 2518 quum
666 2435 750 2498 testis
768 2437 920 2500 mulionis
934 2457 1006 2500 mccc
1023 2448 1104 2502 totus
1117 2442 1232 2502 coerci-

171 2533 220 2588 tus
240 2525 292 2600 sit,
308 2544 370 2586 non
390 2523 537 2586 creduut?
569 2522 605 2585 Si
621 2521 810 2604 gladiumin
825 2522 902 2585 Asia
917 2543 978 2585 nan
992 2527 1189 2603 strinuisscm,
1206 2529 1234 2589 si

169 2611 280 2674 bostem
295 2631 356 2672 non
371 2609 508 2674 uidissem
514 2641 526 2680 ,·
550 2617 650 2672 tamen
660 2609 838 2688 proconsule
852 2611 1035 2690 triumphum
1047 2613 1081 2673 in
1098 2613 1234 2676 Tlrrncin

171 2695 284 2764 duobus
292 2697 418 2778 proeliis
428 2715 603 2758 merueram.
649 2691 783 2776 Sedjam
795 2693 906 2768 dictum
921 2699 997 2758 satis
1011 2707 1065 2760 est.
1087 2701 1161 2780 quin
1171 2721 1233 2780 pro

173 2803 219 2856 co,
239 2784 321 2866 arcad
340 2781 476 2862 pluribus
497 2780 595 2844 uerbis
615 2800 675 2855 uos,
692 2799 781 2862 quom
803 2781 894 2853 uolrri,
905 2781 1061 2864 fatigavi,
1078 2788 1196 2846 ueniam
1212 2807 1233 2847 a

166 2868 257 2942 ‚vobis
264 2868 395 2950 petitam
408 2869 659 2950 impetratamque
668 2865 767 2942 uelim,
784 2866 897 2928 Patres
910 2869 1082 2948 conscripti.
1097 2937 1101 2944 ⁸
1134 2928 1139 2940 ,

218 2953 255 3018 L.
281 2953 357 3018 Pius
378 2952 512 3018 crimine
526 2973 564 3016 eo
579 2952 642 3028 die,
658 2972 753 3037 quum
769 2949 918 3026 defensio,
936 2952 1115 3032 veluissent,
1132 2957 1163 3018 ni
1188 2955 1232 3020 ul·
1298 2993 1300 2998 ·

131 3099 141 3114 ,
166 3040 380 3112 cessationem
405 3039 438 3104 in
462 3059 566 3104 serum
591 3037 821 3124 perduxissent.
852 3037 1021 3102 dimittitur
1046 3055 1173 3105 senatus
1198 3041 1232 3105 in

175 3149 213 3192 eu
227 3125 392 3211 opinione,
399 3137 436 3202 ut
450 3136 619 3212 negaturus
628 3121 822 3208 triumphum
836 3121 928 3190 fuisse
940 3125 1107 3191 videretur.
1154 3127 1233 3193 Pos-

174 3226 244 3278 tero
270 3212 322 3278 die
344 3227 376 3278 et
400 3212 527 3298 cognati
556 3210 712 3296 amicique
735 3209 795 3273 Cn.
813 3207 929 3273 Manlii
959 3215 1090 3276 summis
1118 3215 1386 3306 opibusrrfmmpuu,

172 3298 276 3364 adnisi
291 3311 375 3371 sunt,
390 3311 422 3362 et
436 3297 605 3364 auctoritas
618 3297 778 3360 seniorum
794 3295 901 3376 valuit,
917 3299 1111 3380 negantium,
1123 3323 1231 3366 exem·
1242 3311 1333 3356 Montio
1345 3311 1384 3354 ‹le-

164 3385 262 3470 .pium
306 3384 445 3450 ruditum
465 3384 627 3448 memoriae
641 3404 720 3461 esse,
735 3395 771 3446 ut
784 3382 966 3467 imperator,
982 3386 1046 3470 qui,
1062 3383 1326 3471 perduelli-“⁰¹¹¹''

173 3471 233 3536 bus
292 3469 410 3549 evictis,
445 3468 586 3536 coniectu
624 3469 797 3554 provincia,
827 3471 998 3534 exercitum
1034 3488 1232 3558 reportasset,

164 3557 240 3624 sine
252 3578 348 3624 curru
364 3571 396 3622 et
409 3555 516 3622 loures
536 3555 679 3641 priuatus
699 3553 977 3642 inhonoratusque,
995 3558 1105 3624 urbem
1130 3563 1232 3629 iniret.

480 3701 484 3708 '
523 3697 672 3770 'flpruecnsul
682 3709 726 3757 det.
741 3709 816 3759 Gron.
825 3708 893 3756 Cres.

212 3869 242 3913 ⁷⁸
260 3859 691 3928 Huicne]UnuscMSS.Grouoriu·
724 3865 842 3922 mecetius.
874 3864 921 3912 nu
938 3865 1099 3926 ignorutVict
1124 3869 1195 3914 codex
1211 3874 1235 3913 st

175 3928 214 3975 nis
223 3936 248 3976 et
259 3929 408 3976 recurvus.
419 3929 547 3976 Huiceiue.
723 3943 786 3976 unus
798 3944 810 3975 e
822 3929 891 3974 MSS.
903 3927 1011 3977 Hesruii.

210 4001 241 4046 79
258 3993 399 4042 Detrectm'e
419 3991 531 4058 uirtutes]
553 3993 692 4042 Obtrectnre
757 4001 784 4040 81
803 3995 836 4039 In
844 3993 885 4040 boc
896 4008 952 4041 casu
962 4026 969 4042 .
981 4026 988 4039 .
999 4025 1007 4039 .
1020 4023 1026 4038 ·
1039 3993 1140 4060 berem]
1154 3997 1181 4042 ln
1192 3996 1237 4042 hoo

175 4058 317 4117 virtutibus,
328 4059 430 4106 debitam
443 4061 491 4106 iilis
503 4060 624 4106 detrahere
640 4059 690 4105 luu-
725 4059 866 4116 infortunio,
883 4055 951 4117 cuius
968 4060 1061 4120 culpem
1078 4073 1145 4106 casus
1166 4062 1236 4106 susti·

174 4125 243 4171 dem:
262 4125 458 4183 quemadmodum
467 4137 537 4188 snpra
548 4127 564 4171 1.
574 4125 692 4190 XXXW.
725 4129 775 4181 net,
785 4126 946 4186 exaggerando
957 4124 1034 4172 verbis
1052 4125 1156 4171 inurent:
1175 4125 1199 4169 iu
1211 4139 1239 4170 es

176 4205 198 4237 e.
212 4195 248 4236 te.
263 4189 472 4248 Uutmbandsane
487 4191 628 4238 detrectator
639 4191 692 4235 lau·
725 4203 749 4235 re
768 4190 837 4236 multi
857 4195 921 4236 sunt.
956 4188 990 4235 At
1012 4189 1093 4235 seduio
1111 4195 1192 4234 tacent
1211 4205 1239 4236 en

176 4256 350 4302 munorum.
725 4269 776 4316 qun
788 4255 845 4302 mihi
862 4255 888 4300 in
905 4255 950 4300 isoc
962 4255 1012 4314 ipso
1024 4255 1103 4316 prestio
1115 4255 1176 4300 laudi
1189 4255 1238 4300 dori

210 4317 493 4378 enumerantem]
513 4321 579 4368 Duos
595 4320 691 4366 ultimus
724 4319 821 4366 debent.
853 4320 950 4366 Frustra
969 4326 1059 4377 tumen,
1081 4335 1152 4380 quum
1172 4322 1239 4366 testis

175 4398 245 4433 voces
256 4385 346 4434 eddidit
357 4385 480 4444 Gelenius,
492 4385 555 4432 houd
579 4399 634 4432 osne
652 4397 693 4432 ue·
725 4385 787 4430 adsit
798 4383 1004 4431 omnise'xmcitus.

227 4468 300 4512 VOL·
318 4469 374 4514 ΙΙΙ.
764 4467 814 4510 GC
