3126 4978
400 217 493 276 usn.
520 215 647 276 xxxv.
674 215 774 302 csr.
794 215 939 276 xxx1v.
1095 233 1099 240 ·
1143 217 1204 285 arr
1266 251 1272 262 -

194 274 206 308 b

114 373 119 378 ⁵
139 378 353 482 idoterupore
366 392 492 468 gentem
502 378 696 458 AEtolorum,
707 387 874 466 nutuque
886 349 1204 470 megistrstsseorum
1214 398 1245 446 n'.
1257 393 1360 460 csso,

1215 463 1246 510 A·
1256 463 1284 512 C.
1298 469 1351 514 192.
1393 473 1395 477 “

206 481 242 533 st.

143 488 353 620 ⁰‘'lillleV.
377 550 548 628 Quinctius
562 551 719 640 legatique
730 552 921 618 Corinthum
933 551 1104 617 redierunt.
1121 553 1206 630 inde,

142 639 170 682 ¹⁶
179 651 217 706 ut
228 659 367 727 queque
378 639 419 704 de
433 637 602 713 Antiocho,
618 637 700 704 nibil
711 661 769 726 per
783 663 817 703 sa
835 640 897 724 ipsi
912 639 1000 715 moti,
1017 655 1050 704 ec
1063 638 1208 702 sedentes

120 739 329 812 ,exspectare
346 725 524 790 ‘sdrenturn
554 725 736 790 viderentur
760 726 856 813 regis,
881 725 1051 808 concilium
1079 725 1208 810 quiden
1280 754 1281 764 ¹

144 813 301 879 universe
362 811 432 878 ntis
460 823 534 897 post
561 812 707 882 dimissos
729 812 892 878 Romanos
920 833 985 876 nrm
1002 814 1207 876 babuerunt:

145 921 206 986 per
220 899 269 962 ¹⁷o
397 921 411 960 s
433 910 541 964 sutem
568 898 627 980 (ite
647 910 761 964 rocsnt
782 898 918 962 ssnctius
940 897 1146 963 consilium¹s
1169 919 1210 965 ex

146 983 278 1054 delectis
307 996 430 1052 constas
455 984 545 1066 risis)
570 984 604 1048 id
626 984 797 1070 agitabant,
819 1006 956 1069 quonum
981 985 1079 1048 modo
1102 1006 1153 1049 res
1176 985 1211 1048 in

150 1072 281 1138 Graecis
298 1083 501 1135 novarentur.
548 1070 636 1134 Inter
657 1092 766 1134 omnes
781 1073 953 1147 constabat,
975 1071 1007 1134 in
1033 1071 1210 1136 civitatibus

146 1157 318 1246 principes,
340 1158 496 1242 optimum
518 1177 686 1243 quemque,
715 1157 870 1222 Romanus
893 1157 1051 1242 societatis
1075 1181 1154 1239 esse,
1180 1169 1211 1222 et

100 1255 105 1272 ‘
145 1244 297 1332 presenti
318 1256 402 1311 statu
417 1241 567 1329 gaudere.
588 1242 836 1320 multitudinem„
850 1257 888 1309 et*
896 1243 923 1284 ¹⁸
931 1265 1066 1330 quorum
1081 1267 1133 1308 ses
1148 1265 1210 1308 non

147 1353 191 1400 ex
214 1329 368 1396 sententis
389 1329 533 1414 ipsorum
558 1342 673 1408 esseut,
696 1331 803 1394 omniu
824 1333 960 1395 nouarel
975 1330 1065 1394 selle.
1109 1329 1212 1395 AEtoli

149 1417 318 1484 consilium
334 1439 401 1482 uuo
412 1417 465 1482 die
478 1415 579 1501 ”spei
592 1437 719 1502 qnoque
740 1439 805 1481 non
827 1415 957 1480 eudscis
976 1417 1082 1494 modo,
1098 1419 1151 1481 sed
1167 1431 1213 1480 et·

148 1505 213 1570 iem
235 1503 429 1588 inpudentis,
444 1513 606 1588 ceperunt,
629 1503 876 1582 Demetriadem,
893 1502 1086 1579 Chalcidem,
1102 1516 1136 1568 et
1148 1503 1235 1569 Lu·-

149 1589 366 1656 cedmmonem
396 1589 584 1673 occupandi.
640 1588 764 1678 Singuli
794 1589 826 1653 in
856 1589 994 1676 singulas
1024 1591 1110 1652 missi
1139 1601 1214 1652 sunt

149 1677 327 1762 principesr
352 1673 462 1742 Thoos
485 1675 681 1752 Chalcidem,
699 1675 913 1740 Alexamenus
938 1675 1213 1751 Lacedaemonem,

150 1762 282 1829 Diocles
296 1761 547 1828 Demetriadem.
592 1763 693 1826 Hunc
715 1765 806 1827 exsul
831 1760 1041 1848 Eurylochus,
1061 1762 1104 1826 de
1124 1764 1356 1847 cujusnemesus

150 1849 227 1950 firgo
249 1871 423 1934 cousseque
444 1847 530 1935 firges
553 1861 625 1913 oute
647 1847 768 1914 dictum
792 1860 849 1925 est,
866 1850 940 1932 quia
966 1851 1083 1912 reditus
1104 1848 1136 1911 in
1159 1843 1276 1932 prr·dem
1289 1857 1358 1890 ⁰⁰⁸⁸·

151 1941 246 2002 trram
261 1934 348 2000 nulla
362 1957 433 2020 apes
446 1934 508 2001 ulia
521 1947 600 2012 eret,
611 1933 743 2021 adjuvit
788 1935 904 2000 Literis
917 1933 1090 2022 Eurylochi
1106 1935 1217 2000 admo-
1226 1916 1291 1967 ΨΜ

153 2021 214 2086 niti
243 2021 414 2108 propinqui
442 2022 607 2108 amicique,
633 2034 665 2086 et
693 2021 748 2108 qui
777 2020 915 2108 ejusdem
941 2021 1086 2086 iectionis
1115 2033 1216 2098 erent,
1243 2058 1245 2066 s

151 2107 269 2182 liberos
284 2121 316 2172 et
337 2108 503 2194 conjugem
526 2109 592 2193 ejus
616 2129 690 2172 cum
711 2107 840 2172 sordida
857 2120 951 2185 veste,
969 2122 1111 2173 tenentes
1134 2107 1217 2173 rela-

154 2207 264 2260 rnento
299 2195 491 2279 supplicum,
522 2193 705 2259 concionem
741 2193 936 2280 frequentem
971 2196 1059 2259 adire
1091 2194 1216 2282 jubent,

152 2281 295 2369 singulos
321 2281 544 2366 universosque
566 2280 765 2358 obtestantes,
795 2303 833 2344 ne
862 2281 1033 2360 insontem,
1055 2282 1217 2346 indemna-

153 2379 223 2434 tum
238 2389 461 2434 consenescere
475 2366 508 2430 in
523 2365 633 2431 exsilio
652 2367 800 2430 sinerent.
845 2367 889 2430 Et
903 2367 1059 2454 simplices
1074 2369 1219 2432 homines

154 2453 384 2530 misericordis,
398 2467 429 2518 et
443 2453 595 2540 inprobos
615 2453 841 2540 seditiososque
854 2453 1077 2518 2⁰inrniscendi
1098 2476 1147 2518 res
1169 2467 1219 2518 tu·

155 2539 260 2606 multu
277 2539 417 2606 AEtolico
438 2561 508 2622 spes
523 2539 639 2604 movit:
661 2561 721 2624 pro
736 2562 769 2604 se
783 2541 916 2626 quisque
928 2540 1111 2605 ”revocare
1127 2543 1221 2628 jube-
1307 2567 1310 2575 ’
1349 2552 1367 2566 ’“

153 2626 245 2692 barn.
289 2625 353 2690 His
367 2627 563 2710 prosperetis,
579 2625 718 2705 Diocles,
735 2639 808 2690 cum
823 2627 911 2690 omni
926 2629 1067 2714 equitatu
1089 2632 1133 2711 (et
1153 2639 1222 2693 eret
1283 2699 1286 2704 ‚
1378 2687 1381 2692 .

156 2725 233 2780 tunc
255 2711 422 2797 prrclectus
446 2713 602 2796 equitum)
624 2714 728 2797 specie
750 2712 927 2778 reducentis
948 2713 1091 2778 exsulem
1113 2714 1221 2800 bospi-

157 2812 221 2866 tenr
251 2798 420 2886 profectus,
446 2798 499 2863 die
528 2820 565 2863 ac
591 2815 684 2863 nocte
712 2799 824 2885 ingens
854 2799 914 2863 iter
944 2821 1096 2875 emensus,
1121 2821 1220 2884 quum

158 2885 260 2950 millis
274 2908 330 2950 sex
344 2885 385 2950 nb
406 2884 485 2948 urbe
506 2885 638 2961 obesset,
653 2885 724 2949 luce
738 2885 841 2967 primu
862 2883 963 2949 tribus
976 2885 1082 2949 electis
1096 2886 1220 2960 turmis,

156 2985 262 3038 cetere
275 2972 480 3037 multitudine
501 2971 645 3056 equiturn
660 2970 809 3058 subsequi
824 2972 922 3057 jussu,
940 2973 1111 3054 praecessit.
1135 2986 1223 3056 post·

156 3065 254 3147 quam
272 3071 376 3144 portae
397 3057 686 3145 adpropinquabat,
698 3057 824 3123 desilire
837 3077 948 3120 ornnes
962 3079 1002 3122 ex
1019 3058 1109 3144 equis
1118 3058 1222 3144 jussit,

222 3187 224 3192 '
382 3177 531 3226 Srosrs'is'csrs
541 3177 617 3228 Gron.
725 3174 997 3226 hunnimundus.

192 3277 223 3320 tu
241 3273 274 3321 Ut
289 3289 387 3337 quaqua
403 3275 433 3322 de
449 3271 580 3338 Antiocho]
596 3273 674 3325 loom
742 3281 771 3324 17
787 3269 924 3337 Apocletos]
940 3273 1008 3325 Quos
1030 3275 1116 3322 Lstiue
1135 3263 1223 3339 diceres

157 3340 259 3400 ductu,
271 3341 343 3400 cujus
357 3347 438 3388 umen
457 3353 541 3388 nosos
556 3344 675 3402 sppsrest.
706 3341 820 3387 selescar.-
836 3337 1170 3400 emmerammus

158 3406 221 3464 Hoc
242 3405 306 3462 enirn
328 3405 420 3454 ridetur
437 3406 511 3452 tuisse
526 3406 676 3454 usensLisii.
743 3406 912 3462 18⁸Qsorssm
929 3419 966 3452 res
987 3420 1035 3456 nos
1054 3421 1085 3454 es
1102 3407 1224 3456 sententis

151 3463 244 3528 'strom
256 3485 296 3527 ne,
313 3465 427 3531 unquam
444 3471 525 3519 omnis
535 3477 676 3534 reponentes
707 3471 813 3532 ipsorsas
827 3470 914 3532 ment]
931 3471 1039 3522 Quorum
1050 3486 1146 3520 resnou
1157 3473 1183 3521 in
1194 3487 1223 3520 eo

159 3535 189 3582 in
200 3535 332 3595 Antiocho,
345 3537 405 3584 nibil
417 3549 459 3597 per
473 3537 552 3597 seipsi
563 3537 632 3591 moti,
648 3550 676 3583 sc
708 3541 774 3584 ststu
788 3542 866 3584 essent
877 3550 945 3598 quem
961 3542 1073 3598 optcrent
1084 3539 1146 3601 ipsi3
1163 3553 1224 3599 quo-

160 3601 268 3648 sedsutes
279 3603 427 3662 compressis,
437 3601 501 3662 qood
512 3601 590 3660 siunt,
600 3602 676 3648 rusci·
707 3615 761 3650 rum
769 3617 805 3649 res
812 3603 906 3649 rosisse
916 3595 1037 3649 heberent.

159 3665 206 3712 bos
225 3672 359 3728 exspectem
381 3668 508 3716 sdreuturn
530 3667 591 3729 regis
613 3667 677 3716 rice·
745 3662 1133 3734 19¹⁹SpetqssoqseJEtismspeis
1151 3670 1224 3720 etim

161 3737 254 3790 rentur,
271 3732 316 3780 etsi
331 3733 457 3780 concilium
475 3734 589 3780 universae
599 3733 678 3794 gentis
710 3733 729 3792 si
748 3732 800 3794 quis
817 3748 882 3796 spem
900 3739 992 3781 tsutsm
1012 3735 1225 3796 snimoconoepis·

161 3811 212 3843 uon
235 3796 380 3856 babuerunt,
397 3808 439 3859 per
450 3799 578 3858 apocletos
596 3803 677 3844 trumo
710 3804 757 3856 set,
768 3813 817 3845 non
828 3813 876 3846 rem
888 3799 962 3861 ipsum
974 3799 1148 3860 perficiendam,
1162 3801 1224 3863 qnod

162 3861 443 3924 idsgitsbsot,quonsns
452 3864 679 3910 modorestunrae·
711 3865 785 3911 fecere
795 3865 881 3922 AEtoli,
892 3877 1014 3926 aggressus
1025 3871 1093 3912 essct
1166 3878 1168 3884 ·
1216 3879 1219 3890 ¹

163 3927 359 3984 cisnovsreutur.
387 3928 677 3987 turornproinsttsgentt
742 3928 1225 3980 sot1mnoenstresrmusfflntn

163 3994 253 4040 ferocis
275 3999 301 4041 et
324 3993 438 4047 venitote,
461 3995 586 4056 indignum
608 3995 679 4040 duce·
709 3990 749 4058 eo]
772 3996 894 4045 Turbsodi
912 4009 949 4041 res
966 3994 1167 4056 opeAEtoloronr,
1183 3996 1225 4057 qrti

162 4057 232 4116 bsot,
247 4059 268 4104 si
283 4060 365 4106 omnis
381 4058 465 4104 debere
480 4059 618 4106 siderentur
628 4059 678 4104 Au·
710 4057 841 4106 tumultum
853 4061 878 4106 iu
891 4061 1081 4107 urbeexcitstnri
1093 4067 1180 4106 essent.

163 4123 254 4180 nocuo,
272 4125 341 4185 eique
361 4124 460 4185 probsre
481 4125 608 4171 voluerunt
629 4137 679 4172 sese
743 4130 771 4169 2¹
791 4126 909 4172 Reaccare
920 4120 1049 4188 jubebant]
1065 4125 1140 4171 Vetus
1157 4123 1225 4184 sigo·

163 4201 234 4249 posss
248 4203 290 4250 per
310 4203 335 4235 se
355 4190 419 4250 ipsos
441 4189 517 4236 iecere
532 4203 609 4250 opero
627 4203 679 4248 pre·
710 4190 745 4235 nii
760 4189 820 4236 liber
836 4191 907 4238 babet
922 4193 1038 4246 reuocari,
1051 4191 1113 4248 quod
1131 4189 1225 4248 quidem

163 4253 232 4302 sion.
267 4255 613 4323 Hiosensnsoptirueqosdnst
623 4267 678 4300 com
709 4255 813 4315 placeret
823 4255 912 4318 magis:
929 4256 974 4303 etsi
991 4253 1049 4303 illud
1065 4254 1161 4300 tolerari
1172 4260 1225 4314 pot-

162 4320 677 4446 &subtsanttrttsrlnbt
710 4325 755 4368 '⁸¹'
