3104 4976
412 169 507 232 ura
527 169 672 233 xxxrv.
698 129 805 232 cnr.
823 171 937 238 xnrx.
1147 177 1204 239 us

146 334 275 404 taminia
296 331 402 415 studio
423 345 456 400 et
476 349 532 419 sps
546 333 694 420 potiundi
715 333 827 400 castris
851 333 1003 414 bostium,
1017 331 1154 436 perstitit
1168 334 1353 400 astuosa.

146 422 277 489 vallum.
322 420 444 486 Eorum
488 421 623 488 aucitate
639 432 807 502 contemto,
824 419 913 486 Galli
928 421 1064 488 uniretur
1085 442 1125 486 ex
1138 412 1247 488 cael·
1258 411 1354 462 ⁰³⁹⁴·
1372 447 1377 454 ·

146 508 203 576 tris
227 511 435 594 erupernut':
457 442 520 572 list
545 507 619 574 inde
645 507 793 586 Romani,
819 529 892 592 quae
913 507 1049 592 imperio
1070 507 1209 576 consulis
1273 551 1278 558 ,
1376 579 1380 590 ⁸

148 593 326 682 noluerant,
347 616 405 661 suo
425 615 543 678 pavore
563 615 599 658 ac
621 606 740 660 terrore
760 607 863 660 castra
883 605 1042 678 repetunt.
1064 593 1109 658 ita
1121 594 1211 660 ruria

95 761 97 766 Ι
147 681 224 747 hinc
236 691 332 768 atque
348 678 437 744 illinc
457 700 543 744 nunc
557 679 744 767 spgmnunc
760 678 913 746 victorias
928 679 996 746 fuit.
1041 678 1210 748 Gallorum

147 779 253 834 tamen
268 765 309 832 ad
323 764 473 832 undecim
494 764 604 843 millia,
623 767 842 830 Romanorum
856 765 997 853 quinque
1011 765 1121 846 millia,
1137 779 1211 832 sunt

151 854 264 920 occisa.
309 853 395 918 Galli
411 872 556 936 recepere
573 852 606 916 in
622 850 860 918 intimafinium
875 875 952 920 sese.
1160 909 1164 916 ,
1205 865 1216 904 ’-

191 937 501 1006 XLvlll..consu1
516 937 711 1008 Placentiam
726 937 864 1022 legiones
878 937 983 1005 duxit.
1028 937 1211 1024 Scipionem

150 1024 215 1104 alii,
236 1025 408 1113 conjuncto
432 1023 573 1090 exercitu
602 1045 675 1100 cunr
701 1024 833 1112 collega,
854 1046 912 1110 per
936 1025 1090 1090 Boiorum
1113 1026 1211 1110 Ligu-

153 1107 289 1199 rumque
303 1133 396 1197 agros
410 1109 615 1196 populantem
631 1112 701 1190 isse,
716 1111 822 1197 quoad
842 1111 994 1198 progredi
1016 1110 1103 1176 silrae
1120 1111 1219 1196 palu-z

152 1197 274 1300 desque
287 1219 388 1284 passae
402 1195 476 1278 sint,
490 1195 647 1262 scribunt:
670 1195 734 1274 alii,
749 1197 838 1264 nulla
853 1196 1052 1264 memorabili
1067 1219 1100 1262 re
1113 1212 1212 1284 gesta,

152 1284 354 1352 comttiorum
373 1304 483 1350 caussa
504 1283 631 1348 rediisse
649 1283 797 1350 Romam.
842 1283 966 1348 Eodem
994 1283 1053 1348 hoc
1068 1305 1153 1350 anno
1169 1283 1234 1350 Tr.

153 1370 325 1448 Quinctius
347 1367 472 1447 Elatiae,
488 1391 551 1455 quo
574 1371 607 1434 ln
628 1367 761 1434 hiberno
783 1369 950 1436 reduxerat
971 1369 1087 1456 copias,
1109 1383 1213 1436 toturn

153 1457 266 1522 hiemis
295 1455 420 1542 tempus
440 1455 513 1542 jure
537 1454 677 1520 dicundo
700 1455 884 1532 consumsit,
913 1456 1134 1542 mutandisque
1161 1456 1213 1537 iis,
1285 1477 1289 1484 ’

154 1565 227 1644 qnae
248 1555 305 1608 aut
328 1542 426 1628 ipsius
450 1539 603 1626 Philippi,
622 1553 678 1606 ant
698 1541 922 1630 praefectorum
945 1543 1011 1626 ejus
1033 1541 1161 1608 licentia
1180 1543 1215 1606 in

154 1629 333 1695 crvitatibus
351 1627 435 1694 facta
455 1639 557 1706 erant,
572 1649 681 1714 quum,
699 1649 766 1694 suae
787 1627 931 1692 factionis
952 1627 1119 1692 hominum
1134 1627 1216 1692 vires

154 1715 310 1803 augendo,
321 1715 373 1801 jus
387 1735 425 1778 ac
445 1713 621 1778 libertatem
644 1712 778 1779 aliorum
800 1713 1002 1800 deprimeret.
1046 1713 1139 1780 Veris
1155 1715 1352 1803 ini-Quinctios

156 1802 201 1868 tio
224 1799 427 1878 Corinthum,
447 1812 604 1865 conventu
626 1799 853 1878 edictqssvenit.
876 1800 921 1866 ibi
945 1799 1088 1867 omnium
1105 1794 1337 1868 cirita-Gisecum

155 1887 235 1955 num
251 1886 422 1982 legationes
443 1885 477 1950 in
499 1886 661 1952 concionis
678 1881 812 1951 ‘modum
832 1885 1036 1960 circumfusas
1058 1900 1105 1953 est
1125 1859 1358 1982 adlmfflissq‘ffiissi

157 1985 267 2056 cutusi
286 1995 377 2039 orsus
392 1972 433 2038 ab
448 1972 527 2038 inita
547 1972 687 2058 primum
704 1972 857 2038 Romanis
879 1973 1019 2038 amicitia
1032 1995 1105 2044 cum
1122 1972 1339 2040 Graenosorum

156 2082 267 2126 corum
292 2071 396 2148 gente,
419 2067 452 2124 et
476 2059 713 2144 imperatorum,
729 2061 784 2144 qui
806 2071 879 2126 ante
903 2081 936 2124 se
961 2059 994 2124 in
1022 2053 1323 2130 Macedoniensem·
1354 2133 1356 2138 ,

156 2146 295 2224 fuissent,
322 2145 448 2230 suisque
472 2145 565 2211 rebus
588 2145 695 2232 gestis.
740 2146 858 2210 Omnia
887 2168 959 2211 cum
987 2146 1220 2232 adprobatione
1306 2139 1319 2162 ‘

157 2233 190 2297 in
214 2231 281 2298 enti
295 2244 368 2297 sunt
381 2230 503 2308 audita3
551 2244 739 2318 raeterquam
755 2236 853 2318 quum
874 2232 916 2296 ad
939 2233 1132 2299 mentionem
1151 2233 1219 2299 Na·
1254 2283 1256 2288 -

157 2255 240 2385 briis
255 2330 383 2407 ventum
397 2329 487 2394 esset,
502 2253 549 2382 id
551 2317 681 2382 minime
695 2318 883 2383 conveniens
897 2318 1043 2390 liberanti
1057 2318 1222 2385 Graecinm

158 2404 333 2482 videbatur,
348 2416 521 2491 tyrannum
536 2403 707 2490 reliquisse,
722 2425 789 2468 non
810 2426 876 2470 snae
897 2404 999 2478 solum
1018 2406 1132 2491 patriae
1146 2429 1220 2494 gra·

160 2513 242 2573 rem,
264 2490 320 2558 sed
340 2490 487 2568 omnibus
509 2490 593 2555 circa
614 2489 792 2556 civitatibus
813 2493 1027 2570 metuendum,
1045 2489 1220 2562 hennum

160 2576 330 2643 visceribus
344 2575 545 2646 nobilissimas
560 2577 704 2642 civitatis.
995 2617 997 2621 -

204 2663 330 2729 XLIX.
353 2661 446 2727 Neci
470 2684 564 2727 nanus
579 2661 672 2748 hujus
693 2663 819 2728 babitus
841 2665 1019 2730 animorum
1035 2665 1220 2744 Quinctius,

161 2752 197 2818 Si
217 2754 284 2816 sine
305 2751 424 2814 eumalio
438 2685 758 2832 {ucedaemorrisfieri
776 2753 935 2833 potuisset,
953 2750 1121 2832 fatebatur,
1130 2754 1223 2836 pacis

161 2859 225 2904 arm
235 2847 370 2924 manao
380 2837 557 2899 mentionem
568 2837 789 2900 admittendam
798 2837 925 2906 auribus
933 2857 994 2900 non
993 2837 1110 2920 fuisse.
1132 2859 1222 2914 nunc,

162 2945 251 3008 qmrm
272 2924 376 2999 aliter,
393 2943 482 3007 quam
503 2922 597 2985 ruina
611 2920 838 3005 ”grauissima'¹
852 2923 999 3000 ciuitatis,
1015 2923 1147 3005 obprimi
1161 2943 1222 2990 aaa

37 3085 46 3090 ,
157 3019 269 3094 posset,
284 3009 381 3073 satius
395 3009 489 3073 uisum
504 3029 574 3084 esre,
590 3017 753 3092 wantum
768 3007 969 3085 debilitatum,
985 3031 1023 3073 ac
1036 3011 1109 3074 totis
1121 3030 1224 3098 prope

163 3093 336 3160 uiribusad
353 3097 516 3158 nocendum
530 3095 668 3178 cuiquam
691 3095 829 3171 ademtis,
846 3097 981 3179 relinqui
984 3129 997 3168 ‚·
1021 3117 1111 3180 quam
1126 3099 1223 3160 inter-

163 3182 242 3245 mori
254 3181 530 3258 vehementioribus,
550 3201 639 3265 qaum
654 3201 721 3265 quae
732 3183 808 3263 pati
824 3191 938 3264 posset,
953 3184 1096 3248 remediis
1114 3184 1224 3247 ciuita-

163 3277 220 3332 tem
234 3269 345 3344 rinere,
359 3263 425 3330 ”irs
440 3267 509 3349 ipsa
523 3268 660 3332 uindicta
674 3267 829 3332 libertatis
844 3270 1029 3350 perituram.
1075 3267 1224 3336 Praeteri-

163 3365 269 3418 torum
295 3352 590 3430 commemorationi
611 3351 755 3438 subjecit,
770 3354 933 3435 Prqicisoi
953 3355 1014 3418 sibi
1035 3355 1069 3418 ia
1084 3355 1223 3433 Italiam,

163 3449 378 3526 atqueomnem
389 3440 549 3504 exercitum
561 3441 734 3522 departare,
745 3441 778 3502 irs
787 3441 891 3503 animo
905 3461 975 3504 esse.
1013 3441 1226 3508 Demetriadis

167 3527 379 3610 Chalcidisque
386 3525 541 3608 prasidio
556 3526 642 3588 intra
658 3526 801 3588 decimum
816 3527 894 3589 diem
909 3527 1069 3592 audituros
1082 3529 1224 3593 deducta.-

164 3611 414 3676 Acrocorinthum
434 3612 511 3694 ipsis
527 3612 675 3694 extemplo
693 3612 863 3675 uidentibus
884 3632 1007 3675 nuaram
1022 3613 1145 3678 Achaeis
1158 3625 1226 3679 tra·

166 3700 318 3762 diturum.-
340 3707 482 3762 mammes
492 3697 615 3774 scirent,
625 3706 725 3761 atrum
737 3697 896 3774 Romania
909 3719 952 3762 aa
961 3698 1090 3777 AEtolis,
1102 3704 1228 3766 mentiri

166 3859 396 3928 imponentur.
409 3865 476 3914 thr.
510 3867 930 3930 taunevictariaaurrcfirgnliad.
971 3866 1145 3930 hgraaasrma
1157 3869 1228 3922 Cres.
1279 3856 1281 3864 ’
1395 3907 1402 3920 χ

201 4035 230 4080 71
251 4030 406 4079 Ormisrimc
427 4025 547 4092 civitatis]
575 4029 682 4090 Inclyta,
715 4032 946 4091 heregrans'rrr'moe:
961 4032 1032 4093 idque
1048 4033 1143 4079 admisit
1154 4033 1228 4079 cleri-

169 4095 275 4142 maxima
303 4095 413 4142 civitatis.
447 4095 486 4143 Sic
507 4107 579 4156 supra
600 4109 620 4140 u.
646 4102 683 4146 17.
716 4111 765 4144 cus.
800 4097 1116 4144 Firmatvictorlnurllber.

171 4158 328 4221 Segesticam,
345 4173 444 4220 paoem
463 4166 533 4220 atque
549 4160 684 4220 apalmiam
749 4162 842 4210 wlsi
854 4164 906 4223 ipsa
922 4162 1029 4208 vindicta
1039 4161 1156 4207 libertatis
1165 4162 1228 4220 peri·

172 4225 303 4272 civitatens.
337 4225 447 4271 Ceterum
463 4224 502 4272 bic
518 4225 574 4271 olim
592 4225 686 4288 legebo·
719 4223 811 4290 turum]
828 4228 957 4274 Petitarum
970 4227 997 4272 iu
1016 4227 1045 4272 lis
1064 4226 1122 4286 ipsis
1138 4225 1228 4271 conati-

170 4295 212 4335 tur
226 4293 300 4340 ruina
316 4289 464 4350 graumsimo
485 4291 600 4338 ciuitatis.
633 4291 686 4338 lac.
719 4291 764 4338 bur
776 4292 818 4351 qni
828 4287 934 4338 'adhibiti
948 4291 1050 4338 tuissent
1067 4290 1231 4338 advindicar-

172 4355 309 4414 Gronoriur
317 4354 412 4404 monuit
420 4353 514 4411 Thoen.
526 4355 629 4404 codicem
645 4357 687 4404 hs·
722 4357 775 4404 dum
786 4369 838 4404 eam
849 4357 875 4403 in
886 4355 1024 4404 libertatern.
