<?xml version="1.0" encoding="UTF-8"?>
<!DOCTYPE html PUBLIC "-//W3C//DTD XHTML 1.0 Transitional//EN"
    "http://www.w3.org/TR/xhtml1/DTD/xhtml1-transitional.dtd">
<html xmlns="http://www.w3.org/1999/xhtml" xml:lang="en" lang="en">
 <head>
  <title>
</title>
<meta http-equiv="Content-Type" content="text/html;charset=utf-8" />
  <meta name='ocr-system' content='tesseract 3.04.00' />
  <meta name='ocr-capabilities' content='ocr_page ocr_carea ocr_par ocr_line ocrx_word'/>
</head>
<body>
  <div class='ocr_page' id='page_1' title='image "./tliviipatavinih04crevgoog_0174.png"; bbox 0 0 3104 4976; ppageno 0'>
   <div class='ocr_carea' id='block_1_1' title="bbox 406 162 1223 240">
    <p class='ocr_par' dir='ltr' id='par_1_1' title="bbox 406 162 1223 240">
     <span class='ocr_line' id='line_1_1' title="bbox 406 162 1223 240; baseline 0.01 -16"><span class='ocrx_word' id='word_1_1' title='bbox 406 162 497 224; x_wconf 90' lang='lat' dir='ltr'><strong>LIB.</strong></span> <span class='ocrx_word' id='word_1_2' title='bbox 526 162 668 224; x_wconf 84' lang='lat' dir='ltr'>XXXIV.</span> <span class='ocrx_word' id='word_1_3' title='bbox 695 164 797 225; x_wconf 85' lang='lat' dir='ltr'><strong>CAP.</strong></span> <span class='ocrx_word' id='word_1_4' title='bbox 823 163 969 226; x_wconf 92' lang='lat' dir='ltr'>XXXIX.</span> <span class='ocrx_word' id='word_1_5' title='bbox 1167 169 1223 240; x_wconf 81' lang='lat'><strong>167</strong></span> 
     </span>
    </p>
   </div>
   <div class='ocr_carea' id='block_1_2' title="bbox 67 311 1383 3150">
    <p class='ocr_par' dir='ltr' id='par_1_2' title="bbox 67 311 1383 3150">
     <span class='ocr_line' id='line_1_2' title="bbox 162 311 1364 414; baseline 0.012 -22"><span class='ocrx_word' id='word_1_6' title='bbox 162 311 324 404; x_wconf 76' lang='lat' dir='ltr'><strong>tationem,</strong></span> <span class='ocrx_word' id='word_1_7' title='bbox 351 327 428 414; x_wconf 90' lang='lat' dir='ltr'><strong>quin</strong></span> <span class='ocrx_word' id='word_1_8' title='bbox 450 325 635 394; x_wconf 88' lang='lat' dir='ltr'><strong>bellandum</strong></span> <span class='ocrx_word' id='word_1_9' title='bbox 665 339 754 406; x_wconf 87' lang='lat' dir='ltr'><strong>esset,</strong></span> <span class='ocrx_word' id='word_1_10' title='bbox 777 342 974 396; x_wconf 80' lang='lat' dir='ltr'><strong>exemerunt.</strong></span> <span class='ocrx_word' id='word_1_11' title='bbox 1018 329 1117 396; x_wconf 86' lang='lat' dir='ltr'><strong>Levia</strong></span> <span class='ocrx_word' id='word_1_12' title='bbox 1143 331 1259 403; x_wconf 78' lang='lat' dir='ltr'><strong>indeo.</strong></span> <span class='ocrx_word' id='word_1_13' title='bbox 1272 354 1364 408; x_wconf 81' lang='lat' dir='ltr'><strong>cssr.</strong></span> 
     </span>
     <span class='ocr_line' id='line_1_3' title="bbox 160 412 1363 500; baseline 0.008 -25"><span class='ocrx_word' id='word_1_14' title='bbox 160 412 274 496; x_wconf 76' lang='lat' dir='ltr'><strong>praelia</strong></span> <span class='ocrx_word' id='word_1_15' title='bbox 286 432 344 499; x_wconf 91' lang='lat' dir='ltr'><strong>per</strong></span> <span class='ocrx_word' id='word_1_16' title='bbox 358 415 562 500; x_wconf 77' lang='lat' dir='ltr'><strong>quatriduum</strong></span> <span class='ocrx_word' id='word_1_17' title='bbox 578 415 713 499; x_wconf 87' lang='lat' dir='ltr'><strong>primum</strong></span> <span class='ocrx_word' id='word_1_18' title='bbox 729 416 795 480; x_wconf 90' lang='lat' dir='ltr'><strong>sine</strong></span> <span class='ocrx_word' id='word_1_19' title='bbox 816 414 882 480; x_wconf 92' lang='lat' dir='ltr'><strong>ullo</strong></span> <span class='ocrx_word' id='word_1_20' title='bbox 901 418 977 482; x_wconf 86' lang='lat' dir='ltr'><strong>satis</strong></span> <span class='ocrx_word' id='word_1_21' title='bbox 996 430 1085 482; x_wconf 51' lang='lat' dir='ltr'><strong>¹certo</strong></span> <span class='ocrx_word' id='word_1_22' title='bbox 1103 421 1258 484; x_wconf 74' lang='lat' dir='ltr'><strong>eventuA·</strong></span> <span class='ocrx_word' id='word_1_23' title='bbox 1269 423 1363 474; x_wconf 56' lang='lat'><strong>&amp;¹⁹⁵-</strong></span> 
     </span>
     <span class='ocr_line' id='line_1_4' title="bbox 159 500 1328 588; baseline 0.006 -25"><span class='ocrx_word' id='word_1_24' title='bbox 159 501 335 565; x_wconf 80' lang='lat' dir='ltr'><strong>commissa.</strong></span> <span class='ocrx_word' id='word_1_25' title='bbox 358 500 471 586; x_wconf 88' lang='lat' dir='ltr'><strong>quinto</strong></span> <span class='ocrx_word' id='word_1_26' title='bbox 487 501 540 566; x_wconf 90' lang='lat' dir='ltr'><strong>die</strong></span> <span class='ocrx_word' id='word_1_27' title='bbox 560 521 662 586; x_wconf 84' lang='lat' dir='ltr'>prope</span> <span class='ocrx_word' id='word_1_28' title='bbox 677 503 764 587; x_wconf 88' lang='lat' dir='ltr'><strong>justa</strong></span> <span class='ocrx_word' id='word_1_29' title='bbox 785 523 895 588; x_wconf 89' lang='lat' dir='ltr'><strong>pugna</strong></span> <span class='ocrx_word' id='word_1_30' title='bbox 915 503 995 568; x_wconf 90' lang='lat' dir='ltr'><strong>adeo</strong></span> <span class='ocrx_word' id='word_1_31' title='bbox 1016 518 1162 588; x_wconf 80' lang='lat' dir='ltr'><strong>parentes</strong></span> <span class='ocrx_word' id='word_1_32' title='bbox 1183 507 1215 570; x_wconf 90' lang='lat' dir='ltr'><strong>in</strong></span> <span class='ocrx_word' id='word_1_33' title='bbox 1325 537 1328 544; x_wconf 62' lang='lat'>=</span> 
     </span>
     <span class='ocr_line' id='line_1_5' title="bbox 67 585 1216 676; baseline 0.007 -29"><span class='ocrx_word' id='word_1_34' title='bbox 67 614 71 620; x_wconf 91' lang='lat'><em>·</em></span> <span class='ocrx_word' id='word_1_35' title='bbox 159 585 313 668; x_wconf 88' lang='lat' dir='ltr'><strong>oppidum</strong></span> <span class='ocrx_word' id='word_1_36' title='bbox 337 585 571 652; x_wconf 78' lang='lat' dir='ltr'><strong>Lacedaemonii</strong></span> <span class='ocrx_word' id='word_1_37' title='bbox 596 586 751 672; x_wconf 86' lang='lat' dir='ltr'><strong>compulsi</strong></span> <span class='ocrx_word' id='word_1_38' title='bbox 777 601 861 672; x_wconf 87' lang='lat' dir='ltr'><strong>sunt,</strong></span> <span class='ocrx_word' id='word_1_39' title='bbox 887 600 924 653; x_wconf 94' lang='lat' dir='ltr'><strong>ut</strong></span> <span class='ocrx_word' id='word_1_40' title='bbox 938 590 1077 676; x_wconf 73' lang='lat' dir='ltr'><strong>&#39;quidam</strong></span> <span class='ocrx_word' id='word_1_41' title='bbox 1102 590 1216 656; x_wconf 79' lang='lat' dir='ltr'><strong>milites</strong></span> 
     </span>
     <span class='ocr_line' id='line_1_6' title="bbox 160 669 1216 774; baseline 0.007 -39"><span class='ocrx_word' id='word_1_42' title='bbox 160 669 310 749; x_wconf 85' lang='lat' dir='ltr'><strong>Romani,</strong></span> <span class='ocrx_word' id='word_1_43' title='bbox 326 682 415 774; x_wconf 83' lang='lat' dir='ltr'><strong>terga</strong></span> <span class='ocrx_word' id='word_1_44' title='bbox 428 671 614 760; x_wconf 80' lang='lat' dir='ltr'><strong>fugientium</strong></span> <span class='ocrx_word' id='word_1_45' title='bbox 630 673 797 752; x_wconf 80' lang='lat' dir='ltr'><strong>caedentes,</strong></span> <span class='ocrx_word' id='word_1_46' title='bbox 812 697 871 760; x_wconf 90' lang='lat' dir='ltr'><strong>per</strong></span> <span class='ocrx_word' id='word_1_47' title='bbox 886 674 1072 753; x_wconf 87' lang='lat' dir='ltr'><strong>intermissa,</strong></span> <span class='ocrx_word' id='word_1_48' title='bbox 1089 687 1125 741; x_wconf 84' lang='lat' dir='ltr'><strong>ut</strong></span> <span class='ocrx_word' id='word_1_49' title='bbox 1140 691 1216 765; x_wconf 88' lang='lat' dir='ltr'><strong>tunc</strong></span> 
     </span>
     <span class='ocr_line' id='line_1_7' title="bbox 157 758 1219 834; baseline 0.007 -14"><span class='ocrx_word' id='word_1_50' title='bbox 157 767 258 834; x_wconf 87' lang='lat' dir='ltr'><strong>erant,</strong></span> <span class='ocrx_word' id='word_1_51' title='bbox 273 758 392 822; x_wconf 79' lang='lat' dir='ltr'><strong>moenia</strong></span> <span class='ocrx_word' id='word_1_52' title='bbox 405 759 516 824; x_wconf 87' lang='lat' dir='ltr'><strong>urbem</strong></span> <span class='ocrx_word' id='word_1_53' title='bbox 531 759 687 824; x_wconf 75' lang='lat' dir='ltr'><strong>intrarint.</strong></span> <span class='ocrx_word' id='word_1_54' title='bbox 847 783 851 790; x_wconf 73' lang='grc'><em>’</em></span> <span class='ocrx_word' id='word_1_55' title='bbox 1213 767 1219 786; x_wconf 95' lang='grc'>’</span> 
     </span>
     <span class='ocr_line' id='line_1_8' title="bbox 200 841 1215 932; baseline 0.01 -26"><span class='ocrx_word' id='word_1_56' title='bbox 200 841 409 910; x_wconf 87' lang='lat' dir='ltr'>XXXVIII.</span> <span class='ocrx_word' id='word_1_57' title='bbox 431 843 475 909; x_wconf 89' lang='lat' dir='ltr'><strong>Et</strong></span> <span class='ocrx_word' id='word_1_58' title='bbox 497 855 584 910; x_wconf 59' lang='lat' dir='ltr'><strong>tunc*</strong></span> <span class='ocrx_word' id='word_1_59' title='bbox 595 845 723 932; x_wconf 88' lang='lat' dir='ltr'><strong>quidem</strong></span> <span class='ocrx_word' id='word_1_60' title='bbox 744 844 925 926; x_wconf 76' lang='lat' dir='ltr'><strong>Quinctius,</strong></span> <span class='ocrx_word' id='word_1_61' title='bbox 941 847 1015 913; x_wconf 88' lang='lat' dir='ltr'><strong>satis</strong></span> <span class='ocrx_word' id='word_1_62' title='bbox 1036 870 1075 912; x_wconf 89' lang='lat' dir='ltr'><strong>eo</strong></span> <span class='ocrx_word' id='word_1_63' title='bbox 1097 859 1215 916; x_wconf 85' lang='lat' dir='ltr'><strong>terrore</strong></span> 
     </span>
     <span class='ocr_line' id='line_1_9' title="bbox 156 928 1215 1026; baseline 0.008 -34"><span class='ocrx_word' id='word_1_64' title='bbox 156 929 301 994; x_wconf 80' lang='lat' dir='ltr'><strong>coiircitis</strong></span> <span class='ocrx_word' id='word_1_65' title='bbox 315 928 558 996; x_wconf 82' lang='lat' dir='ltr'><strong>excursionibus</strong></span> <span class='ocrx_word' id='word_1_66' title='bbox 577 930 726 1012; x_wconf 90' lang='lat' dir='ltr'><strong>hostium,</strong></span> <span class='ocrx_word' id='word_1_67' title='bbox 741 930 821 996; x_wconf 92' lang='lat' dir='ltr'><strong>nihil</strong></span> <span class='ocrx_word' id='word_1_68' title='bbox 841 948 958 1018; x_wconf 84' lang='lat' dir='ltr'><strong>praeter</strong></span> <span class='ocrx_word' id='word_1_69' title='bbox 980 935 1076 1018; x_wconf 88' lang='lat' dir='ltr'><strong>ipsius</strong></span> <span class='ocrx_word' id='word_1_70' title='bbox 1091 933 1215 1026; x_wconf 88' lang='lat' dir='ltr'><strong>obpug-</strong></span> 
     </span>
     <span class='ocr_line' id='line_1_10' title="bbox 156 1015 1215 1104; baseline 0.008 -25"><span class='ocrx_word' id='word_1_71' title='bbox 156 1015 316 1080; x_wconf 79' lang='lat' dir='ltr'><strong>nationem</strong></span> <span class='ocrx_word' id='word_1_72' title='bbox 343 1017 431 1080; x_wconf 86' lang='lat' dir='ltr'><strong>urbis</strong></span> <span class='ocrx_word' id='word_1_73' title='bbox 452 1037 612 1103; x_wconf 80' lang='lat' dir='ltr'><strong>superesse</strong></span> <span class='ocrx_word' id='word_1_74' title='bbox 635 1030 732 1096; x_wconf 86' lang='lat' dir='ltr'><strong>ratus,</strong></span> <span class='ocrx_word' id='word_1_75' title='bbox 753 1018 863 1099; x_wconf 87' lang='lat' dir='ltr'><strong>missis,</strong></span> <span class='ocrx_word' id='word_1_76' title='bbox 883 1020 937 1104; x_wconf 93' lang='lat' dir='ltr'><strong>qui</strong></span> <span class='ocrx_word' id='word_1_77' title='bbox 959 1041 1068 1086; x_wconf 87' lang='lat' dir='ltr'><strong>omnes</strong></span> <span class='ocrx_word' id='word_1_78' title='bbox 1086 1023 1215 1088; x_wconf 86' lang='lat' dir='ltr'><strong>navales</strong></span> 
     </span>
     <span class='ocr_line' id='line_1_11' title="bbox 153 1101 1213 1194; baseline 0.007 -28"><span class='ocrx_word' id='word_1_79' title='bbox 153 1101 255 1166; x_wconf 86' lang='lat' dir='ltr'><strong>socios</strong></span> <span class='ocrx_word' id='word_1_80' title='bbox 269 1125 289 1166; x_wconf 87' lang='lat' dir='ltr'><strong>a</strong></span> <span class='ocrx_word' id='word_1_81' title='bbox 303 1101 425 1187; x_wconf 87' lang='lat' dir='ltr'><strong>Gythio</strong></span> <span class='ocrx_word' id='word_1_82' title='bbox 439 1115 641 1185; x_wconf 85' lang='lat' dir='ltr'><strong>arcesserent,</strong></span> <span class='ocrx_word' id='word_1_83' title='bbox 656 1106 725 1189; x_wconf 89' lang='lat' dir='ltr'><strong>ipse</strong></span> <span class='ocrx_word' id='word_1_84' title='bbox 738 1105 865 1194; x_wconf 82' lang='lat' dir='ltr'><strong>interim</strong></span> <span class='ocrx_word' id='word_1_85' title='bbox 888 1127 959 1170; x_wconf 85' lang='lat' dir='ltr'><strong>cunr</strong></span> <span class='ocrx_word' id='word_1_86' title='bbox 976 1107 1110 1172; x_wconf 89' lang='lat' dir='ltr'><strong>tribunis</strong></span> <span class='ocrx_word' id='word_1_87' title='bbox 1129 1108 1213 1173; x_wconf 89' lang='lat' dir='ltr'><strong>mili-</strong></span> 
     </span>
     <span class='ocr_line' id='line_1_12' title="bbox 154 1187 1214 1260; baseline 0.009 -9"><span class='ocrx_word' id='word_1_88' title='bbox 154 1197 226 1252; x_wconf 88' lang='lat' dir='ltr'><strong>tum</strong></span> <span class='ocrx_word' id='word_1_89' title='bbox 240 1187 282 1252; x_wconf 84' lang='lat' dir='ltr'><strong>ad</strong></span> <span class='ocrx_word' id='word_1_90' title='bbox 296 1188 459 1254; x_wconf 82' lang='lat' dir='ltr'><strong>visendum</strong></span> <span class='ocrx_word' id='word_1_91' title='bbox 476 1190 563 1255; x_wconf 89' lang='lat' dir='ltr'><strong>urbia</strong></span> <span class='ocrx_word' id='word_1_92' title='bbox 577 1189 669 1256; x_wconf 89' lang='lat' dir='ltr'><strong>situm</strong></span> <span class='ocrx_word' id='word_1_93' title='bbox 682 1191 799 1258; x_wconf 80' lang='lat' dir='ltr'><strong>moenia</strong></span> <span class='ocrx_word' id='word_1_94' title='bbox 810 1191 1064 1257; x_wconf 87' lang='lat' dir='ltr'><strong>circumvehitur.</strong></span> <span class='ocrx_word' id='word_1_95' title='bbox 1097 1193 1214 1260; x_wconf 86' lang='lat' dir='ltr'><strong>Fuerat</strong></span> 
     </span>
     <span class='ocr_line' id='line_1_13' title="bbox 154 1274 1374 1364; baseline 0.011 -27"><span class='ocrx_word' id='word_1_96' title='bbox 154 1274 318 1359; x_wconf 86' lang='lat' dir='ltr'><strong>quondam</strong></span> <span class='ocrx_word' id='word_1_97' title='bbox 333 1275 400 1338; x_wconf 90' lang='lat' dir='ltr'><strong>sine</strong></span> <span class='ocrx_word' id='word_1_98' title='bbox 418 1296 511 1341; x_wconf 86' lang='lat' dir='ltr'><strong>rnuro</strong></span> <span class='ocrx_word' id='word_1_99' title='bbox 527 1277 651 1361; x_wconf 85' lang='lat' dir='ltr'><strong>Sparta.</strong></span> <span class='ocrx_word' id='word_1_100' title='bbox 672 1277 834 1364; x_wconf 66' lang='lat' dir='ltr'><strong>”tyranni</strong></span> <span class='ocrx_word' id='word_1_101' title='bbox 854 1299 957 1363; x_wconf 88' lang='lat' dir='ltr'><strong>nuper</strong></span> <span class='ocrx_word' id='word_1_102' title='bbox 978 1278 1054 1342; x_wconf 89' lang='lat' dir='ltr'><strong>locis</strong></span> <span class='ocrx_word' id='word_1_103' title='bbox 1075 1280 1310 1364; x_wconf 71' lang='lat' dir='ltr'><strong>patenti-aparte</strong></span> <span class='ocrx_word' id='word_1_104' title='bbox 1321 1319 1374 1352; x_wconf 81' lang='lat' dir='ltr'><strong>uu.</strong></span> 
     </span>
     <span class='ocr_line' id='line_1_14' title="bbox 154 1359 1332 1448; baseline 0.008 -25"><span class='ocrx_word' id='word_1_105' title='bbox 154 1359 217 1423; x_wconf 85' lang='lat' dir='ltr'><strong>bus</strong></span> <span class='ocrx_word' id='word_1_106' title='bbox 246 1359 410 1448; x_wconf 84' lang='lat' dir='ltr'><strong>planisque</strong></span> <span class='ocrx_word' id='word_1_107' title='bbox 438 1362 618 1448; x_wconf 88' lang='lat' dir='ltr'><strong>objecerant</strong></span> <span class='ocrx_word' id='word_1_108' title='bbox 639 1384 785 1428; x_wconf 87' lang='lat' dir='ltr'><strong>murum:</strong></span> <span class='ocrx_word' id='word_1_109' title='bbox 815 1361 928 1430; x_wconf 86' lang='lat' dir='ltr'><strong>altiora</strong></span> <span class='ocrx_word' id='word_1_110' title='bbox 949 1365 1031 1444; x_wconf 91' lang='lat' dir='ltr'><strong>loca,</strong></span> <span class='ocrx_word' id='word_1_111' title='bbox 1046 1377 1079 1434; x_wconf 86' lang='lat' dir='ltr'><strong>et</strong></span> <span class='ocrx_word' id='word_1_112' title='bbox 1101 1365 1332 1433; x_wconf 63' lang='lat' dir='ltr'><strong>diffici-nlliwt·</strong></span> 
     </span>
     <span class='ocr_line' id='line_1_15' title="bbox 152 1444 1214 1538; baseline 0.01 -30"><span class='ocrx_word' id='word_1_113' title='bbox 152 1444 236 1510; x_wconf 89' lang='lat' dir='ltr'><strong>liora</strong></span> <span class='ocrx_word' id='word_1_114' title='bbox 257 1446 355 1524; x_wconf 91' lang='lat' dir='ltr'><strong>aditu,</strong></span> <span class='ocrx_word' id='word_1_115' title='bbox 370 1447 558 1516; x_wconf 84' lang='lat' dir='ltr'><strong>stationibus</strong></span> <span class='ocrx_word' id='word_1_116' title='bbox 578 1461 771 1514; x_wconf 87' lang='lat' dir='ltr'><strong>armatorum</strong></span> <span class='ocrx_word' id='word_1_117' title='bbox 793 1468 852 1534; x_wconf 91' lang='lat' dir='ltr'><strong>pro</strong></span> <span class='ocrx_word' id='word_1_118' title='bbox 873 1451 1070 1516; x_wconf 89' lang='lat' dir='ltr'><strong>munimento</strong></span> <span class='ocrx_word' id='word_1_119' title='bbox 1084 1451 1214 1538; x_wconf 86' lang='lat' dir='ltr'><strong>objectis</strong></span> 
     </span>
     <span class='ocr_line' id='line_1_16' title="bbox 152 1531 1211 1623; baseline 0.008 -27"><span class='ocrx_word' id='word_1_120' title='bbox 152 1531 348 1598; x_wconf 82' lang='lat' dir='ltr'><strong>tutabantur.</strong></span> <span class='ocrx_word' id='word_1_121' title='bbox 379 1532 445 1600; x_wconf 93' lang='lat' dir='ltr'><strong>Ubi</strong></span> <span class='ocrx_word' id='word_1_122' title='bbox 459 1535 533 1599; x_wconf 86' lang='lat' dir='ltr'><strong>satis</strong></span> <span class='ocrx_word' id='word_1_123' title='bbox 546 1536 653 1600; x_wconf 89' lang='lat' dir='ltr'><strong>omnia</strong></span> <span class='ocrx_word' id='word_1_124' title='bbox 666 1536 817 1619; x_wconf 83' lang='lat' dir='ltr'><strong>inspexit,</strong></span> <span class='ocrx_word' id='word_1_125' title='bbox 832 1556 950 1601; x_wconf 88' lang='lat' dir='ltr'><strong>corona</strong></span> <span class='ocrx_word' id='word_1_126' title='bbox 962 1536 1211 1623; x_wconf 85' lang='lat' dir='ltr'><strong>obpugnandum</strong></span> 
     </span>
     <span class='ocr_line' id='line_1_17' title="bbox 152 1619 1211 1706; baseline 0.008 -25"><span class='ocrx_word' id='word_1_127' title='bbox 152 1631 253 1696; x_wconf 87' lang='lat' dir='ltr'><strong>ratus,</strong></span> <span class='ocrx_word' id='word_1_128' title='bbox 267 1619 414 1684; x_wconf 89' lang='lat' dir='ltr'><strong>omnibus</strong></span> <span class='ocrx_word' id='word_1_129' title='bbox 435 1621 534 1706; x_wconf 89' lang='lat' dir='ltr'><strong>copiis</strong></span> <span class='ocrx_word' id='word_1_130' title='bbox 549 1626 653 1704; x_wconf 90' lang='lat' dir='ltr'><strong>(erant</strong></span> <span class='ocrx_word' id='word_1_131' title='bbox 674 1634 779 1686; x_wconf 89' lang='lat' dir='ltr'><strong>autem</strong></span> <span class='ocrx_word' id='word_1_132' title='bbox 798 1622 1016 1686; x_wconf 89' lang='lat' dir='ltr'><strong>Romanorum</strong></span> <span class='ocrx_word' id='word_1_133' title='bbox 1038 1624 1211 1690; x_wconf 88' lang='lat' dir='ltr'><strong>sociorum·</strong></span> 
     </span>
     <span class='ocr_line' id='line_1_18' title="bbox 152 1705 1211 1793; baseline 0.007 -25"><span class='ocrx_word' id='word_1_134' title='bbox 152 1725 227 1791; x_wconf 88' lang='lat' dir='ltr'><strong>que,</strong></span> <span class='ocrx_word' id='word_1_135' title='bbox 242 1705 337 1770; x_wconf 90' lang='lat' dir='ltr'><strong>simul</strong></span> <span class='ocrx_word' id='word_1_136' title='bbox 358 1705 501 1791; x_wconf 88' lang='lat' dir='ltr'><strong>peditum</strong></span> <span class='ocrx_word' id='word_1_137' title='bbox 523 1707 738 1793; x_wconf 87' lang='lat' dir='ltr'><strong>equitumque,</strong></span> <span class='ocrx_word' id='word_1_138' title='bbox 753 1707 846 1772; x_wconf 89' lang='lat' dir='ltr'><strong>simul</strong></span> <span class='ocrx_word' id='word_1_139' title='bbox 868 1708 1060 1772; x_wconf 87' lang='lat' dir='ltr'><strong>terrestrium</strong></span> <span class='ocrx_word' id='word_1_140' title='bbox 1079 1718 1135 1774; x_wconf 79' lang='lat' dir='ltr'><strong>ao‘</strong></span> <span class='ocrx_word' id='word_1_141' title='bbox 1155 1706 1211 1776; x_wconf 82' lang='lat' dir='ltr'><strong>na·</strong></span> 
     </span>
     <span class='ocr_line' id='line_1_19' title="bbox 151 1788 1215 1880; baseline 0.008 -28"><span class='ocrx_word' id='word_1_142' title='bbox 151 1790 272 1855; x_wconf 89' lang='lat' dir='ltr'><strong>valium</strong></span> <span class='ocrx_word' id='word_1_143' title='bbox 286 1793 459 1876; x_wconf 89' lang='lat' dir='ltr'><strong>copiarum,</strong></span> <span class='ocrx_word' id='word_1_144' title='bbox 476 1792 517 1858; x_wconf 90' lang='lat' dir='ltr'><strong>ad</strong></span> <span class='ocrx_word' id='word_1_145' title='bbox 537 1788 766 1880; x_wconf 80' lang='lat' dir='ltr'><strong>quinquaginta</strong></span> <span class='ocrx_word' id='word_1_146' title='bbox 787 1792 885 1858; x_wconf 90' lang='lat' dir='ltr'><strong>rnillia</strong></span> <span class='ocrx_word' id='word_1_147' title='bbox 905 1792 1085 1876; x_wconf 88' lang='lat' dir='ltr'><strong>hominum)</strong></span> <span class='ocrx_word' id='word_1_148' title='bbox 1099 1795 1215 1862; x_wconf 51' lang='lat' dir='ltr'><strong>urbem*</strong></span> 
     </span>
     <span class='ocr_line' id='line_1_20' title="bbox 152 1876 1365 1970; baseline 0.007 -28"><span class='ocrx_word' id='word_1_149' title='bbox 152 1876 264 1942; x_wconf 86' lang='lat' dir='ltr'><strong>cinxit.</strong></span> <span class='ocrx_word' id='word_1_150' title='bbox 308 1877 375 1944; x_wconf 92' lang='lat' dir='ltr'><strong>Alii</strong></span> <span class='ocrx_word' id='word_1_151' title='bbox 389 1878 496 1957; x_wconf 87' lang='lat' dir='ltr'><strong>scalas,</strong></span> <span class='ocrx_word' id='word_1_152' title='bbox 512 1879 566 1944; x_wconf 89' lang='lat' dir='ltr'><strong>alil</strong></span> <span class='ocrx_word' id='word_1_153' title='bbox 586 1880 704 1966; x_wconf 88' lang='lat' dir='ltr'><strong>ignem,</strong></span> <span class='ocrx_word' id='word_1_154' title='bbox 719 1879 771 1944; x_wconf 88' lang='lat' dir='ltr'><strong>alii</strong></span> <span class='ocrx_word' id='word_1_155' title='bbox 793 1879 865 1957; x_wconf 90' lang='lat' dir='ltr'><strong>alia,</strong></span> <span class='ocrx_word' id='word_1_156' title='bbox 881 1880 995 1965; x_wconf 91' lang='lat' dir='ltr'><strong>quibus</strong></span> <span class='ocrx_word' id='word_1_157' title='bbox 1009 1901 1074 1945; x_wconf 93' lang='lat' dir='ltr'><strong>non</strong></span> <span class='ocrx_word' id='word_1_158' title='bbox 1089 1883 1212 1970; x_wconf 89' lang='lat' dir='ltr'><strong>obpog·</strong></span> <span class='ocrx_word' id='word_1_159' title='bbox 1222 1912 1365 1959; x_wconf 68' lang='lat' dir='ltr'><strong>coronaeu-</strong></span> 
     </span>
     <span class='ocr_line' id='line_1_21' title="bbox 152 1963 1383 2052; baseline 0.006 -24"><span class='ocrx_word' id='word_1_160' title='bbox 152 1977 268 2030; x_wconf 78' lang='lat' dir='ltr'><strong>nerent</strong></span> <span class='ocrx_word' id='word_1_161' title='bbox 286 1966 392 2048; x_wconf 89' lang='lat' dir='ltr'><strong>modo,</strong></span> <span class='ocrx_word' id='word_1_162' title='bbox 407 1963 462 2030; x_wconf 87' lang='lat' dir='ltr'><strong>sed</strong></span> <span class='ocrx_word' id='word_1_163' title='bbox 484 1965 578 2031; x_wconf 88' lang='lat' dir='ltr'><strong>etiam</strong></span> <span class='ocrx_word' id='word_1_164' title='bbox 600 1979 762 2044; x_wconf 87' lang='lat' dir='ltr'><strong>terrerent,</strong></span> <span class='ocrx_word' id='word_1_165' title='bbox 778 1966 958 2050; x_wconf 89' lang='lat' dir='ltr'><strong>portabant.</strong></span> <span class='ocrx_word' id='word_1_166' title='bbox 974 1967 1054 2052; x_wconf 86' lang='lat' dir='ltr'><strong>jussi</strong></span> <span class='ocrx_word' id='word_1_167' title='bbox 1075 1966 1346 2040; x_wconf 68' lang='lat' dir='ltr'><strong>clamoremanus.</strong></span> <span class='ocrx_word' id='word_1_168' title='bbox 1381 2009 1383 2014; x_wconf 69' lang='lat'><strong>,</strong></span> 
     </span>
     <span class='ocr_line' id='line_1_22' title="bbox 152 2049 1331 2138; baseline 0.007 -24"><span class='ocrx_word' id='word_1_169' title='bbox 152 2049 277 2116; x_wconf 90' lang='lat' dir='ltr'><strong>sublato</strong></span> <span class='ocrx_word' id='word_1_170' title='bbox 291 2051 397 2118; x_wconf 91' lang='lat' dir='ltr'><strong>subire</strong></span> <span class='ocrx_word' id='word_1_171' title='bbox 410 2051 552 2138; x_wconf 90' lang='lat' dir='ltr'><strong>undique</strong></span> <span class='ocrx_word' id='word_1_172' title='bbox 569 2073 690 2130; x_wconf 85' lang='lat' dir='ltr'><strong>omnes,</strong></span> <span class='ocrx_word' id='word_1_173' title='bbox 705 2067 750 2129; x_wconf 91' lang='lat' dir='ltr'><strong>ut,</strong></span> <span class='ocrx_word' id='word_1_174' title='bbox 766 2074 829 2138; x_wconf 90' lang='lat' dir='ltr'><strong>qua</strong></span> <span class='ocrx_word' id='word_1_175' title='bbox 844 2051 981 2137; x_wconf 88' lang='lat' dir='ltr'><strong>primum</strong></span> <span class='ocrx_word' id='word_1_176' title='bbox 996 2053 1213 2135; x_wconf 75' lang='lat' dir='ltr'><strong>absumerent,</strong></span> <span class='ocrx_word' id='word_1_177' title='bbox 1326 2079 1331 2091; x_wconf 93' lang='lat'><strong>·</strong></span> 
     </span>
     <span class='ocr_line' id='line_1_23' title="bbox 152 2138 1213 2223; baseline 0.008 -23"><span class='ocrx_word' id='word_1_178' title='bbox 152 2158 255 2222; x_wconf 87' lang='lat' dir='ltr'><strong>quave</strong></span> <span class='ocrx_word' id='word_1_179' title='bbox 268 2159 361 2222; x_wconf 89' lang='lat' dir='ltr'><strong>opem</strong></span> <span class='ocrx_word' id='word_1_180' title='bbox 376 2138 506 2215; x_wconf 83' lang='lat' dir='ltr'><strong>ferrent,</strong></span> <span class='ocrx_word' id='word_1_181' title='bbox 521 2138 563 2202; x_wconf 87' lang='lat' dir='ltr'><strong>ad</strong></span> <span class='ocrx_word' id='word_1_182' title='bbox 580 2139 687 2202; x_wconf 89' lang='lat' dir='ltr'><strong>omnia</strong></span> <span class='ocrx_word' id='word_1_183' title='bbox 700 2138 793 2202; x_wconf 88' lang='lat' dir='ltr'><strong>simul</strong></span> <span class='ocrx_word' id='word_1_184' title='bbox 811 2152 960 2223; x_wconf 82' lang='lat' dir='ltr'><strong>paventes</strong></span> <span class='ocrx_word' id='word_1_185' title='bbox 976 2138 1213 2212; x_wconf 83' lang='lat' dir='ltr'><strong>Lacedaemonii</strong></span> 
     </span>
     <span class='ocr_line' id='line_1_24' title="bbox 151 2222 1214 2311; baseline 0.008 -25"><span class='ocrx_word' id='word_1_186' title='bbox 151 2222 347 2311; x_wconf 78' lang='lat' dir='ltr'><strong>ignorarent.</strong></span> <span class='ocrx_word' id='word_1_187' title='bbox 392 2223 491 2302; x_wconf 82' lang='lat' dir='ltr'><strong>Quod</strong></span> <span class='ocrx_word' id='word_1_188' title='bbox 515 2226 638 2288; x_wconf 89' lang='lat' dir='ltr'><strong>roboris</strong></span> <span class='ocrx_word' id='word_1_189' title='bbox 655 2225 688 2288; x_wconf 91' lang='lat' dir='ltr'><strong>in</strong></span> <span class='ocrx_word' id='word_1_190' title='bbox 709 2225 850 2289; x_wconf 88' lang='lat' dir='ltr'><strong>exercitu</strong></span> <span class='ocrx_word' id='word_1_191' title='bbox 871 2227 949 2301; x_wconf 81' lang='lat' dir='ltr'><strong>erat,</strong></span> <span class='ocrx_word' id='word_1_192' title='bbox 965 2225 1117 2294; x_wconf 84' lang='lat' dir='ltr'><strong>trifariam</strong></span> <span class='ocrx_word' id='word_1_193' title='bbox 1133 2229 1214 2294; x_wconf 78' lang='lat' dir='ltr'><strong>divi-</strong></span> 
     </span>
     <span class='ocr_line' id='line_1_25' title="bbox 151 2309 1213 2399; baseline 0.007 -25"><span class='ocrx_word' id='word_1_194' title='bbox 151 2331 234 2375; x_wconf 85' lang='lat' dir='ltr'><strong>sura.</strong></span> <span class='ocrx_word' id='word_1_195' title='bbox 255 2323 346 2395; x_wconf 84' lang='lat' dir='ltr'><strong>parte</strong></span> <span class='ocrx_word' id='word_1_196' title='bbox 367 2333 430 2376; x_wconf 91' lang='lat' dir='ltr'><strong>una</strong></span> <span class='ocrx_word' id='word_1_197' title='bbox 452 2309 507 2374; x_wconf 73' lang='lat' dir='ltr'><strong>3²a</strong></span> <span class='ocrx_word' id='word_1_198' title='bbox 528 2309 680 2387; x_wconf 88' lang='lat' dir='ltr'><strong>Phoebeo,</strong></span> <span class='ocrx_word' id='word_1_199' title='bbox 704 2310 803 2375; x_wconf 85' lang='lat' dir='ltr'><strong>altera</strong></span> <span class='ocrx_word' id='word_1_200' title='bbox 826 2310 854 2350; x_wconf 75' lang='lat'><strong>³³</strong></span> <span class='ocrx_word' id='word_1_201' title='bbox 861 2334 881 2375; x_wconf 90' lang='lat' dir='ltr'><strong>a</strong></span> <span class='ocrx_word' id='word_1_202' title='bbox 902 2311 1097 2399; x_wconf 89' lang='lat' dir='ltr'><strong>Dictynneo,</strong></span> <span class='ocrx_word' id='word_1_203' title='bbox 1120 2317 1213 2381; x_wconf 86' lang='lat' dir='ltr'><strong>tertia</strong></span> 
     </span>
     <span class='ocr_line' id='line_1_26' title="bbox 151 2395 1212 2484; baseline 0.007 -24"><span class='ocrx_word' id='word_1_204' title='bbox 151 2395 194 2460; x_wconf 88' lang='lat' dir='ltr'><strong>ab</strong></span> <span class='ocrx_word' id='word_1_205' title='bbox 219 2419 259 2460; x_wconf 89' lang='lat' dir='ltr'><strong>eo</strong></span> <span class='ocrx_word' id='word_1_206' title='bbox 283 2395 363 2474; x_wconf 89' lang='lat' dir='ltr'><strong>loco,</strong></span> <span class='ocrx_word' id='word_1_207' title='bbox 386 2418 480 2484; x_wconf 86' lang='lat' dir='ltr'><strong>quem</strong></span> <span class='ocrx_word' id='word_1_208' title='bbox 501 2396 759 2484; x_wconf 60' lang='lat' dir='ltr'><strong>“Heptagonias</strong></span> <span class='ocrx_word' id='word_1_209' title='bbox 784 2396 942 2482; x_wconf 86' lang='lat' dir='ltr'><strong>adpellant</strong></span> <span class='ocrx_word' id='word_1_210' title='bbox 967 2402 1086 2481; x_wconf 90' lang='lat' dir='ltr'><strong>(omnia</strong></span> <span class='ocrx_word' id='word_1_211' title='bbox 1106 2414 1212 2466; x_wconf 82' lang='lat' dir='ltr'><strong>autem</strong></span> 
     </span>
     <span class='ocr_line' id='line_1_27' title="bbox 151 2480 1213 2570; baseline 0.006 -24"><span class='ocrx_word' id='word_1_212' title='bbox 151 2480 223 2548; x_wconf 80' lang='lat' dir='ltr'><strong>haec</strong></span> <span class='ocrx_word' id='word_1_213' title='bbox 237 2495 348 2568; x_wconf 84' lang='lat' dir='ltr'><strong>aperta</strong></span> <span class='ocrx_word' id='word_1_214' title='bbox 361 2484 429 2550; x_wconf 88' lang='lat' dir='ltr'><strong>sine</strong></span> <span class='ocrx_word' id='word_1_215' title='bbox 442 2504 534 2548; x_wconf 89' lang='lat' dir='ltr'><strong>muro</strong></span> <span class='ocrx_word' id='word_1_216' title='bbox 548 2482 619 2547; x_wconf 89' lang='lat' dir='ltr'><strong>loca</strong></span> <span class='ocrx_word' id='word_1_217' title='bbox 633 2486 718 2564; x_wconf 85' lang='lat' dir='ltr'><strong>sunt)</strong></span> <span class='ocrx_word' id='word_1_218' title='bbox 735 2482 864 2570; x_wconf 85' lang='lat' dir='ltr'><strong>adgredi</strong></span> <span class='ocrx_word' id='word_1_219' title='bbox 873 2483 974 2570; x_wconf 88' lang='lat' dir='ltr'><strong>jubet.</strong></span> <span class='ocrx_word' id='word_1_220' title='bbox 1017 2485 1127 2562; x_wconf 84' lang='lat' dir='ltr'><strong>Quum</strong></span> <span class='ocrx_word' id='word_1_221' title='bbox 1143 2502 1213 2554; x_wconf 86' lang='lat' dir='ltr'><strong>tan-</strong></span> 
     </span>
     <span class='ocr_line' id='line_1_28' title="bbox 151 2568 1214 2659; baseline 0.006 -26"><span class='ocrx_word' id='word_1_222' title='bbox 151 2579 204 2633; x_wconf 89' lang='lat' dir='ltr'><strong>tas</strong></span> <span class='ocrx_word' id='word_1_223' title='bbox 218 2569 359 2656; x_wconf 87' lang='lat' dir='ltr'><strong>undique</strong></span> <span class='ocrx_word' id='word_1_224' title='bbox 372 2569 508 2635; x_wconf 69' lang='lat' dir='ltr'><strong>³⁵terror</strong></span> <span class='ocrx_word' id='word_1_225' title='bbox 528 2568 639 2634; x_wconf 86' lang='lat' dir='ltr'><strong>urbem</strong></span> <span class='ocrx_word' id='word_1_226' title='bbox 655 2570 919 2646; x_wconf 79' lang='lat' dir='ltr'><strong>circumvasisset3</strong></span> <span class='ocrx_word' id='word_1_227' title='bbox 942 2571 1046 2654; x_wconf 90' lang='lat' dir='ltr'><strong>primo</strong></span> <span class='ocrx_word' id='word_1_228' title='bbox 1061 2587 1214 2659; x_wconf 89' lang='lat' dir='ltr'><strong>tyrannus</strong></span> 
     </span>
     <span class='ocr_line' id='line_1_29' title="bbox 149 2655 1214 2742; baseline 0.005 -22"><span class='ocrx_word' id='word_1_229' title='bbox 149 2666 183 2720; x_wconf 88' lang='lat' dir='ltr'><strong>et</strong></span> <span class='ocrx_word' id='word_1_230' title='bbox 198 2655 241 2720; x_wconf 89' lang='lat' dir='ltr'><strong>ad</strong></span> <span class='ocrx_word' id='word_1_231' title='bbox 254 2655 407 2721; x_wconf 87' lang='lat' dir='ltr'><strong>clamores</strong></span> <span class='ocrx_word' id='word_1_232' title='bbox 420 2657 614 2741; x_wconf 84' lang='lat' dir='ltr'><strong>repentinos,</strong></span> <span class='ocrx_word' id='word_1_233' title='bbox 630 2667 662 2720; x_wconf 90' lang='lat' dir='ltr'><strong>et</strong></span> <span class='ocrx_word' id='word_1_234' title='bbox 675 2656 716 2720; x_wconf 91' lang='lat' dir='ltr'><strong>ad</strong></span> <span class='ocrx_word' id='word_1_235' title='bbox 738 2656 871 2722; x_wconf 88' lang='lat' dir='ltr'><strong>nuncios</strong></span> <span class='ocrx_word' id='word_1_236' title='bbox 885 2657 1025 2742; x_wconf 87' lang='lat' dir='ltr'><strong>trepidos</strong></span> <span class='ocrx_word' id='word_1_237' title='bbox 1049 2673 1163 2738; x_wconf 87' lang='lat' dir='ltr'><strong>motus,-</strong></span> <span class='ocrx_word' id='word_1_238' title='bbox 1178 2675 1214 2726; x_wconf 91' lang='lat' dir='ltr'><strong>ut</strong></span> 
     </span>
     <span class='ocr_line' id='line_1_30' title="bbox 126 2741 1333 2828; baseline 0.003 -22"><span class='ocrx_word' id='word_1_239' title='bbox 126 2767 127 2772; x_wconf 47' lang='lat'>¹</span> <span class='ocrx_word' id='word_1_240' title='bbox 151 2741 287 2828; x_wconf 88' lang='lat' dir='ltr'><strong>quisque</strong></span> <span class='ocrx_word' id='word_1_241' title='bbox 310 2742 448 2808; x_wconf 84' lang='lat' dir='ltr'><strong>maxime</strong></span> <span class='ocrx_word' id='word_1_242' title='bbox 470 2741 628 2806; x_wconf 86' lang='lat' dir='ltr'><strong>laboraret</strong></span> <span class='ocrx_word' id='word_1_243' title='bbox 648 2742 748 2822; x_wconf 88' lang='lat' dir='ltr'><strong>locus,</strong></span> <span class='ocrx_word' id='word_1_244' title='bbox 770 2753 825 2807; x_wconf 93' lang='lat' dir='ltr'><strong>aut</strong></span> <span class='ocrx_word' id='word_1_245' title='bbox 845 2743 913 2828; x_wconf 88' lang='lat' dir='ltr'><strong>ipse</strong></span> <span class='ocrx_word' id='word_1_246' title='bbox 933 2743 1135 2822; x_wconf 89' lang='lat' dir='ltr'><strong>obcurrebat,</strong></span> <span class='ocrx_word' id='word_1_247' title='bbox 1158 2759 1215 2810; x_wconf 87' lang='lat' dir='ltr'><strong>aut</strong></span> <span class='ocrx_word' id='word_1_248' title='bbox 1326 2783 1333 2794; x_wconf 88' lang='lat'>·</span> 
     </span>
     <span class='ocr_line' id='line_1_31' title="bbox 151 2826 1216 2913; baseline 0.004 -21"><span class='ocrx_word' id='word_1_249' title='bbox 151 2826 275 2913; x_wconf 86' lang='lat' dir='ltr'><strong>aliquos</strong></span> <span class='ocrx_word' id='word_1_250' title='bbox 302 2827 457 2894; x_wconf 85' lang='lat' dir='ltr'><strong>mittebat.</strong></span> <span class='ocrx_word' id='word_1_251' title='bbox 485 2827 610 2902; x_wconf 90' lang='lat' dir='ltr'><strong>deinde,</strong></span> <span class='ocrx_word' id='word_1_252' title='bbox 632 2826 824 2892; x_wconf 88' lang='lat' dir='ltr'><strong>circumfuso</strong></span> <span class='ocrx_word' id='word_1_253' title='bbox 851 2828 992 2912; x_wconf 89' lang='lat' dir='ltr'><strong>undique</strong></span> <span class='ocrx_word' id='word_1_254' title='bbox 1020 2851 1146 2912; x_wconf 81' lang='lat' dir='ltr'><strong>pauore,</strong></span> <span class='ocrx_word' id='word_1_255' title='bbox 1169 2833 1216 2896; x_wconf 83' lang='lat' dir='ltr'><strong>ita</strong></span> 
     </span>
     <span class='ocr_line' id='line_1_32' title="bbox 151 2913 1214 3000; baseline 0.001 -22"><span class='ocrx_word' id='word_1_256' title='bbox 151 2913 326 3000; x_wconf 83' lang='lat' dir='ltr'><strong>obtorpuit,</strong></span> <span class='ocrx_word' id='word_1_257' title='bbox 355 2925 389 2980; x_wconf 90' lang='lat' dir='ltr'><strong>ut</strong></span> <span class='ocrx_word' id='word_1_258' title='bbox 413 2935 472 2980; x_wconf 89' lang='lat' dir='ltr'><strong>nec</strong></span> <span class='ocrx_word' id='word_1_259' title='bbox 496 2913 611 2990; x_wconf 86' lang='lat' dir='ltr'><strong>dicere,</strong></span> <span class='ocrx_word' id='word_1_260' title='bbox 637 2915 722 2999; x_wconf 92' lang='lat' dir='ltr'><strong>quod</strong></span> <span class='ocrx_word' id='word_1_261' title='bbox 751 2914 784 2977; x_wconf 92' lang='lat' dir='ltr'><strong>in</strong></span> <span class='ocrx_word' id='word_1_262' title='bbox 813 2935 881 2978; x_wconf 89' lang='lat' dir='ltr'><strong>rem</strong></span> <span class='ocrx_word' id='word_1_263' title='bbox 904 2927 994 2990; x_wconf 88' lang='lat' dir='ltr'><strong>esset,</strong></span> <span class='ocrx_word' id='word_1_264' title='bbox 1020 2935 1079 2978; x_wconf 89' lang='lat' dir='ltr'><strong>nec</strong></span> <span class='ocrx_word' id='word_1_265' title='bbox 1104 2916 1214 2981; x_wconf 89' lang='lat' dir='ltr'><strong>audire</strong></span> 
     </span>
     <span class='ocr_line' id='line_1_33' title="bbox 151 2997 1225 3088; baseline 0.003 -23"><span class='ocrx_word' id='word_1_266' title='bbox 151 3013 272 3084; x_wconf 79' lang='lat' dir='ltr'><strong>posset3</strong></span> <span class='ocrx_word' id='word_1_267' title='bbox 294 3021 354 3066; x_wconf 91' lang='lat' dir='ltr'><strong>nec</strong></span> <span class='ocrx_word' id='word_1_268' title='bbox 373 3001 466 3086; x_wconf 87' lang='lat' dir='ltr'><strong>inops</strong></span> <span class='ocrx_word' id='word_1_269' title='bbox 487 2997 584 3066; x_wconf 89' lang='lat' dir='ltr'><strong>modo</strong></span> <span class='ocrx_word' id='word_1_270' title='bbox 597 2998 732 3080; x_wconf 86' lang='lat' dir='ltr'><strong>consilii,</strong></span> <span class='ocrx_word' id='word_1_271' title='bbox 747 2999 800 3065; x_wconf 87' lang='lat' dir='ltr'><strong>sed</strong></span> <span class='ocrx_word' id='word_1_272' title='bbox 822 3000 876 3066; x_wconf 86' lang='lat' dir='ltr'><strong>vix</strong></span> <span class='ocrx_word' id='word_1_273' title='bbox 891 2998 1006 3066; x_wconf 88' lang='lat' dir='ltr'><strong>mentis</strong></span> <span class='ocrx_word' id='word_1_274' title='bbox 1020 3021 1150 3088; x_wconf 83' lang='lat' dir='ltr'><strong>compos</strong></span> <span class='ocrx_word' id='word_1_275' title='bbox 1165 3023 1225 3068; x_wconf 46' lang='lat' dir='ltr'><strong>es*</strong></span> 
     </span>
     <span class='ocr_line' id='line_1_34' title="bbox 155 3097 212 3150; baseline 0 0"><span class='ocrx_word' id='word_1_276' title='bbox 155 3097 212 3150; x_wconf 86' lang='lat' dir='ltr'><strong>set.</strong></span> 
     </span>
    </p>
   </div>
   <div class='ocr_carea' id='block_1_3' title="bbox 195 3135 1287 3263">
    <p class='ocr_par' dir='ltr' id='par_1_3' title="bbox 195 3135 1287 3263">
     <span class='ocr_line' id='line_1_35' title="bbox 195 3135 1287 3263; baseline 0.004 -25"><span class='ocrx_word' id='word_1_277' title='bbox 195 3171 366 3240; x_wconf 85' lang='lat' dir='ltr'>XXXIX.</span> <span class='ocrx_word' id='word_1_278' title='bbox 393 3135 554 3240; x_wconf 78' lang='lat' dir='ltr'><strong>Romanos</strong></span> <span class='ocrx_word' id='word_1_279' title='bbox 575 3173 680 3258; x_wconf 86' lang='lat' dir='ltr'><strong>primo</strong></span> <span class='ocrx_word' id='word_1_280' title='bbox 701 3171 896 3240; x_wconf 82' lang='lat' dir='ltr'><strong>sustinebant</strong></span> <span class='ocrx_word' id='word_1_281' title='bbox 917 3173 951 3237; x_wconf 93' lang='lat' dir='ltr'><strong>in</strong></span> <span class='ocrx_word' id='word_1_282' title='bbox 973 3174 1126 3263; x_wconf 87' lang='lat' dir='ltr'><strong>angustiis</strong></span> <span class='ocrx_word' id='word_1_283' title='bbox 1149 3175 1213 3242; x_wconf 66' lang='lat' dir='ltr'><strong>La-</strong></span> <span class='ocrx_word' id='word_1_284' title='bbox 1284 3173 1287 3184; x_wconf 88' lang='lat'>&#39;</span> 
     </span>
    </p>
   </div>
   <div class='ocr_carea' id='block_1_4' title="bbox 473 3279 892 3342">
    <p class='ocr_par' dir='ltr' id='par_1_4' title="bbox 473 3279 892 3342">
     <span class='ocr_line' id='line_1_36' title="bbox 473 3279 892 3342; baseline -0.01 -13"><span class='ocrx_word' id='word_1_285' title='bbox 473 3285 483 3336; x_wconf 67' lang='grc' dir='ltr'><em>Ξ</em></span> <span class='ocrx_word' id='word_1_286' title='bbox 494 3281 685 3342; x_wconf 70' lang='lat' dir='ltr'><strong>centuriamque</strong></span> <span class='ocrx_word' id='word_1_287' title='bbox 695 3293 724 3326; x_wconf 85' lang='lat' dir='ltr'><strong>cr</strong></span> <span class='ocrx_word' id='word_1_288' title='bbox 735 3279 811 3326; x_wconf 85' lang='lat' dir='ltr'><strong>Gran.</strong></span> <span class='ocrx_word' id='word_1_289' title='bbox 824 3281 892 3326; x_wconf 77' lang='lat' dir='ltr'><strong>cren.</strong></span> 
     </span>
    </p>
   </div>
   <div class='ocr_carea' id='block_1_5' title="bbox 128 3373 1302 4417">
    <p class='ocr_par' dir='ltr' id='par_1_5' title="bbox 128 3373 1302 4349">
     <span class='ocr_line' id='line_1_37' title="bbox 184 3373 1215 3442; baseline 0.002 -18"><span class='ocrx_word' id='word_1_290' title='bbox 184 3383 213 3424; x_wconf 78' lang='lat'><strong>81</strong></span> <span class='ocrx_word' id='word_1_291' title='bbox 284 3373 345 3426; x_wconf 74' lang='lat' dir='ltr'><strong>sana·</strong></span> <span class='ocrx_word' id='word_1_292' title='bbox 361 3391 437 3442; x_wconf 81' lang='lat' dir='ltr'><strong>aupes·</strong></span> <span class='ocrx_word' id='word_1_293' title='bbox 452 3409 516 3426; x_wconf 87' lang='lat'><strong>....</strong></span> <span class='ocrx_word' id='word_1_294' title='bbox 533 3379 667 3440; x_wconf 73' lang='lat' dir='ltr'><strong>adjecerunt</strong></span> <span class='ocrx_word' id='word_1_295' title='bbox 697 3377 799 3424; x_wconf 79' lang='lat' dir='ltr'><strong>aanor</strong></span> <span class='ocrx_word' id='word_1_296' title='bbox 815 3377 877 3426; x_wconf 82' lang='lat' dir='ltr'><strong>mals</strong></span> <span class='ocrx_word' id='word_1_297' title='bbox 897 3375 989 3423; x_wconf 86' lang='lat' dir='ltr'><strong>videtur</strong></span> <span class='ocrx_word' id='word_1_298' title='bbox 1009 3377 1142 3438; x_wconf 82' lang='lat' dir='ltr'><strong>suspicatus</strong></span> <span class='ocrx_word' id='word_1_299' title='bbox 1163 3393 1215 3426; x_wconf 86' lang='lat' dir='ltr'><strong>asse</strong></span> 
     </span>
     <span class='ocr_line' id='line_1_38' title="bbox 152 3440 1216 3502; baseline 0.001 -12"><span class='ocrx_word' id='word_1_300' title='bbox 152 3455 248 3490; x_wconf 69' lang='lat' dir='ltr'><strong>mans</strong></span> <span class='ocrx_word' id='word_1_301' title='bbox 273 3444 385 3491; x_wconf 77' lang='lat' dir='ltr'><strong>lustinus</strong></span> <span class='ocrx_word' id='word_1_302' title='bbox 396 3445 413 3491; x_wconf 91' lang='lat' dir='ltr'><strong>l.</strong></span> <span class='ocrx_word' id='word_1_303' title='bbox 424 3443 495 3492; x_wconf 84' lang='lat' dir='ltr'><strong>XlV.</strong></span> <span class='ocrx_word' id='word_1_304' title='bbox 506 3458 528 3492; x_wconf 88' lang='lat' dir='ltr'><strong>c.</strong></span> <span class='ocrx_word' id='word_1_305' title='bbox 539 3450 562 3490; x_wconf 78' lang='lat'><strong>5·</strong></span> <span class='ocrx_word' id='word_1_306' title='bbox 577 3455 666 3491; x_wconf 83' lang='lat' dir='ltr'><strong>memo·</strong></span> <span class='ocrx_word' id='word_1_307' title='bbox 698 3440 827 3500; x_wconf 76' lang='lat' dir='ltr'><strong>Maenius,</strong></span> <span class='ocrx_word' id='word_1_308' title='bbox 839 3441 870 3488; x_wconf 82' lang='lat' dir='ltr'><strong>nd</strong></span> <span class='ocrx_word' id='word_1_309' title='bbox 880 3441 1000 3502; x_wconf 77' lang='lat' dir='ltr'><strong>Epdebao,</strong></span> <span class='ocrx_word' id='word_1_310' title='bbox 1012 3443 1053 3502; x_wconf 86' lang='lat' dir='ltr'><strong>qni</strong></span> <span class='ocrx_word' id='word_1_311' title='bbox 1064 3443 1136 3492; x_wconf 83' lang='lat' dir='ltr'><strong>loeus</strong></span> <span class='ocrx_word' id='word_1_312' title='bbox 1153 3445 1189 3491; x_wconf 91' lang='lat' dir='ltr'><strong>bis</strong></span> <span class='ocrx_word' id='word_1_313' title='bbox 1200 3457 1216 3491; x_wconf 83' lang='lat' dir='ltr'><strong>a</strong></span> 
     </span>
     <span class='ocr_line' id='line_1_39' title="bbox 154 3505 1214 3570; baseline 0.001 -16"><span class='ocrx_word' id='word_1_314' title='bbox 154 3513 192 3554; x_wconf 85' lang='lat' dir='ltr'><strong>rat</strong></span> <span class='ocrx_word' id='word_1_315' title='bbox 211 3507 318 3570; x_wconf 80' lang='lat' dir='ltr'><strong>Spartam</strong></span> <span class='ocrx_word' id='word_1_316' title='bbox 342 3509 457 3557; x_wconf 80' lang='lat' dir='ltr'><strong>inclusam</strong></span> <span class='ocrx_word' id='word_1_317' title='bbox 469 3523 526 3568; x_wconf 63' lang='lat' dir='ltr'><strong>vasae</strong></span> <span class='ocrx_word' id='word_1_318' title='bbox 544 3523 613 3556; x_wconf 80' lang='lat' dir='ltr'><strong>muro</strong></span> <span class='ocrx_word' id='word_1_319' title='bbox 634 3505 666 3554; x_wconf 85' lang='lat' dir='ltr'><strong>bb</strong></span> <span class='ocrx_word' id='word_1_320' title='bbox 698 3506 815 3554; x_wconf 81' lang='lat' dir='ltr'><strong>Pausania</strong></span> <span class='ocrx_word' id='word_1_321' title='bbox 830 3507 962 3568; x_wconf 83' lang='lat' dir='ltr'><strong>appellatur</strong></span> <span class='ocrx_word' id='word_1_322' title='bbox 974 3508 1000 3552; x_wconf 93' lang='lat' dir='ltr'><strong>in</strong></span> <span class='ocrx_word' id='word_1_323' title='bbox 1012 3507 1145 3556; x_wconf 84' lang='lat' dir='ltr'><strong>Laconicis.</strong></span> <span class='ocrx_word' id='word_1_324' title='bbox 1178 3508 1214 3556; x_wconf 88' lang='lat' dir='ltr'><strong>lbi</strong></span> 
     </span>
     <span class='ocr_line' id='line_1_40' title="bbox 153 3571 1215 3631; baseline 0.002 -12"><span class='ocrx_word' id='word_1_325' title='bbox 153 3573 279 3620; x_wconf 79' lang='lat' dir='ltr'><strong>Cassandri</strong></span> <span class='ocrx_word' id='word_1_326' title='bbox 292 3573 375 3620; x_wconf 84' lang='lat' dir='ltr'><strong>multis</strong></span> <span class='ocrx_word' id='word_1_327' title='bbox 390 3575 416 3621; x_wconf 93' lang='lat' dir='ltr'><strong>in</strong></span> <span class='ocrx_word' id='word_1_328' title='bbox 427 3575 519 3621; x_wconf 83' lang='lat' dir='ltr'><strong>Graecia</strong></span> <span class='ocrx_word' id='word_1_329' title='bbox 529 3571 665 3620; x_wconf 81' lang='lat' dir='ltr'><strong>civitatibus</strong></span> <span class='ocrx_word' id='word_1_330' title='bbox 694 3571 794 3631; x_wconf 77' lang='lat' dir='ltr'><strong>juvenes</strong></span> <span class='ocrx_word' id='word_1_331' title='bbox 811 3572 841 3618; x_wconf 89' lang='lat' dir='ltr'><strong>ad</strong></span> <span class='ocrx_word' id='word_1_332' title='bbox 859 3571 947 3618; x_wconf 88' lang='lat' dir='ltr'><strong>bellum</strong></span> <span class='ocrx_word' id='word_1_333' title='bbox 964 3573 1068 3619; x_wconf 84' lang='lat' dir='ltr'><strong>exituros</strong></span> <span class='ocrx_word' id='word_1_334' title='bbox 1086 3575 1215 3622; x_wconf 83' lang='lat' dir='ltr'><strong>sacrificare</strong></span> 
     </span>
     <span class='ocr_line' id='line_1_41' title="bbox 151 3637 820 3688; baseline -0.001 -4"><span class='ocrx_word' id='word_1_335' title='bbox 151 3637 239 3685; x_wconf 86' lang='lat' dir='ltr'><strong>bellum</strong></span> <span class='ocrx_word' id='word_1_336' title='bbox 262 3637 386 3686; x_wconf 79' lang='lat' dir='ltr'><strong>inferentis</strong></span> <span class='ocrx_word' id='word_1_337' title='bbox 407 3644 506 3688; x_wconf 75' lang='lat' dir='ltr'><strong>matum</strong></span> <span class='ocrx_word' id='word_1_338' title='bbox 537 3639 665 3686; x_wconf 80' lang='lat' dir='ltr'><strong>Pausanias</strong></span> <span class='ocrx_word' id='word_1_339' title='bbox 697 3640 820 3684; x_wconf 83' lang='lat' dir='ltr'><strong>moserat.</strong></span> 
     </span>
     <span class='ocr_line' id='line_1_42' title="bbox 151 3699 1216 3768; baseline 0.003 -19"><span class='ocrx_word' id='word_1_340' title='bbox 151 3703 178 3749; x_wconf 85' lang='lat' dir='ltr'><strong>in</strong></span> <span class='ocrx_word' id='word_1_341' title='bbox 192 3703 291 3768; x_wconf 78' lang='lat' dir='ltr'><strong>Achaia.</strong></span> <span class='ocrx_word' id='word_1_342' title='bbox 310 3717 404 3752; x_wconf 83' lang='lat' dir='ltr'><strong>murum</strong></span> <span class='ocrx_word' id='word_1_343' title='bbox 420 3705 578 3752; x_wconf 81' lang='lat' dir='ltr'><strong>tumultuario</strong></span> <span class='ocrx_word' id='word_1_344' title='bbox 596 3717 667 3762; x_wconf 73' lang='lat' dir='ltr'><strong>opere</strong></span> <span class='ocrx_word' id='word_1_345' title='bbox 730 3707 762 3749; x_wconf 79' lang='lat'><strong>³³</strong></span> <span class='ocrx_word' id='word_1_346' title='bbox 778 3702 804 3747; x_wconf 83' lang='lat' dir='ltr'><em>A</em></span> <span class='ocrx_word' id='word_1_347' title='bbox 813 3699 962 3764; x_wconf 69' lang='lat' dir='ltr'><strong>Dictynnae]</strong></span> <span class='ocrx_word' id='word_1_348' title='bbox 973 3702 1144 3764; x_wconf 81' lang='lat' dir='ltr'><strong>Dictynnsum,</strong></span> <span class='ocrx_word' id='word_1_349' title='bbox 1155 3708 1216 3752; x_wconf 77' lang='lat' dir='ltr'><strong>tam·</strong></span> 
     </span>
     <span class='ocr_line' id='line_1_43' title="bbox 151 3766 1214 3832; baseline -0.002 -14"><span class='ocrx_word' id='word_1_350' title='bbox 151 3768 323 3818; x_wconf 78' lang='lat' dir='ltr'><strong>circumdatam</strong></span> <span class='ocrx_word' id='word_1_351' title='bbox 371 3767 448 3816; x_wconf 91' lang='lat' dir='ltr'><strong>aurbi</strong></span> <span class='ocrx_word' id='word_1_352' title='bbox 463 3775 552 3828; x_wconf 84' lang='lat' dir='ltr'><strong>narrat,</strong></span> <span class='ocrx_word' id='word_1_353' title='bbox 563 3768 666 3832; x_wconf 83' lang='lat' dir='ltr'><strong>primum</strong></span> <span class='ocrx_word' id='word_1_354' title='bbox 698 3766 1161 3828; x_wconf 75' lang='lat' dir='ltr'><strong>plataastDictynne,sira.illsDiana</strong></span> <span class='ocrx_word' id='word_1_355' title='bbox 1171 3771 1214 3827; x_wconf 78' lang='lat' dir='ltr'><strong>sis,</strong></span> 
     </span>
     <span class='ocr_line' id='line_1_44' title="bbox 151 3781 1215 3959; baseline 0.001 -79"><span class='ocrx_word' id='word_1_356' title='bbox 151 3833 282 3893; x_wconf 85' lang='lat' dir='ltr'><strong>Demetrio,</strong></span> <span class='ocrx_word' id='word_1_357' title='bbox 281 3781 382 3959; x_wconf 52' lang='lat' dir='ltr'><strong>abege</strong></span> <span class='ocrx_word' id='word_1_358' title='bbox 396 3835 488 3894; x_wconf 81' lang='lat' dir='ltr'><strong>Pyrrho</strong></span> <span class='ocrx_word' id='word_1_359' title='bbox 505 3833 667 3897; x_wconf 79' lang='lat' dir='ltr'><strong>oppugnanti·</strong></span> <span class='ocrx_word' id='word_1_360' title='bbox 699 3832 748 3878; x_wconf 87' lang='lat' dir='ltr'><strong>siva</strong></span> <span class='ocrx_word' id='word_1_361' title='bbox 763 3830 924 3892; x_wconf 83' lang='lat' dir='ltr'><strong>Britomartis,</strong></span> <span class='ocrx_word' id='word_1_362' title='bbox 935 3833 965 3879; x_wconf 85' lang='lat' dir='ltr'><strong>de</strong></span> <span class='ocrx_word' id='word_1_363' title='bbox 981 3847 1028 3893; x_wconf 88' lang='lat' dir='ltr'><strong>qua</strong></span> <span class='ocrx_word' id='word_1_364' title='bbox 1044 3835 1172 3882; x_wconf 85' lang='lat' dir='ltr'><strong>Pausanias</strong></span> <span class='ocrx_word' id='word_1_365' title='bbox 1188 3834 1215 3881; x_wconf 88' lang='lat' dir='ltr'><strong>ia</strong></span> 
     </span>
     <span class='ocr_line' id='line_1_45' title="bbox 151 3896 1212 3959; baseline 0 -15"><span class='ocrx_word' id='word_1_366' title='bbox 151 3897 209 3944; x_wconf 82' lang='lat' dir='ltr'><strong>bus:</strong></span> <span class='ocrx_word' id='word_1_367' title='bbox 226 3912 243 3945; x_wconf 90' lang='lat' dir='ltr'><strong>a</strong></span> <span class='ocrx_word' id='word_1_368' title='bbox 256 3899 281 3946; x_wconf 90' lang='lat' dir='ltr'>N</span> <span class='ocrx_word' id='word_1_369' title='bbox 312 3898 318 3910; x_wconf 90' lang='grc'><strong>’</strong></span> <span class='ocrx_word' id='word_1_370' title='bbox 365 3905 468 3959; x_wconf 81' lang='lat' dir='ltr'><strong>tyranno</strong></span> <span class='ocrx_word' id='word_1_371' title='bbox 483 3899 572 3947; x_wconf 81' lang='lat' dir='ltr'><strong>validas</strong></span> <span class='ocrx_word' id='word_1_372' title='bbox 587 3897 667 3946; x_wconf 87' lang='lat' dir='ltr'><strong>muni·</strong></span> <span class='ocrx_word' id='word_1_373' title='bbox 700 3896 867 3944; x_wconf 83' lang='lat' dir='ltr'><strong>Corinthiacis.</strong></span> <span class='ocrx_word' id='word_1_374' title='bbox 1201 3928 1212 3944; x_wconf 87' lang='lat'><strong>.</strong></span> 
     </span>
     <span class='ocr_line' id='line_1_46' title="bbox 151 3955 1215 4026; baseline 0.001 -17"><span class='ocrx_word' id='word_1_375' title='bbox 151 3962 228 4010; x_wconf 83' lang='lat' dir='ltr'><strong>tiones</strong></span> <span class='ocrx_word' id='word_1_376' title='bbox 239 3965 351 4024; x_wconf 60' lang='lat' dir='ltr'><strong>adjectu</strong></span> <span class='ocrx_word' id='word_1_377' title='bbox 383 3964 467 4026; x_wconf 87' lang='lat' dir='ltr'><strong>ltaque</strong></span> <span class='ocrx_word' id='word_1_378' title='bbox 478 3965 540 4025; x_wconf 90' lang='lat' dir='ltr'><strong>quod</strong></span> <span class='ocrx_word' id='word_1_379' title='bbox 557 3963 596 4011; x_wconf 87' lang='lat' dir='ltr'><strong>iric</strong></span> <span class='ocrx_word' id='word_1_380' title='bbox 609 3962 678 4020; x_wconf 48' lang='grc' dir='ltr'><strong>Ιοιςίῂ</strong></span> <span class='ocrx_word' id='word_1_381' title='bbox 729 3955 1215 4023; x_wconf 62' lang='lat' dir='ltr'><strong>aquraguatas]1stetoeusnomeu</strong></span> 
     </span>
     <span class='ocr_line' id='line_1_47' title="bbox 152 4025 1302 4091; baseline -0.005 -17"><span class='ocrx_word' id='word_1_382' title='bbox 152 4039 204 4074; x_wconf 84' lang='lat' dir='ltr'><strong>naas</strong></span> <span class='ocrx_word' id='word_1_383' title='bbox 214 4027 243 4076; x_wconf 91' lang='lat' dir='ltr'><strong>ds</strong></span> <span class='ocrx_word' id='word_1_384' title='bbox 253 4039 325 4087; x_wconf 70' lang='lat' dir='ltr'><strong>mussa</strong></span> <span class='ocrx_word' id='word_1_385' title='bbox 337 4044 412 4091; x_wconf 81' lang='lat' dir='ltr'><strong>super</strong></span> <span class='ocrx_word' id='word_1_386' title='bbox 423 4043 437 4076; x_wconf 90' lang='lat' dir='ltr'><strong>a</strong></span> <span class='ocrx_word' id='word_1_387' title='bbox 447 4029 554 4090; x_wconf 81' lang='lat' dir='ltr'><strong>tyrannia</strong></span> <span class='ocrx_word' id='word_1_388' title='bbox 562 4028 667 4088; x_wconf 80' lang='lat' dir='ltr'><strong>objecto,</strong></span> <span class='ocrx_word' id='word_1_389' title='bbox 699 4026 783 4089; x_wconf 83' lang='lat' dir='ltr'><strong>habuit</strong></span> <span class='ocrx_word' id='word_1_390' title='bbox 794 4039 808 4073; x_wconf 89' lang='lat' dir='ltr'><strong>a</strong></span> <span class='ocrx_word' id='word_1_391' title='bbox 818 4032 907 4088; x_wconf 83' lang='lat' dir='ltr'><strong>septem</strong></span> <span class='ocrx_word' id='word_1_392' title='bbox 920 4027 1022 4088; x_wconf 74' lang='lat' dir='ltr'><strong>angulis.</strong></span> <span class='ocrx_word' id='word_1_393' title='bbox 1039 4025 1100 4074; x_wconf 67' lang='lat' dir='ltr'><strong>laert</strong></span> <span class='ocrx_word' id='word_1_394' title='bbox 1110 4033 1214 4087; x_wconf 83' lang='lat' dir='ltr'><strong>septam:</strong></span> <span class='ocrx_word' id='word_1_395' title='bbox 1298 4065 1302 4068; x_wconf 84' lang='lat'><strong>.</strong></span> 
     </span>
     <span class='ocr_line' id='line_1_48' title="bbox 128 4089 891 4152; baseline -0.001 -14"><span class='ocrx_word' id='word_1_396' title='bbox 128 4121 132 4126; x_wconf 91' lang='lat'><em>-</em></span> <span class='ocrx_word' id='word_1_397' title='bbox 152 4091 213 4140; x_wconf 89' lang='lat' dir='ltr'><strong>idda</strong></span> <span class='ocrx_word' id='word_1_398' title='bbox 224 4094 270 4142; x_wconf 88' lang='lat' dir='ltr'><strong>illis</strong></span> <span class='ocrx_word' id='word_1_399' title='bbox 280 4091 381 4145; x_wconf 73' lang='lat' dir='ltr'><strong>Nabidis</strong></span> <span class='ocrx_word' id='word_1_400' title='bbox 393 4095 567 4143; x_wconf 86' lang='lat' dir='ltr'><strong>munitionibus</strong></span> <span class='ocrx_word' id='word_1_401' title='bbox 578 4093 667 4140; x_wconf 87' lang='lat' dir='ltr'><strong>intelli·</strong></span> <span class='ocrx_word' id='word_1_402' title='bbox 699 4089 769 4152; x_wconf 68' lang='lat' dir='ltr'><strong>psile</strong></span> <span class='ocrx_word' id='word_1_403' title='bbox 780 4089 891 4152; x_wconf 74' lang='lat' dir='ltr'><strong>angulus.</strong></span> 
     </span>
     <span class='ocr_line' id='line_1_49' title="bbox 152 4150 1268 4230; baseline -0.01 -23"><span class='ocrx_word' id='word_1_404' title='bbox 152 4154 252 4214; x_wconf 62' lang='lat' dir='ltr'><strong>nodosa</strong></span> <span class='ocrx_word' id='word_1_405' title='bbox 336 4173 372 4207; x_wconf 88' lang='lat' dir='ltr'><strong>nr.</strong></span> <span class='ocrx_word' id='word_1_406' title='bbox 397 4161 451 4208; x_wconf 79' lang='lat' dir='ltr'><strong>vid.</strong></span> <span class='ocrx_word' id='word_1_407' title='bbox 467 4166 547 4208; x_wconf 81' lang='lat' dir='ltr'><strong>tamen</strong></span> <span class='ocrx_word' id='word_1_408' title='bbox 566 4162 618 4207; x_wconf 79' lang='lat' dir='ltr'><strong>not.</strong></span> <span class='ocrx_word' id='word_1_409' title='bbox 638 4157 677 4205; x_wconf 78' lang='lat' dir='ltr'><strong>ad-</strong></span> <span class='ocrx_word' id='word_1_410' title='bbox 732 4162 764 4204; x_wconf 80' lang='lat'><strong>35</strong></span> <span class='ocrx_word' id='word_1_411' title='bbox 790 4153 876 4204; x_wconf 69' lang='lat' dir='ltr'><strong>Terror</strong></span> <span class='ocrx_word' id='word_1_412' title='bbox 905 4154 986 4206; x_wconf 80' lang='lat' dir='ltr'><strong>ardeas</strong></span> <span class='ocrx_word' id='word_1_413' title='bbox 1015 4150 1219 4230; x_wconf 56' lang='lat' dir='ltr'><strong>circumisset]</strong></span> <span class='ocrx_word' id='word_1_414' title='bbox 1265 4211 1268 4220; x_wconf 22' lang='grc' dir='ltr'><strong><em>Δ</em></strong></span> 
     </span>
     <span class='ocr_line' id='line_1_50' title="bbox 153 4221 1290 4277; baseline -0.006 -7"><span class='ocrx_word' id='word_1_415' title='bbox 153 4221 269 4273; x_wconf 82' lang='lat' dir='ltr'><strong>txxxs</strong></span> <span class='ocrx_word' id='word_1_416' title='bbox 316 4231 388 4275; x_wconf 75' lang='lat' dir='ltr'><strong>ast.</strong></span> <span class='ocrx_word' id='word_1_417' title='bbox 700 4221 794 4269; x_wconf 86' lang='lat' dir='ltr'><strong>Nomen</strong></span> <span class='ocrx_word' id='word_1_418' title='bbox 812 4221 893 4270; x_wconf 77' lang='lat' dir='ltr'><strong>artem</strong></span> <span class='ocrx_word' id='word_1_419' title='bbox 909 4224 1003 4267; x_wconf 82' lang='lat' dir='ltr'><strong>serrant</strong></span> <span class='ocrx_word' id='word_1_420' title='bbox 1014 4222 1094 4277; x_wconf 76' lang='lat' dir='ltr'><strong>scnpb</strong></span> <span class='ocrx_word' id='word_1_421' title='bbox 1105 4221 1131 4262; x_wconf 89' lang='lat' dir='ltr'><strong>et</strong></span> <span class='ocrx_word' id='word_1_422' title='bbox 1146 4229 1217 4277; x_wconf 86' lang='lat' dir='ltr'><strong>prrscr</strong></span> <span class='ocrx_word' id='word_1_423' title='bbox 1286 4262 1290 4271; x_wconf 26' lang='grc' dir='ltr'><em>Ι</em></span> 
     </span>
     <span class='ocr_line' id='line_1_51' title="bbox 183 4281 1219 4349; baseline -0.006 -13"><span class='ocrx_word' id='word_1_424' title='bbox 183 4293 215 4336; x_wconf 72' lang='grc'><strong>89</strong></span> <span class='ocrx_word' id='word_1_425' title='bbox 231 4293 258 4337; x_wconf 83' lang='lat' dir='ltr'><em>A</em></span> <span class='ocrx_word' id='word_1_426' title='bbox 328 4287 379 4349; x_wconf 82' lang='lat' dir='ltr'><strong>baa]</strong></span> <span class='ocrx_word' id='word_1_427' title='bbox 396 4291 666 4346; x_wconf 77' lang='lat' dir='ltr'><strong>Sibaesoxsanaest,</strong></span> <span class='ocrx_word' id='word_1_428' title='bbox 701 4287 766 4334; x_wconf 79' lang='lat' dir='ltr'><strong>sciti.</strong></span> <span class='ocrx_word' id='word_1_429' title='bbox 798 4285 950 4332; x_wconf 83' lang='lat' dir='ltr'><strong>Recentioras</strong></span> <span class='ocrx_word' id='word_1_430' title='bbox 967 4295 1099 4343; x_wconf 84' lang='lat' dir='ltr'><strong>operarum,</strong></span> <span class='ocrx_word' id='word_1_431' title='bbox 1109 4284 1139 4327; x_wconf 81' lang='lat' dir='ltr'><strong>ut</strong></span> <span class='ocrx_word' id='word_1_432' title='bbox 1156 4281 1219 4330; x_wconf 81' lang='lat' dir='ltr'><strong>aida·</strong></span> 
     </span>
    </p>

    <p class='ocr_par' dir='ltr' id='par_1_6' title="bbox 151 4350 1000 4417">
     <span class='ocr_line' id='line_1_52' title="bbox 151 4350 1000 4417; baseline -0.011 -17"><span class='ocrx_word' id='word_1_433' title='bbox 151 4353 256 4414; x_wconf 69' lang='lat' dir='ltr'><strong>lolalligs</strong></span> <span class='ocrx_word' id='word_1_434' title='bbox 291 4367 331 4404; x_wconf 79' lang='lat' dir='ltr'><strong>aaa</strong></span> <span class='ocrx_word' id='word_1_435' title='bbox 352 4359 388 4402; x_wconf 84' lang='lat' dir='ltr'><strong>est</strong></span> <span class='ocrx_word' id='word_1_436' title='bbox 404 4351 524 4417; x_wconf 70' lang='lat' dir='ltr'><strong>Apollinis</strong></span> <span class='ocrx_word' id='word_1_437' title='bbox 544 4355 668 4417; x_wconf 81' lang='lat' dir='ltr'><strong>templum.</strong></span> <span class='ocrx_word' id='word_1_438' title='bbox 701 4357 751 4411; x_wconf 87' lang='lat' dir='ltr'><strong>tur,</strong></span> <span class='ocrx_word' id='word_1_439' title='bbox 762 4351 854 4398; x_wconf 90' lang='lat' dir='ltr'><strong>incuria</strong></span> <span class='ocrx_word' id='word_1_440' title='bbox 865 4350 1000 4396; x_wconf 81' lang='lat' dir='ltr'><strong>amiserant.</strong></span> 
     </span>
    </p>
   </div>
   <div class='ocr_carea' id='block_1_6' title="bbox 753 4421 847 4477">
    <p class='ocr_par' dir='ltr' id='par_1_7' title="bbox 753 4421 847 4477">
     <span class='ocr_line' id='line_1_53' title="bbox 753 4421 847 4477; baseline -0.011 0"><span class='ocrx_word' id='word_1_441' title='bbox 753 4421 847 4477; x_wconf 71' lang='lat' dir='ltr'><strong>ud.</strong></span> 
     </span>
    </p>
   </div>
   <div class='ocr_carea' id='block_1_7' title="bbox 1549 3879 1553 4743">
    <p class='ocr_par' dir='ltr' id='par_1_8' title="bbox 1549 3879 1553 4743">
     <span class='ocr_line' id='line_1_54' title="bbox 1549 3879 1553 4743; baseline 0 0"><span class='ocrx_word' id='word_1_442' title='bbox 1549 3879 1553 4743; x_wconf 95' lang='lat' dir='ltr'><strong> </strong></span> 
     </span>
    </p>
   </div>
   <div class='ocr_carea' id='block_1_8' title="bbox 0 0 1556 4976">
    <p class='ocr_par' dir='ltr' id='par_1_9' title="bbox 0 0 1556 4976">
     <span class='ocr_line' id='line_1_55' title="bbox 0 0 1556 4976; baseline 0 0"><span class='ocrx_word' id='word_1_443' title='bbox 0 0 1556 4976; x_wconf 95' lang='lat' dir='ltr'><strong> </strong></span> 
     </span>
    </p>
   </div>
  </div>
 </body>
</html>
