3104 4976
333 203 389 267 194
554 238 559 244 -
714 195 825 256 utut
859 195 998 257 L1v11
1101 279 1105 293 ἱ

169 372 198 419 u.
210 373 236 418 u
250 379 304 422 ess.
330 361 370 424 ab
383 382 415 424 se
430 361 463 424 iu
478 379 513 422 eo
527 368 609 422 stetu
622 359 758 444 relinqui
765 361 969 443 prouinciam.
1013 359 1149 424 Senatus
1165 358 1203 424 C.
1220 357 1389 424 Scribonio

167 437 234 488 Μ·
247 443 312 486 ³⁹&
330 447 493 534 negotium
510 444 608 521 dant,
626 457 660 510 ut
681 445 761 509 duos
784 445 910 534 legatos
924 469 966 510 ex
986 445 1099 510 ordine
1112 445 1270 510 senatorio
1284 447 1389 513 mitte·
1481 487 1488 493 „

330 525 378 598 riu
392 533 434 597 od
451 533 489 597 L.
506 531 691 595 Cornelium
708 531 877 609 consulem,
893 533 949 618 qui
969 531 1074 598 literas
1094 531 1223 620 collegae
1243 531 1284 596 ad
1299 553 1388 597 sens·

328 633 397 684 tum
414 619 521 682 missas
536 615 694 682 deferrent
714 617 756 682 ad
776 639 865 692 eum;
889 632 922 684 et
936 618 1132 694 nunciarent,
1152 627 1298 697 senatum,
1313 619 1350 682 ni
1364 621 1392 682 is

327 709 372 770 od
392 709 589 789 magistratus
609 704 814 788 subrogandos
827 705 957 770 Romam
978 705 1104 781 ueniret,
1117 706 1228 786 potius,
1244 723 1333 788 worn
1349 704 1389 778 Q.

330 792 488 856 Minucius
501 812 522 852 α
537 791 614 862 bello
629 793 749 874 integro
769 801 957 866 amoenetur,
973 792 1177 874 interregnum
1192 790 1272 854 iniri
1278 811 1396 873 passu,

329 899 406 942 rum.
452 875 544 940 Missi
566 875 661 962 legati
676 876 911 952 renunciarent,
929 876 968 940 L.
985 877 1156 942 Cornelium
1170 877 1215 938 ad
1226 878 1391 963 magistra·

330 975 379 1030 tus
405 963 610 1046 subrogandos
634 962 763 1026 Roaiam
788 971 953 1034 wiotan
997 961 1052 1026 De
1070 960 1167 1026 literis
1184 963 1219 1025 1..
1237 960 1390 1039 Cornelii,

330 1072 409 1136 quos
431 1049 599 1134 scripserat
618 1049 789 1113 secundum
809 1048 958 1132 proelium
981 1068 1054 1112 cum
1073 1047 1161 1112 Boiis
1183 1045 1310 1126 fuctum,
1326 1047 1391 1112 dis·

330 1137 467 1221 captatio
481 1135 515 1198 in
530 1147 640 1199 senatu
655 1131 732 1198 init:
757 1133 831 1220 quis
852 1134 998 1218 privatim
1020 1133 1179 1219 plerisque
1195 1134 1392 1198 senatoribus

330 1223 454 1310 legatus
475 1219 525 1286 M.
542 1219 695 1286 Claudius
714 1225 892 1302 scripserat,
907 1221 1052 1284 Fortuna
1072 1221 1184 1302 popili
1207 1221 1340 1286 Romani
1360 1231 1390 1285 et

330 1311 460 1373 rnilitum
481 1309 591 1372 viriani
611 1307 750 1392 gratian
770 1305 949 1384 bobmdan,
965 1308 1107 1390 quadres
1120 1305 1291 1390 benegesto
1305 1317 1389 1372 esset.

332 1396 473 1460 Consulis
487 1415 581 1476 opera
596 1403 626 1457 et
639 1395 768 1458 militum
781 1393 972 1476 aliquantum
986 1392 1136 1468 amissam,
1151 1401 1182 1456 et
1195 1393 1322 1456 bostium
1337 1415 1390 1458 er·

330 1461 1062 1565 aaronnnsaernarnunfonnafilru,
1078 1479 1221 1560 eropon.
1265 1479 1390 1543 Milites

330 1590 365 1631 eo
380 1570 488 1650 plures
504 1568 632 1650 perisse,
648 1567 729 1649 quod
748 1567 869 1629 tordius
890 1586 928 1628 ee
947 1563 1099 1638 subsidiis,
1115 1566 1170 1646 qui
1181 1563 1392 1630 laborantibus

330 1654 556 1737 opemferrent‚
578 1653 790 1718 secessissent.
833 1651 981 1715 Hostese
1005 1649 1142 1714 nauibus
1167 1650 1294 1728 eneinos,
1310 1654 1392 1736 quod

329 1740 480 1824 equitibus
493 1739 673 1822 legionariis
686 1747 715 1802 et
729 1738 850 1801 tardius
864 1737 967 1800 datum
981 1736 1098 1821 sigonem
1112 1745 1196 1814 esset,
1209 1745 1238 1800 et
1246 1739 1392 1822 persequi

206 1855 209 1864 ¹
316 1827 549 1911 fiegieutesnon
565 1824 706 1888 iinaisset.
1315 1851 1317 1855 ·
1381 1893 1384 1900 Ι

375 1911 453 1975 Vll.
476 1909 530 1974 De
543 1931 579 1974 eu
594 1930 629 1972 re
642 1907 723 1972 nihil
742 1919 861 1974 temere
881 1906 1009 1972 decerni
1029 1907 1165 1992 placuits
1188 1907 1228 1972 ad
1244 1907 1388 1995 frequen·

329 1999 425 2064 tiores
439 1995 465 2034 ¹⁵
473 1993 660 2060 consultatio
670 1993 768 2058 dilata
782 2005 839 2058 est.
877 1992 1018 2058 Instabat
1032 1994 1117 2058 enim
1132 2015 1208 2058 cura
1222 1994 1389 2080 aliaquod
1411 2061 1415 2066 ,

329 2083 439 2148 civitas
460 2081 584 2146 ioeuore
605 2079 786 2146 laborabat:
808 2091 840 2142 et
858 2079 944 2166 quod
953 2085 970 2156 ¹,
986 2101 1085 2166 quum
1110 2081 1216 2146 multis
1230 2079 1389 2146 'soenebri-

329 2171 389 2232 bus
414 2167 536 2255 legibus
558 2166 727 2231 constricta
746 2165 876 2230 avaritia
897 2179 987 2243 esset,
1003 2166 1054 2229 via
1066 2164 1187 2232 fraudis
1208 2167 1286 2232 inita
1302 2164 1386 2246 erat,

329 2254 354 2294 ¹⁴
365 2267 399 2319 ut
414 2256 445 2318 in
459 2255 571 2330 socios,
609 2253 641 2316 ui
655 2267 727 2316 non·
742 2264 924 2318 tenerentur
945 2252 982 2316 iis
1004 2252 1138 2340 iegibus,
1152 2255 1284 2318 nomina
1302 2266 1388 2318 tran·

329 2342 515 2414 scriberent3
541 2276 699 2404 imbibere
716 2337 837 2402 foenore
859 2338 1037 2404 obruebant
1050 2337 1221 2404 debitores.
1257 2339 1388 2426 ¹⁵Cujus

328 2425 516 2492 coercendi*
527 2447 624 2512 quum
636 2425 718 2489 ratio
728 2438 931 2511 quaereretur,
943 2425 1027 2489 diem
1037 2423 1121 2488 finiri
1130 2424 1249 2510 placuit
1259 2425 1388 2490 ¹⁶Fer'a-

328 2517 381 2589 lis,
398 2535 469 2598 quse
484 2512 628 2597 proxime
643 2510 790 2586 fuissent:
813 2522 859 2590 ut,
874 2511 928 2596 qui
943 2523 1015 2596 post
1029 2531 1098 2574 enm
1113 2510 1196 2575 diem
1213 2512 1289 2576 socii
1310 2513 1387 2576 civi-

328 2601 387 2664 bus
405 2598 558 2662 Romanis
573 2597 776 2663 credidissent
798 2595 957 2680 pecunias,
973 2595 1214 2681 profiterentur3
1237 2612 1268 2662 et
1290 2621 1328 2662 ex
1351 2621 1390 2664 es

328 2686 381 2750 dic
394 2685 540 2770 pecuniae
553 2682 694 2762 creditae,
705 2683 849 2768 1⁷quibus
863 2682 989 2749 debitor
1003 2681 1095 2747 veliet
1109 2683 1244 2770 legibus,
1254 2685 1309 2770 jus
1323 2706 1390 2749 cre-

326 2771 423 2837 ditori
437 2770 604 2837 diceretur.
650 2769 739 2847 lude,
755 2782 921 2856 postquam
944 2769 1186 2854 professionibus
1207 2771 1329 2836 detecta
1343 2783 1390 2836 est

554 2897 688 2967 incuso.
701 2907 774 2953 eron.
787 2905 854 2954 cren
916 2880 917 2888 '
951 2901 1160 2952 amasses.

327 3055 417 3102 etenim
430 3060 456 3101 et
470 3067 552 3101 omnes
567 3054 634 3112 editi,
651 3060 712 3102 teste
723 3054 840 3113 Hearnio,
866 3054 945 3114 fieta,
957 3053 1038 3113 inquit
1048 3055 1140 3102 Festus.
1172 3055 1209 3100 De
1225 3053 1296 3113 hujus
1310 3056 1387 3109 uomi-

327 3135 371 3182 pro
386 3121 541 3180 particulare
551 3119 704 3168 exhibentes'.
736 3119 787 3166 Nec
797 3120 840 3166 sli-
874 3120 912 3165 uie
924 3119 1015 3180 arigim
1025 3117 1248 3167 antemodani
1264 3121 1289 3166 iu
1300 3120 1388 3178 Fastis,

327 3193 364 3232 ter
375 3183 527 3232 Viuucodex·
873 3183 934 3230 111
951 3185 1034 3242 Haste,
1045 3185 1103 3246 quia
1115 3184 1187 3246 jueta
1198 3180 1388 3243 sosannim&

362 3257 391 3296 18
410 3249 559 3298 Consultatio
575 3247 663 3312 dilata]
684 3248 722 3295 Sic
734 3248 839 3307 conjaee·
873 3249 971 3296 Ferels'o
986 3250 1068 3296 luceru.
1103 3249 1139 3296 Es
1157 3255 1272 3298 uruntur
1290 3251 1316 3296 in
1333 3252 1387 3310 qui-

327 3319 365 3360 rat
376 3315 521 3372 Gronovius,
535 3319 560 3360 et
577 3315 672 3360 tirmsut
683 3313 753 3360 Mss,
766 3313 842 3361 iissr-
874 3314 972 3360 baem
991 3314 1138 3362 Kalendsriis
1154 3329 1176 3360 u.
1193 3311 1387 3364 d.1X.Ksiend.

326 3379 371 3491 pig,
389 3379 696 3490 copientieupeviotcriuo.
714 3379 793 3440 vulgo
803 3380 841 3426 de·
874 3378 984 3491 pispissd
1000 3380 1055 3491 {¹³3⁸
1080 3379 1120 3491 clip
1136 3385 1187 3491 {tn
1205 3380 1388 3493 Εέιβιωίίτὶἰὲὴίίιι

337 3459 431 3490 oaes-
931 3459 951 3491 re
986 3457 1085 3503 nrm.
1188 3476 1195 3490 .
1258 3476 1265 3490 .
1305 3459 1330 3492 ur
1378 3478 1386 3502 ‚

362 3509 496 3555 wiltis
510 3511 585 3556 suein
596 3541 603 3556 .
616 3541 623 3556 .
634 3538 641 3553 .
655 3510 753 3556 mnino
764 3515 841 3556 trans·
873 3509 923 3556 sire
934 3514 973 3556 ts.
980 3509 1108 3556 Februarii.

325 3570 466 3636 mucrene]
482 3574 588 3622 Nomina
607 3566 841 3635 ute'interprennoe
908 3580 937 3624 17
956 3571 1390 3637 Οκίὸωᾰιῠϋωνεέίιεὶεςίῠω]ι1μ-

327 3641 384 3685 eunt
403 3639 556 3699 obligatione.
587 3639 612 3686 Si
628 3639 841 3700 quisliomunuss
869 3646 940 3700 'poet
958 3654 988 3686 ax
1008 3640 1037 3686 iis
1057 3653 1110 3700 (με
1128 3641 1273 3701 praecinat,
1295 3640 1387 3702 iegibus

325 3705 435 3751 Romam
456 3705 579 3764 pecuniam
597 3709 700 3751 sumeret
721 3710 838 3763 mutuam,
872 3705 986 3752 &mauis
1014 3705 1214 3767 circumscriptum
1239 3718 1290 3752 esee
1311 3705 1386 3752 ioene·

321 3768 453 3828 jubebitur
463 3782 477 3815 s
487 3770 601 3816 creditore
617 3784 642 3816 ee
652 3769 756 3832 profiteri
766 3771 839 3830 scrip·
871 3770 939 3815 rendi
950 3771 1079 3828 licentiam,
1096 3776 1121 3817 et
1136 3787 1150 3818 e
1166 3785 1191 3817 re
1207 3769 1320 3818 debitoris
1330 3770 1389 3817 iuis·
1548 3813 1549 3816 ,

325 3840 352 3880 to
363 3833 503 3892 debitorem,
515 3847 564 3882 nou
577 3834 658 3893 ejuss
676 3849 724 3895 quo
739 3849 792 3882 vere
802 3849 840 3884 so·
873 3847 907 3891 se,
919 3841 946 3881 ut
957 3836 1085 3883 seeundum
1103 3840 1145 3884 ost·
1160 3835 1241 3897 potius
1258 3835 1300 3894 jus
1316 3849 1387 3896 pecn-

325 3904 427 3962 ceput.
438 3900 478 3945 sed
487 3899 585 3959 aiicujus
592 3899 679 3946 latini.
873 3899 919 3946 nias
929 3901 1023 3948 credite
1034 3901 1159 3958 diceretur,
1166 3902 1215 3948 sive
1225 3900 1390 3959 indicerentur

361 3970 390 4011 ln
417 3964 491 4027 Cujus
520 3960 642 4027 murti]
674 3963 713 4010 Sic
746 3965 839 4024 quidem
872 3967 1038 4013 controversie
1048 3967 1077 4012 cie
1087 3966 1194 4027 pecuniis
1202 3965 1306 4022 creditis,
1316 3978 1388 4024 quem

326 4030 416 4091 scripti.
449 4031 500 4076 Nec
524 4031 601 4078 msice
627 4030 727 4080 omuino
749 4043 840 4078 sensus.
874 4031 1002 4078 secundum
1026 4032 1099 4092 leges,
1120 4032 1207 4090 quibus
1226 4029 1284 4078 socii
1306 4029 1386 4086 utini

326 4094 444 4142 Cononis·
456 4096 503 4142 erit
513 4095 666 4156 inspiciendi,
673 4095 839 4154 pependendi
873 4097 976 4142 nominis
993 4095 1129 4143 utebantur.
1163 4095 1196 4143 Ut
1207 4093 1281 4157 igitur
1291 4095 1398 4142 streuui.

325 4161 452 4208 Maiiamus
470 4165 560 4212 umen,
583 4160 645 4220 quod
666 4160 760 4218 quidem
782 4160 839 4205 editi
872 4159 983 4217 debitori,
1002 4160 1145 4220 permittunt
1161 4160 1212 4219 ejas
1231 4160 1329 4208 arbitrio
1347 4161 1387 4208 de.

325 4226 456 4282 hebebant,
474 4226 529 4270 iicet
548 4226 726 4285 repudiaturus
744 4224 839 4280 Sironis
872 4225 1013 4270 menendum
1026 4225 1168 4284 quibuscum
1185 4225 1287 4284 legibus,
1298 4225 1387 4275 Romu

326 4290 490 4342 stennone.
504 4289 572 4349 eujus
583 4289 709 4336 roumi-
873 4289 910 4334 uis
932 4302 963 4335 sn
983 4287 1086 4350 Letiuis,
1102 4292 1144 4351 jus
1164 4290 1270 4354 pauno
1291 4291 1386 4340 ondita

361 4359 390 4400 16
406 4351 514 4416 Feralia]
537 4356 598 4402 Diis
613 4352 727 4402 Mortibus
736 4360 840 4404 sauata
872 4353 919 4400 dici
929 4355 1006 4402 reilct.
