3126 4978
459 217 557 282 ΜΒ.
575 211 702 277 XXXV.
729 215 831 277 CAP.
852 211 963 276 XLIV.
1066 238 1069 262 ¹
1175 221 1233 282 227

216 375 350 444 XLIII.
375 374 472 446 Nulla
485 381 613 468 ingenia
627 393 691 446 tam
707 401 809 468 prona
820 380 861 446 ad
875 378 1025 446 invidiam
1041 389 1125 457 sunt,
1137 399 1231 465 qnam
1240 391 1309 441 mo.
1322 395 1378 441 sco.

169 481 296 543 eornm,
314 467 368 552 qui
389 488 488 552 genus
509 489 547 532 ac
567 465 725 532 fortunam
748 489 837 532 suam
857 466 970 531 animis
993 487 1059 532 non
1083 459 1378 569 aequantz⁸·⁰·.i!⁰'·

169 549 280 636 ⁴⁹quia
295 555 442 618 virtutem
458 567 489 618 et
503 553 621 618 bonum
638 553 774 618 alienum
789 554 935 618 oderunt.
973 553 1142 636 Extemplo
1157 525 1374 636 con-35:322?

168 635 274 702 silium
299 637 445 705 mittendi
469 639 671 717 Hannibalis,
693 641 778 727 quod
801 661 899 706 unum
922 641 956 704 in
979 639 1137 726 principio
1158 638 1386 730 bellitranensis·

169 723 290 788 utiliter
310 727 483 812 cogitatum
497 740 575 804 erat,
591 726 747 812 abjectum
763 740 817 792 est.
855 725 1076 792 ‘Demetriadis
1095 719 1384 831 maximeqdlpm

168 808 346 875 delectione
359 811 400 876 ab
418 813 571 878 Romanis
586 811 627 876 ad
642 812 768 878 AEtolos
787 813 898 890 elatus,
914 831 979 876 non
1001 812 1085 877 ultra
1106 798 1255 877 differre⁸
1268 799 1310 844 ³¹⁶¹
1322 797 1360 830 ¹¹¹⁰

169 893 398 982 profectionem
424 899 455 964 in
478 899 637 964 Graeciam
664 900 837 964 constituit.
884 899 1072 985 Priusquam
1098 897 1375 964 solveretanuoenus

169 1003 277 1060 naves,
294 984 389 1049 Ilium
405 1006 424 1049 a
440 985 519 1050 mari
534 985 709 1066 adscendit,
726 999 760 1050 ut
776 985 932 1050 Minervas
947 983 1146 1052 sacrificaret.
1177 981 1394 1072 tudertum

169 1071 209 1134 de
239 1069 280 1133 ad
312 1071 440 1135 classem
470 1094 640 1160 regressus,
668 1071 879 1157 proficiscitur
904 1071 1114 1159 quadraginta
1142 1051 1336 1136 tectis²¹⁸³¹⁰¹²

169 1155 312 1232 navibus,
329 1157 443 1242 apertis
457 1159 640 1245 sexaginta:
664 1173 695 1224 et
710 1158 856 1223 ducentae
872 1159 1025 1222 oneras-ise
1040 1179 1112 1222 cum
1129 1159 1233 1224 omnis

169 1243 295 1325 generis
324 1257 502 1308 commeatu
531 1241 707 1330 bellicoque
736 1244 800 1309 alio
829 1244 981 1330 adparatu
1010 1244 1232 1331 sequebantur.

171 1328 315 1393 Imbrum
331 1331 435 1413 primo
450 1331 584 1395 insulam
599 1331 717 1394 tenuit:
739 1330 816 1394 inde
832 1331 1002 1417 Scyatbum
1018 1331 1149 1416 trajecit.
1165 1330 1230 1408 ubi,

170 1414 321 1479 conlectis
334 1415 361 1456 ⁵⁰
370 1417 402 1481 in
418 1415 492 1494 alto,
505 1439 578 1504 qnae
589 1416 747 1500 dissipatae
761 1430 862 1494 erant,
879 1417 1020 1492 navibus,
1031 1417 1069 1482 ad
1087 1417 1232 1482 Pteleum

169 1501 309 1585 primum
331 1499 521 1567 continentis
543 1502 637 1579 venit,
653 1503 697 1566 ibi
717 1502 917 1587 Eurylochus
934 1503 963 1566 ci
986 1501 1233 1590 Magnetarches

169 1587 394 1674 principesque
411 1587 599 1676 Magnetum
622 1589 663 1652 ab
686 1589 890 1652 Demetriade
910 1587 1131 1653 obcurrerunt.
1153 1611 1233 1676 quo-

169 1695 243 1738 rum
258 1671 435 1760 frequentia
445 1674 547 1756 laetus,
557 1675 607 1738 die
622 1687 748 1760 postero
759 1675 792 1738 in
804 1675 890 1739 urbis
902 1689 1030 1759 portum
1042 1675 1175 1740 navibus
1185 1687 1234 1740 est

167 1759 324 1825 invectus.
370 1759 488 1845 Copias
501 1761 588 1826 baud
611 1761 722 1845 procul
743 1761 817 1825 inde
831 1762 988 1847 exposuit.
1009 1762 1117 1826 decem
1133 1759 1233 1825 millia

169 1843 313 1929 peditum
336 1844 435 1924 fuere,
450 1859 484 1912 et
504 1848 670 1934 quingenti
692 1848 821 1935 equites,
838 1869 894 1912 sex
915 1847 1094 1932 elephanti3
1117 1848 1172 1911 vix
1191 1847 1232 1912 ud

171 1933 331 1996 Graeciam
357 1935 475 1998 nudam
504 1934 720 2018 occupandam
748 1935 823 2018 satis
845 1935 1021 2019 copiarum,
1047 1933 1165 1999 nedum
1191 1933 1237 1998 ad·

168 2018 389 2083 sustinendum
414 2020 595 2085 Romanum
618 2020 745 2084 bellum.
790 2019 902 2099 AEtoli,
923 2034 1092 2107 postquam
1114 2019 1233 2086 Deme·

169 2103 303 2170 triadem
331 2107 450 2170 venisse
472 2107 665 2172 Antiochum
693 2106 834 2171 adlatum
860 2121 916 2185 est,
939 2107 1075 2172 concilio
1099 2106 1232 2183 indicto,

168 2191 344 2268 decretum,
368 2215 432 2279 quo
457 2206 647 2260 arcesserent
671 2213 754 2270 eum,
780 2193 932 2257 fecerunt.
975 2193 1047 2258 Jarn
1074 2191 1234 2278 profectas

169 2279 211 2341 ab
226 2278 434 2344 Demetriade
448 2302 518 2357 rex,
535 2281 609 2364 quia
629 2279 672 2341 ita
687 2279 869 2346 decreturos
884 2280 1012 2357 sciebat,
1030 2278 1184 2345 Phalara·
1198 2281 1231 2343 in

169 2365 276 2428 sinum
290 2363 463 2430 Maliacum
478 2379 683 2451 processerat.
699 2365 784 2447 inde,
795 2366 923 2430 decreto
933 2378 1073 2451 accepto,
1087 2365 1233 2431 Lamiam

168 2451 265 2528 venit,
284 2466 437 2536 exceptus
459 2453 579 2540 ingenti
604 2451 712 2516 favore
734 2452 955 2530 multitudinis,
976 2474 1048 2518 cum
1071 2453 1233 2538 plausibus

169 2537 432 2624 clamoribusque,
449 2553 480 2604 et
498 2539 611 2624 quibus
633 2534 702 2602 aliis
724 2537 835 2603 laetitia
852 2537 949 2604 effusa
969 2539 1055 2627 vulgi
1073 2536 1233 2626 significa-

170 2635 234 2704 tur,

213 2709 335 2774 XLIV.
358 2710 398 2774 ln
424 2708 593 2776 concilium
619 2725 654 2775 ut
676 2721 804 2776 ventum
827 2724 882 2788 est,
907 2711 1027 2798 ⁵¹aegre
1053 2735 1072 2775 a
1095 2711 1236 2776 Pbaenea

167 2808 308 2882 praetore
330 2795 589 2884 principibusque
610 2798 819 2874 introductus,
836 2797 911 2861 inde
927 2797 1010 2862 facto
1025 2798 1161 2875 silentio,
1177 2819 1234 2860 rex

169 2882 277 2947 dicere
290 2905 390 2946 orsus.
437 2881 545 2948 Prima
559 2884 624 2968 ejus
639 2883 742 2946 oratio
756 2883 814 2948 fuit
829 2884 1015 2960 excusantis,
1035 2883 1133 2960 Quod*
1146 2893 1357 2973 trutannttospr

168 2969 338 3034 minoribus
353 2989 406 3052 spe
419 2979 512 3052 atque
525 2973 669 3053 opinione
682 2973 813 3034 omnium
827 2973 924 3052 copiis
937 2971 1075 3034 uenisset.
1118 2971 1161 3034 Id
1168 2968 1355 3038 ·suae⁰‘⁸¹¹.⁰.¹¹¹

170 3057 308 3138 inpensa
321 3077 395 3140 erga
418 3077 467 3119 eos
487 3059 654 3120 uoluntatis
678 3058 839 3120 marimum
865 3057 972 3120 debere
992 3045 1140 3120 iudicium
1162 3077 1233 3134 esse,
1241 3025 1389 3139 {gffiffl

170 3144 254 3226 quod
265 3148 320 3205 u'ec
328 3151 462 3224 paratus
482 3145 559 3208 sotis
580 3145 645 3206 alla
658 3165 701 3216 re,
717 3153 747 3207 et
760 3153 893 3226 tempore
906 3146 950 3206 od
964 3145 1170 3227 nauigandum
1185 3145 1234 3206 iu·

169 3239 300 3304 maturo,
317 3229 492 3292 umentibus
512 3231 624 3313 legatis
645 3249 755 3305 eorum,
772 3231 856 3292 dead
872 3241 1004 3314 gravate
1025 3230 1176 3294 obsecutus
1190 3249 1235 3295 es·

169 3325 225 3392 set,
242 3316 485 3398 credidissemus,
501 3335 591 3399 qaum
610 3338 642 3380 se
663 3318 809 3380 uidissent
823 3317 937 3392 AEtols',
955 3317 1057 3379 omnia
1079 3318 1127 3380 uel
1149 3316 1183 3380 iu
1204 3337 1237 3381 se

169 3419 232 3464 ano
240 3403 347 3482 posita
361 3402 515 3483 prasidio
530 3404 756 3466 existimaturos
777 3423 848 3465 esse.
894 3405 1031 3470 Ceterum
1046 3421 1145 3466 eoram
1161 3422 1235 3488 quo·

170 3504 229 3570 que
252 3508 293 3566 se,
308 3507 432 3571 quorum
456 3490 641 3570 suspectatio
662 3489 808 3553 destituta
831 3490 866 3551 iu
885 3491 1057 3572 praesentia
1081 3491 1233 3566 uideatur,

168 3593 252 3655 spem
276 3573 396 3636 abunde
416 3576 610 3656 expleturum.
645 3574 739 3638 »Nam
760 3575 851 3640 simul
866 3579 1000 3658 primum
1022 3577 1236 3659 unui'tempas

169 3660 348 3744 navigabile
363 3659 545 3742 prebuisset
565 3683 660 3741 mure,
675 3682 789 3725 curnem
803 3683 835 3724 se
851 3663 1003 3726 Graect'am
1025 3665 1130 3738 armis,
1147 3665 1235 3743 uiris,

169 3747 265 3830 equis,
276 3765 389 3809 omnem
404 3767 489 3810 oram
503 3748 689 3810 maritimum
703 3747 847 3812 classidas
860 3751 1083 3832 completurum.
1109 3750 1172 3814 Nec
1187 3752 1235 3812 iu-

79 3841 89 3868 *
165 3833 469 3915 pessumeuntem,
486 3852 539 3895 uec
548 3835 689 3914 periculo
701 3852 873 3914 parsurum,
886 3837 989 3916 donec,
1002 3837 1126 3919 depstlso
1138 3837 1235 3898 cerru-

547 3989 695 4035 ⁸1³tatsram
706 3991 781 4036 Gron.
793 3989 860 4036 Creu.

204 4144 236 4190 49
254 4139 443 4197 ouavtrmem
454 4138 573 4186 attonsus
583 4140 688 4188 alimum
719 4140 836 4202 pertinere
856 4142 1003 4203 intelligant,
1022 4141 1051 4187 in'
1069 4139 1121 4186 aliis
1140 4138 1234 4198 reperiri

171 4201 282 4268 adeunt]
294 4205 373 4268 Magis
381 4205 525 4265 placeretur
533 4206 625 4256 donum
638 4206 688 4256 Qui
720 4207 819 4253 moleste
829 4207 917 4254 ferunt.

171 4269 314 4318 consciisibi
323 4276 380 4316 sunt
391 4268 471 4330 pusilli
482 4269 507 4316 in
516 4283 603 4333 magna
611 4273 687 4319 fortu-
753 4273 806 4318 50*
814 4272 845 4316 Iu
857 4273 905 4318 alto
917 4265 982 4334 qua]
997 4267 1057 4320 Qua
1069 4267 1094 4314 in
1106 4266 1155 4314 alto
1166 4267 1233 4314 mari.

170 4351 202 4384 na
218 4335 419 4389 antisteterunt
439 4335 561 4393 virtutem,
572 4331 688 4396 tauquam
752 4343 780 4383 51
800 4333 892 4398 AEgrel
908 4337 946 4382 Ob
957 4335 1115 4382 confluentem
1130 4331 1233 4378 turbam.

170 4405 262 4451 bonum
274 4401 389 4460 alienum,
396 4401 459 4461 quod
467 4415 539 4460 quum
549 4402 578 4448 ad
590 4417 614 4448 se
627 4403 687 4448 nihil
721 4401 818 4448 Addidit
831 4401 857 4448 sl
868 4416 932 4461 oegre
943 4415 970 4446 ex
983 4400 1033 4447 MS.
1047 4413 1090 4455 spo
1103 4397 1206 4446 Modius.
1299 4433 1304 4438 .

768 4473 825 4544 92
