3136 4982
432 209 525 274 tm.
547 209 727 276 nxnvm.
754 211 856 272 cnr.
880 213 971 270 xm.
1172 217 1240 318 sss.

169 379 241 444 (Μ’
254 375 351 444 onir
363 373 496 450 schama,
507 383 563 442 atti
580 376 746 454 sonatan,
762 376 954 442 inditionem
971 377 1084 458 populi
1099 375 1310 440 Romnum-st
1323 389 1379 442 ⁵5⁰·

170 471 327 537 mserum,
342 481 381 528 ne
394 481 596 544 querneornm
607 461 711 525 AEiolt'
725 463 869 544 recepisse
883 460 987 525 uelint.
1012 463 1158 526 OErtiadec
1170 451 1274 526 ΜΛ·
1283 452 1318 498 ⁰·'
1329 455 1382 500 ¹³⁹·

170 545 245 614 urhe
257 545 401 630 agnetem
415 542 614 613 Aromata
632 557 732 611 sunto.
777 545 843 612 His
859 546 984 631 legibus
1008 546 1114 612 foedus
1137 548 1236 612 ictum

170 653 245 699 curn
261 631 375 699 AEtolis
389 644 446 699 est.
1141 675 1149 682 .
1176 685 1179 690 .

216 718 297 784 XII.
322 717 447 784 &dein
459 728 664 786 ¹contestato
684 717 797 794 solum,
813 718 869 782 sed
888 718 983 784 etiam
1004 719 1116 783 iisdem
1137 739 1238 805 prope

172 803 294 882 diebus,
315 805 429 891 quihus
453 803 524 874 beto
549 825 569 868 a
593 803 642 868 M.
659 803 772 870 Fulvio
793 804 923 870 consule
947 805 981 868 in
1001 804 1126 870 AEt'olia
1149 817 1238 892 gesta

173 903 259 968 sunt,
275 890 386 958 consul
407 889 487 956 alter
503 890 566 960 Gn.
583 889 724 958 Manlius
743 890 776 954 in
792 890 1007 978 Gallograecia
1029 891 1146 956 bellum
1167 903 1401 979 gesneltmcum
1502 941 1505 944 .

173 977 223 1054 sit,
240 977 327 1064 quod
343 999 428 1042 nunc
443 976 545 1040 ordiri
558 997 700 1063 pergam.
728 976 813 1044 Vere
826 977 931 1061 primo
947 977 1113 1063 Ephesum·
1126 969 1375 1045 consul⁰3⁸¹¹⁰⁸¹⁸·

172 1063 267 1138 veuit,
284 1063 484 1149 acceptisque
499 1062 598 1146 copiis
612 1086 632 1126 a
648 1063 685 1128 L.
705 1063 863 1147 Scipione,
878 1077 910 1129 et
931 1065 1071 1129 exercitu
1093 1048 1290 1142 lustrato,⁰¹⁸'

173 1151 359 1217 concionem
388 1149 475 1234 apud
503 1151 619 1214 milites
648 1147 777 1216 habuit:
809 1171 883 1235 qua,
907 1149 1095 1214 conlaudata
1122 1151 1239 1216 virtute

173 1259 294 1313 eorum,
307 1235 393 1322 quod
408 1257 482 1302 oum
498 1235 660 1302 Antiocho
677 1257 741 1301 nno
757 1236 874 1320 proelio
888 1236 1106 1312 debellassent,
1122 1236 1239 1302 adhor-

174 1337 258 1390 tatus
280 1345 333 1386 eos
355 1321 395 1387 ad
416 1343 535 1386 novum
560 1343 634 1387 oum
651 1321 753 1386 Gallis
777 1321 1012 1408 suscipiendum
1034 1321 1168 1402 bellum,
1184 1323 1243 1410 qui

173 1425 206 1480 et
219 1409 346 1474 auxiliis
361 1408 558 1474 Antiochum
576 1408 744 1494 juvissent,
757 1421 789 1472 et
808 1408 888 1472 adeo
912 1409 1064 1474 indomita
1077 1409 1241 1475 *haberent

174 1495 313 1581 ingenia,
329 1507 365 1560 ut
386 1493 599 1644 nequidquam
615 1492 794 1559 Antiochus
808 1508 931 1558 emotus
946 1498 1029 1560 ultra
1043 1497 1122 1582 juga
1138 1496 1240 1561 Tauri

175 1582 293 1658 montis
317 1581 487 1658 esseqnisi
528 1593 735 1667 tangerentur
757 1601 832 1664 opes
853 1579 1030 1658 Gallorum,
1046 1583 1087 1645 de
1108 1605 1140 1646 se
1162 1605 1241 1670 quo-

175 1691 238 1755 que
255 1691 365 1754 pauca,
382 1689 441 1732 nec
462 1665 552 1742 false,
568 1689 627 1732 nee
640 1665 820 1746 inmodica,
835 1666 957 1752 adjecit
1003 1667 1088 1732 Laeti
1109 1669 1241 1732 milites¹

171 1777 250 1819 cum
272 1753 427 1840 frequenti
442 1753 575 1818 adsensu
590 1753 752 1822 consulem-
773 1752 972 1830 audiverunt,
988 1767 1111 1836 partem
1126 1755 1241 1819 virium

177 1841 330 1906 Antiochi
343 1901 346 1912 Δ
359 1839 454 1906 fuisse
480 1839 590 1904 Gallos
620 1839 798 1915 credentem
828 1860 903 1926 rege
929 1852 1087 1925 snperato,
1116 1841 1247 1904 nullum·
1290 1879 1297 1888 -

177 1943 374 1998 momentum
389 1928 423 1999 in
438 1925 512 1992 solis
529 1947 585 2010 per
600 1947 633 1996 se
649 1924 814 1992 Gallorum
830 1926 930 2011 copiis
942 1925 1020 1992 fore.
1066 1925 1248 1992 Eumenem·
1319 1922 1323 1930 ’

177 2015 265 2090 baud
286 2014 319 2078 in
341 2025 484 2098 tempore
505 2011 612 2076 abesse
627 2011 757 2095 (Romae
779 2025 855 2076 tuno
877 2013 1105 2094 erat).credere
1119 2015 1249 2091 consul,

178 2123 311 2184 gnarum
342 2099 485 2164 locorum
508 2097 748 2184 hominumque,
775 2111 806 2161 et
831 2098 921 2182 cujus
949 2099 1111 2164 interesset
1140 2100 1244 2188 frangi

181 2187 347 2252 Gallorum
370 2208 463 2270 opes.
508 2184 653 2249 Attalum
685 2183 782 2270 igitur
813 2183 944 2249 fratrem
973 2187 1039 2271 ejus
1069 2188 1196 2251 arcessit
1225 2211 1245 2251 a

181 2273 349 2360 Pergamo,
364 2272 570 2356 hortatusque
585 2269 624 2335 sd
641 2269 868 2354 capessendum
884 2293 989 2335 secum
1006 2271 1135 2349 bellum,
1150 2273 1245 2358 polli-

180 2374 304 2427 centem
319 2378 408 2422 suam
424 2378 617 2442 suorumque
639 2376 769 2440 operam
784 2355 915 2420 domum
931 2358 970 2420 ad
993 2360 1244 2442 comparandum

179 2446 319 2510 dimittit.
366 2445 488 2509 Paucos
510 2457 585 2529 post
605 2441 671 2506 dios
696 2440 838 2527 profecto
852 2443 893 2506 ab
910 2442 1040 2528 Epheso
1058 2447 1181 2509 consuli
1203 2445 1246 2509 ad

182 2531 382 2615 Magnesiam
404 2529 546 2596 obcurrit
560 2528 686 2596 Attalus
706 2549 777 2594 oum
794 2527 880 2592 mille
902 2529 1071 2614 peditibus,
1087 2531 1245 2618 equitibus

180 2617 336 2698 ducentis,
351 2617 506 2692 Athenaeo
526 2614 621 2681 fratre
639 2617 726 2701 jusso
746 2635 818 2682 cum
841 2615 952 2682 ceteris
972 2617 1071 2701 copiis
1087 2618 1245 2704 subsequi,

180 2704 403 2770 commendata
416 2704 453 2768 iis
468 2701 609 2767 custodia
621 2701 776 2788 Pergami,
789 2713 868 2786 quos
882 2701 973 2768 fratri
988 2725 1150 2789 regnoque
1166 2705 1247 2768 fidos

180 2791 342 2856 credebat.
387 2787 519 2865 Consul,
534 2787 725 2858 conlaudato
742 2787 870 2872 juvene,
885 2810 958 2852 cum
978 2789 1127 2853 omnibus
1147 2790 1247 2874 copiis

180 2879 219 2942 ad
238 2876 444 2942 Maeandrum
456 2895 651 2962 progressus,
667 2885 769 2940 castra
784 2874 899 2958 posuit,
916 2873 991 2958 quia
1005 2873 1089 2939 vado
1104 2879 1247 2960 superari

180 2965 283 3030 amnis
297 2982 362 3028 non
379 2973 514 3048 poterat,
525 2974 556 3025 et
567 2958 793 3027 contrahendae
808 2981 902 3024 naves
915 2960 1057 3028 erantad
1072 2963 1247 3027 exercitum
1280 2955 1287 2968 ”

135 3049 137 3056 ’
182 3051 412 3136 trajiciendum.
458 3047 663 3136 Transgressi
686 3045 897 3110 Maeandrum
913 3045 954 3110 ad
975 3046 1101 3113 Hieran
1124 3048 1248 3113 Comen

181 3155 405 3222 pervenerunt.
1146 3147 1149 3156 ’

226 3222 329 3288 ΧΙΙΙ.
355 3223 478 3286 Fanum
502 3221 546 3286 ibi
569 3232 738 3307 augustum
754 3217 912 3304 Apollinis
927 3231 959 3284 et
973 3220 1154 3286 oraculum:
1179 3243 1246 3285 sor-

182 3321 229 3375 tes
255 3307 396 3374 rersibus
424 3307 509 3373 haud
541 3307 709 3370 inconditis
738 3305 815 3376 clare
840 3319 925 3372 vates
950 3307 1111 3374 dicuntur.
1159 3309 1250 3374 Hinc

181 3395 289 3460 alteris
304 3396 413 3459 castris
427 3395 469 3460 ad
486 3393 671 3478 Harpasum
692 3391 810 3466 fiumen
826 3405 955 3456 ventum
978 3406 1042 3458 est:
1065 3417 1129 3480 quo
1150 3395 1248 3484 legati

183 3481 225 3545 ab
242 3481 415 3545 Alabandis
438 3492 603 3559 venerunt,
626 3492 662 3544 ut
683 3478 856 3555 castellum,
872 3479 958 3564 quod
980 3479 1021 3544 ab
1047 3481 1122 3566 ipsis
1148 3503 1250 3568 nuper

182 3569 341 3644 descisset,
365 3580 420 3632 aut
445 3565 642 3642 auctoritate,
665 3579 720 3630 aut
745 3563 850 3642 armis,
873 3578 1000 3652 cogeret
1020 3567 1096 3652 jura
1120 3569 1252 3658 antiqua

324 3721 330 3730 ’
417 3727 483 3770 'not
493 3723 538 3770 del.
551 3724 627 3769 Grou.
640 3721 707 3769 Cret.
775 3723 788 3753 ¹
799 3720 890 3768 militer
902 3721 948 3770 del.
959 3723 1025 3770 Eaed.

184 3875 248 3920 vict.
280 3875 383 3922 codicem
418 3873 503 3920 habere
536 3871 699 3931 comperimus.
733 3885 785 3918 eum
796 3872 878 3930 fuisse,
890 3877 914 3919 et
929 3874 1250 3936 imprudentemnl'olybio,

184 3940 245 3986 Eum
279 3941 360 3998 itnque
389 3951 523 4001 germanam
556 3952 606 3984 este
638 3937 700 3983 Livii
733 3951 802 3997 quem
819 3938 858 3984 bie
874 3935 994 3992 exscribit,
1006 3941 1032 3986 in
1047 3955 1149 3988 errorem
1166 3942 1251 3988 induc·

183 4006 323 4064 scriptorem
340 4005 477 4052 Perizonius
494 4004 622 4053 existimet.
654 4003 702 4064 Ve-
733 4003 878 4052 tumfnisse.
910 4003 976 4050 Idem
990 4006 1054 4052 euim
1071 4011 1172 4052 erraret
1188 4007 1251 4066 apud

183 4083 236 4116 rum
249 4069 304 4114 inde
321 4069 639 4116 novnmoriturdifficnltss.
671 4069 699 4115 T·
734 4067 842 4116 (tracum
865 4067 1002 4129 scriptorem
1025 4071 1146 4130 reperitur.
1187 4071 1252 4117 Eum
1401 4117 1406 4122 ,

184 4135 302 4186 Quintius
313 4135 375 4180 enim
393 4149 442 4181 non
453 4149 507 4182 cnm
523 4133 569 4180 Cn.
581 4134 699 4191 Domitio,
733 4133 901 4194 nemeaea.
919 4134 1031 4193 Polybius
1049 4135 1123 4194 igitur
1138 4136 1252 4181 memorie
1358 4182 1362 4188 ,

185 4201 225 4247 scd
248 4213 301 4245 cnm
322 4201 347 4245 Ρ.
364 4200 426 4245 AElio
443 4201 593 4246 consulatum
613 4199 699 4259 gessit:
734 4200 813 4259 lapsus
832 4203 883 4246 est:
901 4201 1018 4244 errantem
1039 4204 1133 4245 secutus
1155 4205 1191 4244 cet
1209 4200 1253 4246 ls-

186 4265 233 4312 cn.
249 4263 370 4310 Domitius
387 4278 441 4312 vero
458 4265 485 4310 L.
498 4264 592 4315 Quintii
612 4265 702 4324 collega
734 4264 795 4310 vius.
828 4263 887 4310 Hac
904 4263 980 4308 rusius
996 4263 1102 4325 disput-tt
1114 4263 1253 4311 Perizonius
1298 4280 1303 4289 ·

185 4330 210 4375 in
228 4331 354 4388 consulatu
371 4330 425 4376 luit.
457 4330 594 4391 Respondet
608 4329 701 4376 Perizo-
734 4330 1014 4390 locosnpramemortto.

185 4395 240 4442 nius
254 4395 347 4443 Livium
369 4395 407 4441 hic
423 4393 521 4441 hamoni
542 4394 629 4455 aliquid
649 4407 701 4456 pas·
