3136 4982
437 191 536 252 ΗΒ.
554 193 717 264 xxxin.
744 197 847 269 cnr.
868 197 949 256 L1V.
1158 209 1217 266 sss

140 359 282 441 Scipioni
305 357 423 426 cosmi
443 367 542 424 aesna
562 356 693 435 alanni,
716 369 751 424 ut
771 373 837 430 eun
859 363 894 427 in
914 361 1099 446 trajicienda
1120 383 1245 438 eser-n.
1259 387 1353 436 asos.

140 447 205 511 citis
218 442 406 528 advocarem.
423 455 590 528 postquam
600 445 636 507 in
649 444 758 512 Asiam
772 448 920 526 enercitus
937 459 1034 516 uester
1047 463 1091 518 est
1104 463 1207 522 trans·
1215 452 1247 500 Α·
1258 453 1287 500 ⁰·
1300 459 1352 502 ¹⁸⁹·

136 551 268 617 grecas,
288 551 449 614 numquam
475 553 497 594 a
519 532 640 594 consule
662 531 812 600 abscessi:
832 555 919 599 nemo
942 537 1029 604 miles
1049 540 1213 608 &manus

140 620 239 701 uagis
262 618 403 685 assiduus
426 617 462 680 in
486 617 597 682 eastris
620 620 729 684 astris
739 619 823 703 ficit,
845 641 934 703 quam
956 644 1011 707 ega
1024 625 1208 712 fratresque
1231 680 1236 692 ,

139 707 209 770 nei.
236 705 324 772 nulle
345 703 510 785 sepelitis,
525 704 641 770 nullum
666 715 802 788 equestre
820 709 965 788 pralium
987 711 1054 774 sine
1074 733 1120 776 me
1128 713 1207 798 fac-

139 801 202 856 tam
224 799 278 858 cst.
321 790 363 854 In
383 791 457 858 acie
471 789 517 857 ibi
536 790 619 866 steti,
634 811 701 857 eam
716 801 840 874 partem
860 815 925 862 sum
946 805 1072 874 tutatus,
1088 800 1122 872 in
1145 823 1206 884 pua

140 899 187 942 me
203 878 311 944 mosel
326 892 390 944 esse
410 877 517 943 mind.
563 875 646 945 Non'
660 895 724 942 sum
749 877 805 944 hac
829 880 974 959 dicturus,
996 885 1110 950 Patres
1134 909 1206 955 cen-

138 965 259 1047 scripti,
274 964 346 1048 psis
356 963 412 1028 hoc
425 963 503 1029 bello
522 963 640 1031 neritis
656 985 731 1048 erga
745 985 797 1030 uos
817 987 926 1034 mesura
947 975 1124 1053 conparari
1133 984 1206 1056 pct-
1236 962 1238 970 ’

137 1056 207 1116 cst?
229 1052 301 1135 Ego
321 1051 402 1115 nulli
422 1049 553 1118 amnium
567 1069 664 1133 neque
678 1053 873 1132 populorum,
888 1075 984 1138 neque
1004 1077 1207 1143 septempiici

139 1140 174 1202 in
188 1158 300 1222 magna
315 1137 431 1202 homme
449 1135 577 1211 habetis,
593 1155 656 1202 nan
676 1139 773 1204 ausim
794 1160 841 1202 nse
858 1161 1049 1224 comparare.
1092 1147 1206 1214 Hastis

140 1224 316 1290 Masinissa
330 1232 404 1287 ante
420 1222 530 1299 moisi
546 1243 636 1305 quan
648 1224 756 1309 socius,
766 1224 856 1307 ficit.-
879 1248 933 1292 nec
947 1230 1091 1296 incolumi
1112 1255 1206 1318 regna

138 1333 205 1376 cens
218 1311 348 1374 aucillis
358 1309 494 1384 certesei
507 1311 648 1384 catomis,
659 1312 808 1392 expulsus,
821 1314 942 1381 amissis
952 1317 1088 1384 carnibus
1097 1321 1204 1403 capiis,

136 1419 202 1462 cum
216 1407 318 1465 turra
332 1395 465 1479 equiturn
479 1397 514 1460 in
527 1404 630 1461 cestra
641 1396 783 1480 confingit
796 1408 907 1466 nura.
922 1410 1023 1475 tanen
1038 1426 1113 1484 enm,
1130 1409 1205 1490 quia

137 1487 173 1549 in
188 1483 302 1569 Africa
322 1484 466 1549 aduersum
480 1481 645 1566 Syphacem
659 1490 690 1546 et
706 1483 982 1566 Karthaginienses
988 1491 1134 1570 fideliter
1155 1504 1205 1556 at-

136 1591 195 1655 que
210 1571 334 1654 inpigre
346 1568 493 1635 nobiscnm
509 1569 604 1643 stetit,
620 1588 681 1633 nen
697 1570 731 1632 in
746 1571 888 1651 patrium
902 1573 996 1637 solum
1017 1595 1142 1659 regnum
1156 1601 1204 1642 re·

135 1658 291 1734 diluistis,
303 1658 365 1730 sed,
378 1653 498 1740 adjecta
509 1655 737 1737 opulentissima
745 1667 841 1737 parte
854 1657 1002 1742 Spphacis
1011 1664 1111 1745 regni,
1118 1684 1205 1745 pra·
1220 1718 1222 1730 .

127 1754 286 1828 pmnsten
300 1744 383 1808 inter
397 1741 753 1827 Asticaregesfecistis.
800 1743 869 1819 sto
890 1747 1011 1812 tandem
1032 1749 1130 1830 igitur
1151 1771 1205 1816 aas

130 1832 267 1916 marmio
276 1839 369 1914 atque
382 1829 496 1895 hemme
506 1829 596 1911 digni
609 1829 695 1910 apud
708 1849 759 1899 uos
772 1851 880 1906 acram,
893 1831 948 1914 qui
961 1852 1121 1917 nunquam
1136 1838 1204 1902 has·

137 1929 194 1993 tes,
208 1938 325 2000 semper
343 1916 421 1982 socii
428 1915 579 1998 ficimus?
600 1915 711 1991 Pater,
727 1937 792 1999 ego,
801 1918 986 2001 fratresque
1007 1923 1067 1987 mei
1086 1943 1146 1986 non
1170 1926 1211 2000 in?

138 2005 218 2072 Asia
238 2013 368 2081 tontum,
386 2003 440 2066 sed
460 2002 552 2066 etiam
568 2003 681 2081 promel
700 2001 740 2064 ab
761 2004 848 2066 dano
869 2005 904 2068 in
926 2005 1146 2089 Peloponneso,
1170 2013 1217 2074 in‘

82 2143 91 2162 .
141 2092 277 2165 Bantia,
297 2091 332 2152 in
351 2088 486 2163 AEtcls'a,
505 2088 663 2170 Philippi,
680 2087 838 2169 Antiochi,
853 2090 993 2156 AEtelico
1014 2092 1205 2173 bellatura

137 2178 278 2260 marique
293 2197 356 2258 pra
369 2169 454 2239 uobis
466 2195 555 2240 arma
569 2175 702 2238 tulimus.
750 2176 836 2250 Quid
848 2199 921 2260 erga
930 2182 1097 2260 postulas?
1120 2185 1206 2248 dicat

136 2263 259 2348 aliquis.
302 2265 386 2346 Ego,
403 2261 516 2326 Patres
529 2261 704 2342 conmripti,
716 2264 859 2344 queniam
873 2265 975 2332 dicere
984 2268 1090 2350 utique
1103 2272 1205 2334 schn-

137 2351 220 2416 tibus
240 2349 324 2414 cobis
339 2349 514 2430 parendum
535 2356 589 2423 est,
604 2347 634 2410 si
654 2367 704 2412 uos
725 2369 762 2410 ec
783 2357 881 2414 ments
901 2352 985 2416 ultra
1007 2353 1109 2418 Tauri
1120 2354 1205 2441 juga

136 2438 259 2502 ernastis
268 2435 474 2509 Antiochum,
490 2443 524 2496 ut
538 2434 601 2521 ipsi
614 2434 757 2498 temnetis
771 2455 823 2500 cas
833 2444 944 2516 terras,
957 2440 1056 2506 anuos
1069 2443 1205 2524 adcolas,
1282 2499 1291 2514 .

138 2524 356 2603 neefinitimos
374 2520 495 2595 habere,
512 2539 602 2603 qnam
621 2541 683 2598 aas,
698 2522 779 2590 maio
788 2555 801 2593 ,-
824 2543 881 2588 ries
892 2525 957 2588 ulla
972 2526 1039 2590 clia
1059 2549 1096 2590 re
1110 2531 1206 2594 trition

136 2609 336 2692 stabiliusque
349 2627 474 2690 regnum
494 2627 589 2670 merem
598 2607 744 2690 ficturum
758 2629 856 2690 spero.
871 2639 874 2644 ·
899 2610 962 2676 Sed
973 2613 1003 2676 si
1023 2611 1106 2678 uobis
1121 2617 1205 2680 dece-

137 2700 211 2760 dere
222 2698 304 2771 inde,
314 2705 407 2778 atque
416 2694 565 2758 exercitus
574 2695 718 2760 deducere
732 2695 767 2756 in
777 2697 880 2760 anima
895 2706 940 2760 est
948 2731 960 2769 ,-
977 2702 1124 2764 neminem
1136 2704 1205 2786 dig·

136 2784 251 2848 niarem
264 2804 328 2846 esse
341 2803 379 2846 esc
391 2781 483 2844 sociis
497 2780 613 2855 uestris,
628 2781 683 2862 qui
696 2778 773 2846 bella
786 2802 807 2842 α
822 2781 905 2845 vebis
918 2793 1018 2863 parta
1034 2788 1203 2867 possideat,

135 2889 230 2954 quarm
244 2891 300 2945 me,
315 2869 417 2932 dicere
429 2867 537 2930 ausim.
564 2865 612 2930 Ae
624 2865 704 2930 ersim
719 2867 908 2949 magnifieum
924 2879 969 2932 est
981 2870 1115 2936 liberare
1128 2876 1206 2938 civi-

135 2966 218 3020 tates
230 2977 342 3020 sanes.
374 2955 427 3019 Ita
438 2953 558 3033 opiner,
570 2955 599 3018 si
612 2953 695 3018 nihil
708 2953 817 3016 hastile
827 2955 971 3020 accusa
985 2959 1204 3042 vcsstcerunt:

132 3045 187 3110 sin
202 3051 302 3108 amesa
318 3039 466 3106 Antiochi
477 3041 588 3121 portis
601 3037 797 3126 ⁵⁸Jiurunt¹²5
820 3050 935 3122 qseanta
950 3052 994 3106 est
1015 3054 1116 3108 nestra
1127 3067 1205 3128 pru-

136 3131 246 3194 dentia
261 3139 291 3193 et
303 3129 450 3218 aequitate
464 3127 598 3212 dignius,
614 3126 703 3192 sociis
723 3125 797 3190 berre
813 3127 940 3204 meritis,
957 3132 1204 3213 pelendonibus,

137 3235 190 3282 aas
203 3219 383 3280 consulere?

181 3300 279 3386 Liv„
298 3301 402 3366 Grato
416 3301 518 3366 orstio
540 3300 624 3386 regis
640 3298 789 3364 Patribus
806 3297 883 3364 fuit:
907 3311 939 3366 et
959 3300 1051 3368 senile
1072 3304 1204 3390 adpare-

138 3391 204 3468 bst,
221 3387 370 3454 munifice
384 3389 492 3452 omnis
506 3398 538 3451 et
557 3407 715 3470 propenso
737 3386 845 3450 animo
866 3385 1014 3454 facturos.
1059 3390 1204 3479 Interpo-

133 3477 196 3542 sita
212 3477 452 3562 Smyrnaeosum
469 3474 570 3538 brevis
590 3472 621 3538 le
642 3471 779 3550 aliaest,
794 3473 869 3558 quis
893 3495 956 3540 non
980 3476 1112 3542 ederent
1134 3481 1205 3565 qui-

37 3571 40 3578 ’
136 3566 210 3628 dom
234 3563 443 3628 Rhodiorum.
490 3558 614 3626 Conlsu
658 3559 697 3624 tis
723 3560 850 3708 egreffie
876 3561 1060 3646 Smyrnaeis,
1083 3563 1204 3653 ⁵⁹quod

135 3650 245 3714 omnia
262 3650 375 3724 uicinia
396 3649 474 3733 pati,
490 3667 585 3732 quem
602 3667 636 3710 se
651 3646 718 3731 regi
742 3660 789 3710 trs
813 3668 876 3723 ere,
892 3649 1089 3730 maluissent,
1105 3653 1204 3718 intro·

134 3736 225 3801 ducti
252 3735 373 3800 Rhodii
402 3747 486 3800 sunt.
516 3753 651 3819 quorum
678 3733 826 3818 princeps
851 3733 1027 3821 legationis,
1054 3742 1204 3824 expositis

135 3823 234 3890 initiis
258 3822 407 3886 amicitias
429 3843 501 3886 cum
528 3818 648 3906 populo
672 3819 830 3897 Romano,
853 3821 1035 3909 meritisque
1059 3825 1204 3892 Rhodio·

144 3979 183 4092 ὦ
197 3976 490 4093 ἔωίκὺσαήοσίὺνοῠὺ
500 3974 720 4034 nnthsonAEsem
751 3973 921 4022 aAntiaclucns
932 3978 1099 4024 esnostisEsrd.
1132 3977 1204 4038 istu.

134 4061 143 4092 s
175 4049 186 4090 t
220 4057 273 4097 son.
369 4063 374 4073 ·

169 4197 199 4238 ss
217 4187 338 4253 Fumant]
354 4193 515 4241 Gronovisae
528 4192 655 4249 editiones,
687 4191 900 4248 senescallum
934 4191 992 4240 ideo
1004 4191 1165 4240 revocavimus
1175 4206 1205 4240 ex

128 4258 237 4317 suerint.
272 4257 345 4308 Quod
369 4259 449 4306 minus
475 4259 576 4317 placuit,
600 4257 656 4316 quis
687 4255 857 4303 vetustioribus
861 4257 974 4316 fuerant.

135 4322 233 4370 verbum
252 4321 398 4380 subjunctivi
414 4324 479 4370 medi
496 4324 534 4370 hic
550 4321 654 4383 aliquam
720 4327 751 4370 ⁵9
770 4322 841 4377 (tuost
857 4323 939 4370 menia
957 4322 1045 4368 ultima
1061 4315 1130 4383 pati}
1149 4321 1204 4368 vid.

136 4387 396 4450 signilicsrcvidereiur
407 4388 591 4448 dubitationem,
602 4401 654 4448 qua
687 4386 812 4434 xxxlu.
825 4394 865 4434 ³8.
877 4393 902 4436 et
912 4387 1017 4436 XXXV.
1029 4391 1069 4434 ti.
1119 4449 1127 4454 .
1178 4445 1182 4454 Δ

732 4459 789 4514 th
