3126 4978
332 176 464 258 sess
618 251 621 258 ,
721 159 1056 259 rsrscrvrr

174 371 243 420 u.·c.
253 375 309 419 ⁵6⁰·
332 362 415 427 cibus
427 383 528 428 eorum
543 364 671 446 imperio
682 363 832 441 Romam,
846 363 974 428 liberam
988 383 1057 427 nere
1072 360 1237 440 Gratiam
1253 373 1345 448 atque
1359 365 1393 428 in

174 437 204 484 h
216 437 245 484 ⁰·
255 442 308 486 ¹⁹²·
334 471 371 512 eo
380 451 540 532 principes
551 449 815 532 AEtolosfecisset.
831 470 894 512 cum
905 449 1084 514 exercitibus
1093 462 1270 514 commeatus
1279 471 1396 534 quoque

335 536 431 598 omnis
441 537 565 619 generis
579 558 616 598 ee
624 536 703 600 Asia
715 544 863 600 uenturos.
889 537 925 612 ln
936 537 1104 618 presentia
1114 557 1195 600 acra
1204 559 1266 601 esse
1274 536 1396 612 AEtolis

336 621 453 700 debere,
467 631 501 684 ut
521 623 610 704 copia
620 621 779 711 frumenti
799 623 872 699 suis,
885 619 950 684 ⁵²et
964 643 1089 686 annana
1100 622 1273 690 ,tolerabilis
1293 617 1394 686 rerum

332 709 469 771 ⁴‘alr'arum
482 709 701 790 suppeditetur.
1102 741 1106 752 ‹
1233 749 1234 752 =
1292 745 1295 752 »
1366 721 1369 726 “

334 785 336 792 '
380 791 483 856 XLV.
508 791 546 856 lu
570 791 653 856 benc
672 793 856 866 sententiam
879 815 937 862 rex
955 814 1026 857 cum
1050 814 1166 881 magno
1180 793 1322 862 omnium
1337 792 1395 856 ad-

336 899 427 942 sensu
455 877 580 945 locutus
604 879 755 942 discessit.
801 879 877 943 Post
899 877 1069 944 discessum
1094 881 1187 966 regis,
1208 880 1291 944 inter
1315 879 1395 943 duos

336 965 495 1050 principes
511 964 703 1042 AEtolorum,
716 963 885 1029 Phaeneam
900 980 932 1028 et
948 964 1140 1047 Thoantem,
1152 960 1312 1030 eontentio
1326 963 1394 1028 fisis.

339 1049 503 1128 Phaeueas,
520 1049 755 1116 reconciliatore
776 1050 862 1134 pacis
876 1065 907 1114 et
922 1048 1130 1135 disceptatore
1144 1051 1184 1116 de
1203 1052 1250 1128 iis,
1267 1073 1339 1138 quae
1362 1051 1395 1114 in

337 1139 552 1202 controversia
574 1159 645 1202 cum
672 1134 791 1222 populo
815 1137 961 1200 Romano
982 1150 1094 1214 essent,
1113 1137 1266 1202 utendum
1291 1137 1399 1222 potius

338 1222 510 1300 Antiocho,
536 1223 693 1298 censebat,
720 1243 814 1308 quam
844 1221 927 1286 duce
954 1221 1039 1287 belli.
1082 1224 1252 1288 Adventum
1280 1223 1343 1306 ejus
1368 1233 1398 1286 et

337 1307 523 1392 majestatem
537 1312 581 1373 ad
599 1310 810 1374 ueremmdiam
819 1309 1001 1392 faciendam
1018 1310 1168 1374 Romanis
1181 1312 1242 1374 uim
1256 1309 1399 1392 mojorem

267 1473 270 1480 =
339 1395 523 1471 habituram,
536 1417 624 1479 qnam
639 1417 738 1460 orma.
762 1394 868 1458 Multa
878 1396 1021 1471 homines,
1031 1417 1069 1458 ne
1080 1395 1193 1460 bellare
1206 1417 1321 1460 necesse
1333 1397 1399 1471 sit·,

339 1483 495 1546 voluntate
504 1483 667 1566 remittere,
679 1501 746 1564 qua
757 1480 834 1544 lello
844 1491 874 1545 et
884 1482 979 1545 orrnis
993 1483 1061 1564 cogi
1074 1484 1273 1564 nonpossint.
1289 1481 1401 1546 Thoas

339 1587 466 1653 negare,
478 1570 560 1632 Pori
573 1571 693 1632 stridere
703 1569 888 1632 Phameam.-
904 1568 957 1630 sed
970 1569 1117 1632 discutere
1127 1570 1312 1650 adparatum
1327 1567 1402 1632 belli

337 1655 423 1730 uelle,
438 1664 472 1717 ut
485 1656 580 1718 tedio
594 1663 624 1717 ct
638 1655 758 1736 inpetus
770 1655 980 1736 relanguescat
991 1655 1082 1738 regis,
1094 1663 1124 1717 et
1134 1655 1271 1718 Romarm
1284 1663 1400 1736 tempus

336 1742 381 1803 od
393 1743 628 1822 comparandum
643 1740 785 1803 habeant.
831 1739 924 1810 Nihil
936 1741 1015 1802 enim
1029 1739 1111 1823 requi
1124 1739 1163 1802 ab
1178 1739 1327 1804 Romams
1340 1741 1399 1803 im·

331 1827 458 1907 petrori
466 1847 565 1908 posse,
581 1827 670 1890 toties
684 1825 886 1909 legationibus
899 1826 997 1890 missis
1012 1825 1151 1902 Romam,
1166 1827 1256 1890 toties
1269 1846 1333 1888 mam
1349 1827 1398 1908 ip-

337 1933 370 1976 so
385 1911 529 1982 Quinctio
544 1913 750 1992 disceptando,
762 1912 839 1976 satis
854 1920 1007 2006 expertum
1021 1932 1097 1974 esse.-
1114 1933 1179 1992 nee,
1190 1913 1253 1975 nisi
1266 1912 1399 1976 abscissa

339 1999 422 2063 omni
434 2019 497 2078 spe,
513 1998 662 2060 auritium
678 1997 824 2060 Antiochi
837 1996 1160 2079 imploraturosfnisse.
1195 1999 1262 2071 Quo
1276 1999 1402 2062 celerius

259 2103 262 2110 ·
338 2103 392 2164 spe
406 2082 535 2146 omniun
550 2083 662 2158 oblato,
678 2103 739 2144 non
753 2103 815 2146 esse
828 2084 1104 2167 elanguescendum,
1120 2086 1173 2147 sed
1186 2086 1334 2148 orandum
1343 2105 1402 2165 po-

338 2168 400 2232 tins
421 2190 530 2252 regem,
552 2178 596 2244 ut,
620 2170 772 2252 quoniam,
794 2170 874 2252 quod
893 2170 1054 2232 marimum
1063 2169 1181 2252 fiserit,
1204 2171 1269 2252 ipse
1289 2171 1403 2233 vindcn

341 2255 472 2318 Gracia
485 2257 613 2331 uenerit,
628 2256 733 2336 capias
754 2276 870 2338 qnoque
889 2264 1044 2329 terrestres
1063 2258 1244 2340 naualesque
1257 2266 1401 2320 arcessat.

303 2389 307 2396 -
339 2342 498 2408 Amnotum
517 2363 616 2426 regem
631 2343 754 2424 aliquid
764 2343 1015 2422 impetraturum.-
1039 2343 1179 2405 inermem
1194 2363 1253 2405 non
1262 2363 1324 2424 pro
1339 2342 1402 2404 AE-
1448 2378 1453 2389 .

339 2428 412 2491 totis
425 2430 522 2507 niodo,
537 2430 590 2492 secl
604 2449 712 2508 nepro
726 2429 890 2510 sequidem
912 2429 988 2508 ipso,
1004 2428 1145 2491 momenti
1159 2427 1402 2512 ulliussuturum

340 2514 604 2596 apecanomanos.
649 2513 733 2577 Haec
756 2513 829 2576 vicit
850 2513 1019 2576 sententias
1046 2513 1331 2599 imperatoremque
1353 2535 1403 2578 re-

338 2611 413 2686 gem
442 2599 666 2683 adpellandum
691 2612 898 2664 censuerunt:
924 2612 957 2662 et
983 2599 1112 2686 triginta
1136 2599 1305 2685 principes,
1328 2621 1400 2664 cum

342 2684 456 2772 quibus
471 2687 495 2750 si
511 2709 574 2775 qua
589 2685 682 2750 vellet
696 2684 896 2761 consultaret,
913 2684 1107 2772 delegerunt.
1343 2687 1347 2696 '

314 2849 316 2858 Ι
384 2772 511 2838 XLVI.
535 2771 596 2848 lta,
622 2771 752 2838 dimisso
777 2771 922 2848 concilio,
946 2770 1117 2837 multitudo
1142 2774 1247 2836 omnis
1272 2771 1306 2836 in
1331 2795 1403 2838 suas

341 2859 481 2926 civitates
495 2858 615 2944 dilapsa
630 2871 687 2924 est.
733 2858 802 2923 Rex
821 2870 949 2943 postero
963 2859 1014 2923 die
1027 2881 1098 2924 cum
1115 2859 1263 2942 apocletis
1278 2880 1400 2936 eorum,

340 2946 427 3010 unde
449 2945 569 3018 ¹bellum
594 2945 762 3022 ordiretur,
779 2943 985 3008 consultabat.
1031 2945 1196 3030 Optimum
1221 2945 1322 3008 visum
1344 2957 1403 3021 est,

344 3031 538 3110 Chalcidem,
554 3031 670 3096 frustra
691 3053 793 3114 nuper
815 3030 855 3095 sb
870 3029 988 3095 AEtolis
1008 3041 1170 3109 tentatam,
1185 3030 1324 3115 primum
1347 3029 1403 3096 ad·

342 3117 450 3202 gredi:
473 3131 504 3184 et
518 3117 677 3184 celeritate
691 3117 723 3183 in
739 3138 808 3181 eam
825 3117 1019 3204 remmagis,
1034 3139 1129 3202 quam
1146 3138 1263 3202 magno
1284 3128 1402 3182 conatu

343 3217 375 3270 et
389 3204 555 3290 adparatu,
569 3226 650 3289 opus
665 3225 742 3269 esse.
778 3203 891 3289 ltaque
905 3225 977 3268 cum
993 3202 1078 3268 mille
1093 3202 1250 3287 peditibus
1265 3224 1332 3280 rex,
1348 3204 1405 3291 qui

343 3288 384 3354 ab
399 3290 605 3356 Demetriade
619 3290 717 3355 secuti
735 3302 835 3366 erant,
850 3288 1008 3375 profectus
1029 3309 1087 3374 per
1103 3289 1275 3374 Rhocidem
1290 3301 1350 3354 est:
1371 3301 1406 3354 et

338 3376 406 3440 alio
427 3377 540 3442 itinere
561 3376 720 3462 principes
741 3375 855 3453 lutati,
872 3377 1035 3461 juniorum
1061 3377 1169 3461 paucis
1192 3377 1339 3453 evocatis,
1362 3375 1405 3440 ad

345 3461 553 3528 Chaeroneam
579 3463 798 3540 obcurrerunt,
823 3473 855 3527 et
879 3461 986 3526 decem
1013 3462 1178 3528 constratis
1203 3460 1336 3526 navibus
1357 3484 1406 3526 se·

336 3548 408 3624 cuti
430 3561 515 3612 sunt.
561 3549 645 3625 Rex,
668 3547 710 3616 ad
734 3549 888 3637 Salganea
908 3549 1017 3614 castris
1040 3549 1160 3634 positis,
1184 3548 1316 3614 navibus
1337 3547 1408 3633 ipse

342 3655 414 3698 oum
449 3626 646 3721 principibus
675 3634 856 3700 AEtolorum
886 3633 1044 3721 Euripum
1073 3634 1204 3720 trajecit,
1233 3648 1274 3713 et,
1305 3656 1405 3721 quum

258 3736 261 3745 ¹
342 3719 429 3786 haud
443 3722 555 3806 procul
572 3733 668 3807 portu
685 3744 829 3807 egressus
843 3733 932 3799 esset,
949 3722 1151 3808 magistratus
1164 3743 1290 3808 quoque
1306 3719 1406 3786 Chal·

342 3807 515 3872 cidensium
540 3820 571 3872 et
596 3808 753 3893 principes
778 3819 851 3873 ante
875 3817 1001 3893 portam
1029 3819 1260 3893 processerunt.
1305 3806 1407 3872 Pauci

343 3893 502 3982 utrimque
516 3894 775 3980 adconloquium
791 3895 948 3980 congressi
963 3904 1047 4010 spat.
1091 3892 1195 3960 AEtoli
1211 3915 1407 3980 magnopere

688 4047 690 4054 Α
748 4073 797 4116 *ηε
808 4069 921 4116 bellarent
932 4068 1000 4114 Creu.

376 4239 475 4286 sawt
502 4253 596 4286 maana
624 4237 754 4284 tolerabilis
779 4251 858 4282 rmum
891 4240 916 4282 at
934 4239 997 4281 certe
1013 4247 1060 4278 non
1077 4236 1316 4294 ussu1ter,sutearo
1333 4234 1408 4282 nimis

342 4298 459 4364 aliarum]
474 4303 507 4350 Et
527 4315 562 4349 res
581 4301 633 4348 aliea
655 4303 683 4348 ad
702 4302 791 4348 victum
808 4302 858 4347 cul·
890 4301 977 4362 pretio,
990 4297 1176 4366 suppeditentur.

343 4374 442 4428 tumque
459 4369 602 4425 necessarie,
618 4367 637 4412 si
658 4367 735 4416 mium
756 4366 858 4438 copiosa,
