3042 4954
291 187 331 242 24
375 218 377 226 ι
687 180 970 245 T1T1Livll

133 367 163 413 u.
176 367 272 414 casa
294 349 393 416 ducto
421 371 460 416 eo
477 348 649 434 ‘extemplo
678 348 832 426 exercitu,
862 348 1099 415 translaturum.
1146 349 1230 416 Haec
1261 349 1368 418 natio

133 433 274 544 ξξὼξξξι
296 456 395 524 quum
425 433 546 524 ingenti
575 435 741 500 hominum
772 436 903 500 adsensu
934 437 1149 522 acciperetur:
1180 439 1233 502 Ito
1263 445 1368 504 tamen

133 512 212 610 „ssssqm
222 511 411 623 pml'aequum
426 533 481 605 est,
496 522 612 608 inquit,
628 543 673 586 me
692 531 793 588 cestra
815 524 888 588 meis
909 526 1006 588 armis
1027 525 1136 601 tutori,
1153 523 1272 589 nemea
1288 527 1369 590 iots-

133 629 193 676 etoia
204 628 268 674 uroi-
296 614 355 676 rim
370 611 523 674 nudentur
531 609 705 694 praesidiis.
748 610 869 692 Itaque,
884 612 914 675 si
933 609 1016 676 vohis
1029 612 1160 687 videtur,
1177 619 1295 676 tantum
1304 633 1370 696 pa-

134 693 248 741 ¹³¹¹⁵⁸¹¹³⁸·
295 706 366 761 rote
379 697 520 773 militum,
533 705 680 782 quantum
695 697 740 759 ud
755 693 877 772 Oreum,
892 703 923 760 et
939 697 1124 774 chohidem
1140 701 1172 762 ei
1187 697 1370 764 Corinthum
1438 751 1445 760 .

296 783 410 868 mendo
424 783 523 848 ⁹sotis
541 785 601 848 sit.-
623 791 668 857 rat,
682 783 757 845 meis
778 781 817 844 ab
831 791 919 866 tergo
938 785 1024 860 tutis,
1039 783 1281 849 aeternitatum
1297 783 1372 847 Na·

136 879 239 927 rrusua
297 870 364 952 iridi
390 870 522 950 inferam
545 879 576 934 et
603 869 855 933 Lacedaernoniis.
901 867 974 932 Non
999 867 1109 934 fefellit
1131 866 1279 946 Achoeoa,
1303 891 1372 956 quo

297 965 466 1042 spectasset
494 969 559 1021 tam
589 954 728 1041 benigna
756 953 955 1038 pollicitatio,
978 954 1199 1042 auxiliumque
1223 955 1369 1021 oblatum

298 1041 448 1108 adversus
464 1041 742 1108 Lacedoemonios:
765 1039 799 1103 id
822 1041 935 1126 quaeri,
951 1053 987 1106 ut
1008 1040 1152 1106 obsidem
1171 1041 1370 1108 Achaeorum

293 1131 494 1216 juventutem
517 1127 667 1193 educeret
692 1145 734 1198 ex
758 1125 992 1212 Peloponneso,
1014 1127 1055 1192 ad
1078 1128 1275 1219 inligandam
1300 1129 1370 1195 Ro-

207 1283 210 1290 ,
298 1237 396 1280 mano
420 1215 505 1281 bello
531 1227 669 1304 gentem.
693 1223 725 1278 et
750 1212 776 1252 ¹⁰
785 1212 818 1277 id
840 1213 970 1299 quidem
996 1235 1172 1302 coarguere
1201 1214 1372 1302 Cycliadas

299 1318 421 1388 praetor
436 1301 630 1368 Achaeorum
645 1299 725 1365 nihil
741 1299 884 1365 adtinere
899 1312 1000 1378 ratus,
1015 1300 1049 1364 id
1069 1303 1163 1366 modo
1178 1323 1277 1388 quum
1293 1301 1370 1367 dix·

300 1393 383 1467 isset,
403 1411 468 1456 non
493 1389 588 1454 licere
610 1387 732 1474 legibus
755 1385 950 1451 Achaeorum
972 1387 1014 1452 de
1034 1386 1103 1452 aliia
1125 1391 1219 1454 rebus
1241 1387 1371 1468 referre,

301 1497 397 1564 quam
422 1489 555 1562 propter
577 1497 654 1562 quas
680 1474 844 1540 convocati
870 1485 993 1550 essent3
1015 1473 1144 1538 decreto
1165 1475 1206 1539 de
1228 1475 1373 1539 exercitu

324 1564 446 1629 arando
467 1563 615 1628 adversus
631 1561 739 1626 Nabin
764 1559 858 1637 facto,
874 1560 1044 1625 concilium
1067 1559 1191 1626 fortiter
1213 1583 1251 1626 ac
1271 1560 1374 1626 libere

300 1587 446 1716 habitum
469 1648 605 1726 dimisit3
627 1648 712 1712 inter
734 1645 948 1712 adsentatores
970 1649 1170 1734 regiosantc
1191 1669 1262 1713 eam
1285 1646 1374 1712 diem
1434 1696 1438 1700 -

301 1737 440 1806 habitus.
485 1735 664 1820 Philippus,
680 1753 798 1820 magna
812 1753 867 1818 spe
881 1732 1040 1818 depulsus,
1055 1734 1240 1799 voluntariis
1261 1734 1374 1820 paucis

302 1825 457 1889 militibus
483 1820 670 1906 conscriptis
693 1818 885 1884 Corinthum
913 1833 1008 1907 etque
1030 1819 1064 1885 in
1088 1820 1227 1886 Atticam
1253 1833 1374 1886 terram

303 1910 408 1975 rediit.
669 1907 675 1920 ‘

347 1993 482 2060 XXVI.
507 1992 570 2057 Per
595 2013 649 2056 eus
672 1993 757 2075 ipsos
779 1990 857 2076 dies,
873 1991 990 2076 quibus
1009 1991 1174 2080 Philippus
1198 1992 1232 2057 in
1248 1991 1375 2059 Achaia

303 2082 373 2160 fuit,
399 2078 558 2150 Philocles
579 2075 747 2164 praefectus
770 2099 786 2140 r
827 2078 885 2154 ius,
908 2100 948 2144 ex
970 2078 1095 2144 Euboea
1115 2078 1276 2166 profectus
1297 2101 1374 2145 cum

303 2169 430 2233 duobus
445 2165 585 2230 millibus
601 2163 767 2230 Thracum·
820 2163 1060 2252 acedonumque
1075 2166 1116 2232 ad
1130 2164 1375 2253 depopulandos

305 2252 549 2320 Atheniensium
571 2251 696 2328 finea,e
717 2250 847 2338 regione
862 2250 1020 2317 Eleusinis
1041 2252 1157 2318 saltum
1178 2252 1374 2320 Cithaeronis

304 2337 510 2417 transcendit,
540 2337 616 2403 inde
644 2337 777 2408 dimidia
806 2351 896 2423 parte
923 2339 1060 2404 militum
1091 2338 1131 2404 ad
1161 2337 1375 2425 praedandum

304 2429 420 2514 passim
441 2449 500 2514 per
513 2447 607 2515 agros
624 2424 763 2506 dimissa,
778 2446 851 2489 cum
873 2437 964 2510 parte
985 2426 1054 2512 ipse
1074 2425 1218 2491 occultus
1238 2425 1310 2492 loco
1331 2423 1377 2492 ad

304 2515 435 2580 insidias
450 2525 634 2598 opportuno
649 2511 801 2590 consedit,
819 2523 864 2589 ut,
881 2512 907 2576 si
922 2533 962 2576 ex
976 2511 1104 2582 castello
1118 2512 1159 2577 ab
1174 2512 1326 2580 Eleusine
1339 2514 1376 2578 in

273 2635 280 2644 ·
295 2601 485 2689 predantes
510 2621 582 2664 suos
605 2601 730 2685 inpetus
751 2597 852 2677 fieret,
868 2611 998 2684 repente
1017 2597 1123 2664 hostes
1137 2599 1252 2665 effusos
1267 2621 1307 2666 ex
1324 2601 1377 2665 in·

304 2688 434 2775 proviso
449 2686 638 2750 adoriretur.
684 2684 759 2749 Non
774 2683 910 2750 fefellere
930 2684 1065 2753 insidiae.
1086 2687 1195 2774 itaque
1210 2687 1375 2766 revocatis,

306 2775 361 2862 qui
376 2774 592 2838 discurrerant
606 2771 648 2838 ad
662 2771 885 2857 praedandum,
901 2772 1068 2854 militibus,
1083 2773 1317 2860 instructisque,
1333 2773 1376 2839 ad

307 2858 557 2948 obpugnandum
583 2857 748 2924 castellum
773 2857 954 2924 Eleusinem
980 2858 1150 2945 profectus,
1173 2880 1246 2924 cum
1268 2860 1377 2926 multis

307 2949 383 3014 indc
399 2947 581 3014 vulneribus
607 2945 745 3022 recessit,
763 2944 980 3031 Philippoque
992 2967 1025 3009 se
1039 2946 1178 3010 venienti
1199 2969 1238 3012 ex
1252 2946 1377 3014 Achaia

308 3037 487 3121 conjunxit.
531 3032 669 3099 Tentata
691 3044 722 3095 et
744 3030 785 3094 ab
808 3031 878 3115 ipso
900 3051 935 3094 re
999 3031 1197 3119 obpugnatio
1218 3034 1285 3119 ejus
1308 3056 1376 3099 cas-

310 3123 376 3188 telli
402 3135 460 3187 est.
488 3119 542 3184 sed
564 3140 660 3182 naves
688 3117 855 3194 Romanas,
878 3125 912 3180 a'
934 3053 1061 3182 Piraeeo
1083 3117 1251 3197 venientes,
1277 3120 1378 3186 intro-

310 3209 503 3295 missumque
522 3203 708 3290 proesidinm
723 3202 873 3268 absistere
887 3203 963 3268 ince
985 3217 1020 3269 to
1035 3209 1217 3293 coigerunt.
1262 3205 1380 3273 Diviso

148 3307 270 3369 rnitippus
311 3294 426 3360 deinde
443 3292 596 3368 exercitu,
612 3311 671 3354 rex
692 3311 763 3354 cum
788 3301 878 3376 parte
901 3289 961 3355 Ph'
976 3290 1077 3356 oclem
1100 3291 1245 3358 Athenas
1268 3290 1378 3374 mittit,

147 3374 256 3486 ’ἕψω
267 3379 291 3421 ⁸²
311 3405 384 3448 cum
403 3391 494 3465 parte
512 3381 581 3463 ipse
596 3377 753 3441 Piraeeum
772 3377 894 3465 pergit:
917 3388 964 3455 ut,
980 3389 1100 3465 quum¹
1116 3379 1271 3446 Philocles
1285 3381 1380 3447 sube-

147 3453 295 3554 stffissffin,
312 3468 399 3534 undo
420 3487 539 3541 muros,
554 3476 585 3529 et
597 3463 823 3530 'comminanda
839 3462 1078 3552 obpugnatione
1100 3467 1278 3532 contineret
1301 3468 1382 3534 urbe

149 3576 194 3620 tat.
312 3554 532 3632 Athenienses,
546 3551 609 3635 ipsi
628 3549 787 3614 Piraeeum
808 3549 870 3615 levi
889 3573 961 3616 cum
984 3551 1135 3637 praesidio
1154 3552 1301 3620 relictum
1323 3577 1381 3620 ex-

162 3641 165 3646 ’
337 3638 479 3728 ugnandi
499 3636 633 3702 facultas
654 3647 743 3702 esset.
788 3636 937 3704 Ceterum
959 3637 1062 3704 nihilo
1082 3639 1112 3704 ei
1136 3639 1261 3719 Piraei,
1282 3663 1380 3728 quam

311 3663 482 3802 Pleusinis,
509 3723 642 3802 facilior,
666 3721 778 3788 iisdem
807 3722 873 3788 fere
901 3722 1152 3804 defendentibus,
1178 3726 1380 3816 obpugnatio

312 3812 383 3878 fuit.
428 3815 456 3876 A
473 3811 597 3876 Piraeco
612 3807 756 3878 Athenas
767 3822 900 3896 repente
914 3809 1016 3876 duxit.
1038 3811 1113 3877 inde
1124 3815 1291 3900 eruptione
1302 3815 1381 3884 sub-

312 3899 358 3963 ita
372 3897 517 3982 peditum
534 3897 739 3984 equitumque
752 3896 837 3962 inter
858 3898 1019 3999 angustias
1041 3899 1185 3965 semiruti
1206 3903 1300 3980 muri,
1323 3903 1380 3988 qai

312 3985 451 4051 brachiis
472 3985 598 4050 duobus
615 3984 773 4049 Piraeeum
791 3983 926 4050 Athenrs
942 3985 1060 4073 jungit,
1075 3986 1240 4073 repulsum
1264 3990 1383 4056 omissa

589 4097 871 4170 flaconensem(
949 4122 1105 4172 :amaea

346 4245 447 4296 asath
464 4240 510 4305 ait]
538 4242 577 4290 Sic
596 4242 829 4303 nabavis-libem
862 4244 926 4290 hauc
940 4243 992 4302 eiua
1007 4247 1149 4292 mentemst
1165 4245 1382 4301 subdolumconsl.

209 4339 212 4346 ·
314 4313 399 4360 melina
412 4323 493 4371 quam,
505 4313 532 4356 ut
544 4310 614 4370 vulgo
626 4309 714 4365 editur,
725 4309 785 4354 rint.
862 4310 976 4358 linmribi
989 4317 1136 4374 pomponam
1147 4325 1205 4361 crae.

338 4375 378 4423 ‘10
386 4379 401 4412 i
409 4378 442 4424 Id
453 4408 490 4425 ...
503 4374 642 4438 coarguere]
659 4373 760 4422 Probare
771 4374 830 4435 regi,
