3136 4982
348 169 412 228 err
735 161 850 224 ml
878 157 1016 226 mvn
1080 141 1081 149 '

187 347 219 398 u.
228 347 257 394 o.
268 347 325 396 sum
338 330 508 400 meatuum
520 327 640 396 moras·
655 327 832 409 edixissent,
847 337 903 394 out
914 327 1032 413 aliquis
1044 347 1083 390 en
1094 324 1325 412 ragusanum
1334 323 1415 390 “ad

187 413 258 462 Μ·
270 415 325 462 ¹⁸⁰·
347 419 518 484 concurrum
531 414 886 498 mroasset,sorteterrtere
903 415 987 480 coire
998 410 1201 481 “wlucrunts
1222 423 1264 491 et‚
1278 412 1413 478 sabim

225 553 229 560 -
347 525 406 590 que
418 504 579 570 multitudo
591 510 676 577 esset,
692 499 738 566 ibi
746 509 779 564 et
788 503 957 585 legitimum
970 509 1113 566 nectarus
1124 500 1330 574 multitudinis
1342 519 1415 564 oen·

332 591 455 667 ,selant
473 589 580 665 debere
600 609 672 652 esse.
717 583 831 664 Quales
846 588 983 670 primum
1004 594 1165 650 nocturnos
1184 595 1286 663 cutus,
1301 587 1415 656 danda,

342 676 531 761 promisouos
544 675 701 738 mulierum
715 696 753 737 ac
762 675 910 750 pirorun,
920 695 982 748 esse
991 674 1140 738 credilr's?
1155 673 1202 750 Si,
1214 671 1320 757 quibus
1333 680 1414 738 eto-

270 821 272 828 ,
335 763 430 830 'tibus
451 762 615 826 initientm·
634 781 743 836 mores,
757 759 874 837 sciatis,
889 779 950 824 non
969 760 1109 836 misereat
1122 779 1173 824 uos
1185 777 1288 830 curum
1304 759 1413 836 sulcem,

349 851 403 916 sed
422 849 515 912 ctiam
534 849 664 929 pudeat.
709 846 779 912 Hoc
789 855 980 923 moramenm
1000 846 1142 920 initiatos
1151 843 1281 928 juvenes
1300 845 1418 910 meua

337 935 507 1020 faciendos
524 934 661 1011 cemetis,
680 933 840 1008 Quirites?
863 933 905 998 iis
922 953 961 996 eo
981 931 1116 998 obscoeno
1135 933 1278 996 mmorio
1297 931 1417 998 eductis

349 1041 439 1086 armo
463 1020 699 1084 committendo?
721 1019 766 1096 lri,
781 1019 917 1102 cooperti
940 1019 1056 1102 stupris
1074 1019 1138 1084 suis
1157 1019 1337 1102 alienisque,
1352 1037 1416 1099 pro

344 1107 502 1192 pudicitia
516 1102 673 1190 compagum
686 1127 724 1169 ac
737 1105 900 1170 liberorum
913 1103 1174 1188 oestrornemferro
1187 1101 1371 1169 decernent?

365 1219 369 1226 ⁴
395 1191 492 1258 XVI.
515 1191 626 1256 Minus
642 1201 745 1256 tomen
759 1200 844 1267 esset,
859 1193 888 1256 si
895 1191 1039 1278 flagitiis
1052 1199 1171 1256 tontum
1182 1191 1416 1279 qfeminotifo-

350 1289 430 1357 rent,
446 1280 591 1363 (ursorum
607 1279 642 1342 id
661 1299 774 1362 magno
788 1299 826 1342 ec
840 1277 1075 1360 periodedemu
1087 1285 1170 1358 erat)
1184 1299 1205 1340 a
1215 1276 1418 1361 facinoribus

351 1387 467 1442 manus,
483 1374 608 1430 merum
622 1386 642 1428 a
656 1361 825 1445 fraudibus
840 1363 1065 1432 abstinuissent·
1109 1363 1282 1448 Numquam
1296 1372 1418 1431 tontum

350 1453 462 1518 endum
476 1453 512 1516 in
524 1451 681 1534 republica
680 1451 766 1535 suit,
777 1472 831 1514 nec
843 1452 889 1514 od
895 1452 1012 1532 plsues,
1024 1471 1078 1514 nec
1088 1451 1132 1514 ed
1135 1452 1232 1533 pluro
1241 1449 1417 1533 pertinens.

350 1539 504 1624 quidquid
517 1539 567 1602 bis
582 1539 674 1602 annis
687 1537 829 1617 libidine,
844 1537 996 1620 quidquid
995 1532 1128 1620 froude,
1144 1537 1296 1621 quidquid
1306 1537 1421 1600 scelere

345 1635 503 1710 peccatum
517 1633 572 1700 eu,
586 1645 625 1690 ea
635 1625 690 1688 illo
704 1644 765 1686 uno
777 1623 917 1690 sacrario
929 1624 1035 1688 scitote
1048 1632 1147 1688 omum
1161 1643 1231 1688 esse.
1276 1621 1418 1688 Necdum

351 1714 466 1786 munia,
489 1712 524 1774 in
545 1731 613 1794 qua
636 1708 880 1794 conqmooemcnt,
903 1709 988 1774 edita
997 1708 1151 1794 facinora
1172 1709 1294 1774 belem.
1316 1709 1420 1774 adbuc

346 1798 617 1884 privatisnooiis,
639 1797 712 1880 qreio
734 1797 864 1862 nondum
885 1797 931 1860 od
953 1795 1166 1878 rempublicam
1188 1796 1418 1878 obprimendam

352 1885 430 1952 sotis
450 1885 563 1962 virium
576 1891 630 1959 est,
645 1880 820 1966 conjuratio
837 1902 899 1946 sese
919 1882 1009 1964 inpio
1030 1890 1121 1948 tenet.
1142 1880 1248 1946 crescit
1269 1890 1299 1946 ct
1319 1883 1420 1964 serpit
1538 1911 1539 1932 r

353 1971 491 2054 quotidie
503 1970 626 2032 molum.
647 1966 739 2052 “jam
753 1965 850 2051 majus
869 1976 922 2044 cst,
939 1987 1028 2052 quom
1050 1977 1084 2042 ut
1104 1989 1214 2050 capere
1235 1969 1270 2033 id
1285 1969 1421 2050 priuata

341 2055 480 2140 fortuna
496 2055 610 2136 possit.-
631 2055 676 2117 od
694 2073 836 2118 mmmmm
849 2053 1061 2136 rempublicam
1075 2063 1202 2136 medat.
1246 2053 1323 2118 Nisi
1330 2074 1421 2136 prcu-

354 2141 477 2216 cooetis,
490 2137 638 2217 Quirites,
643 2137 715 2224 jorn
728 2140 800 2204 buic
813 2141 944 2221 dirurrae,
958 2141 1093 2225 legitime
1106 2140 1147 2204 ob
1159 2141 1279 2208 connrle
1291 2150 1422 2220 omum,

349 2249 415 2310 par
429 2236 576 2290 nocturno
589 2227 693 2294 concio
704 2247 768 2292 esse
774 2228 903 2310 poterit.
917 2247 997 2290 nunc
1011 2228 1062 2291 illi
1075 2227 1251 2310 oossinguli
1263 2229 1423 2292 universos

354 2315 566 2392 corrcionontes
587 2314 712 2378 timent.-
723 2311 807 2396 jom
822 2311 875 2377 ubi
898 2334 949 2394 uos
970 2314 1087 2396 dilapsi
1111 2313 1213 2380 domos
1233 2323 1264 2377 et
1285 2315 1321 2376 in
1340 2335 1421 2378 maro

355 2410 455 2466 nemra
470 2401 568 2481 eritis,
585 2401 636 2464 illi
655 2395 795 2475 coierint,
810 2399 1022 2466 consultabunt
1035 2401 1073 2464 cle
1091 2419 1146 2466 seco
1167 2397 1369 2467 salue'simu
1382 2421 1423 2464 ac

355 2496 457 2552 oestro
479 2487 638 2568 pernicie,-
667 2495 730 2550 tum
753 2487 884 2570 singulis
904 2485 988 2552 uobis
1011 2487 1148 2551 universi
1167 2487 1297 2552 timendi
1317 2496 1421 2552 enno.
1537 2533 1538 2544 η

357 2573 476 2656 Optare
497 2573 595 2658 igitur
615 2573 816 2656 uniusquisque
836 2570 965 2638 vestrim
986 2557 1132 2653 debonat
1154 2571 1235 2636 bona
1256 2595 1338 2638 meros
1357 2575 1423 2638 suis

356 2657 492 2724 mnnibus
501 2659 621 2743 streis.
664 2659 701 2724 Si
721 2679 806 2743 quem
827 2658 934 2736 libido,
950 2660 980 2722 si
986 2658 1087 2743 furor
1108 2659 1143 2724 in
1165 2660 1251 2724 illmn
1267 2660 1424 2744 gurgitem

355 2743 506 2828 abripuit,
522 2745 643 2809 illonem
657 2765 734 2822 eum,
748 2765 813 2808 cum
827 2745 934 2830 quibus
949 2745 982 2808 in
993 2765 1079 2808 omne
1079 2747 1245 2834 flagitium
1257 2755 1288 2809 et
1287 2747 1424 2832 sacirrus
1537 2735 1538 2807 l

355 2831 539 2917 corporavit,
551 2851 611 2895 non
624 2829 835 2915 sunmjudicet
849 2853 920 2896 esse.
963 2829 1015 2896 Ne
1024 2833 1097 2915 'quis
1111 2833 1203 2897 etiam
1217 2853 1322 2896 errore
1332 2831 1424 2896 laba·

354 2926 418 2998 tur,
433 2916 561 2983 ormnlm
583 2937 699 3004 quoque
719 2937 780 2981 non
802 2937 866 2982 nun
886 2937 1013 2982 securus.
1036 2918 1118 2981 nibil
1139 2919 1219 2984 enirn
1240 2920 1275 2982 in
1295 2921 1425 3004 speciem

345 3005 501 3090 jbllocius
514 3013 568 3080 est,
584 3025 674 3088 quom
692 3024 795 3086 prauo
816 3005 937 3088 religio.
987 3003 1047 3068 Ubi
1060 3005 1197 3068 Deorum
1212 3025 1320 3084 numen
1334 3015 1425 3090 pra·

320 3077 330 3230 ‘³
357 3092 496 3156 tenditur
508 3089 676 3166 sceleribu.
690 3090 770 3154 subit
783 3091 918 3162 animum
932 3089 1036 3170 timor,
1049 3112 1088 3154 ne
1095 3089 1269 3176 fraudibus
1282 3093 1425 3156 moronis

256 3187 260 3194 “
320 3231 323 3246 ,
357 3179 554 3242 vindicandis
567 3177 669 3241 diuini
679 3174 768 3259 juris
787 3177 911 3260 aliquid
924 3177 1084 3240 inmixtum
1097 3178 1248 3242 violemus.
1283 3177 1357 3244 Hae
1371 3200 1426 3244 uos

319 3250 325 3290 ¹
358 3266 508 3349 religione
535 3261 774 3328 innumerabilia
799 3264 920 3328 bermo
943 3265 1131 3348 pontificum,
1153 3267 1424 3344 senatusconsulta,

357 3353 531 3434 omspimcm
553 3351 683 3434 denique
706 3369 853 3432 responso
878 3349 1022 3413 liberant.
1072 3351 1196 3424 Quoties
1217 3352 1274 3414 boc
1295 3362 1424 3434 patrum

357 3457 541 3522 armumque
560 3445 653 3500 atate
673 3437 825 3520 negotium
839 3444 883 3499 est
903 3435 1263 3520 magistratibusdatum,
1277 3447 1313 3500 ut
1332 3459 1425 3502 saera

359 3523 567 3606 esternafieri
576 3521 1425 3608 vetarentsoorpiculosootesquesoro,oir·co,'urbepro·
1535 3599 1536 3606 ἵ

357 3607 507 3686 biberent,
522 3609 672 3677 uaticinos
688 3607 782 3675 libros
795 3609 1007 3694 conquirerent
1024 3603 1295 3695 comburrentque,
1309 3632 1425 3676 ortuum

392 3815 423 3862 64
439 3799 483 3859 Ad
501 3814 635 3864 mononem
658 3811 773 3878 mamert]
799 3816 879 3864 Aliud
904 3831 950 3880 ‚nee
960 3818 1100 3866 mmmm:
1115 3819 1242 3868 manifesto
1252 3820 1347 3876 neoto,
1359 3822 1425 3882 quoe

360 3885 404 3936 est,
416 3877 496 3940 inquit
506 3879 567 3926 idem
579 3881 680 3960 G0¹¹lJ¹⁸r
691 3877 792 3960 exin.
803 3897 825 3930 e.
837 3888 875 3930 15.
907 3884 1053 3946 reduguont
1065 3891 1091 3931 et
1103 3885 1221 3933 vetustius
1237 3886 1297 3946 οωί,
1308 3891 1334 3934 et
1350 3886 1424 3934 ordea

360 3947 684 4074 ᾖτ.Ἢαὲιιῗ’ρᾜὲ
690 3948 876 4074 ⁶:22me
908 3949 973 4062 meets·
989 4012 1049 4062 dam
1064 4015 1144 4076 majue
1155 4022 1200 4074 eet,
1215 4029 1287 4078 quam
1297 4024 1325 4064 ut
1340 3995 1427 4078 imm

358 4091 420 4138 gere
431 4077 616 4139 quidpcpulnm,
625 4077 687 4140 quod
693 4077 877 4138 suffragiiesuis
909 4080 937 4128 id
947 4080 1045 4142 priuata
1053 4081 1158 4141 fortuna
1174 4080 1264 4144 poerit]
1282 4083 1335 4130 lum
1346 4083 1426 4141 nujus

354 4139 450 4203 jubeat,
461 4148 591 4189 antoetetr
604 4143 824 4190 mrrdonemautem
836 4144 879 4192 lna·
903 4152 955 4202 est,
967 4159 1037 4204 quum
1054 4155 1083 4192 ut
1100 4147 1246 4207 privatorum
1263 4153 1357 4194 turtum
1377 4147 1427 4194 ior·

362 4207 424 4266 bere,
434 4215 469 4254 est
481 4207 550 4254 uerbo
560 4208 646 4268 sarcre
657 4207 690 4254 orl
702 4208 816 4270 populum
825 4211 878 4257 sine
910 4210 976 4258 tuni·
986 4213 1145 4262 convellendis
1155 4225 1184 4260 ιο
1197 4211 1365 4262 lmetnetarsi·
1376 4227 1428 4260 seue

360 4271 410 4319 ulla
420 4273 551 4334 rogatione.
910 4275 1039 4324 continent.

394 4341 424 4384 to
444 4335 587 4404 Voluerunt]
611 4339 770 4389 Grooorinnor
794 4338 877 4387 editio·
