3042 4954
245 125 248 132 ’
326 170 366 229 ao
700 145 811 230 rrri
841 169 979 230 nrvrr

165 333 197 390 tt.
207 343 235 392 c.
246 349 302 396 tes.
327 331 474 419 amplecti
488 333 628 398 hostium
643 331 742 398 aciem
758 333 859 420 (quod
873 335 909 398 in
921 331 1127 399 multitudine
1145 332 1297 398 adsersus
1309 349 1394 416 pau·

164 410 195 456 ⁸·
205 411 233 458 ⁰·
246 417 301 462 ²⁰⁰·
315 439 380 502 cos
394 419 484 484 facile
497 420 675 501 videbatur)
693 421 799 486 conati
812 433 895 488 sunt.
940 421 979 486 Id
994 420 1049 484 ubi
1072 419 1150 484 vidit
1165 431 1292 504 praetor,
1309 429 1394 483 utet

326 507 394 591 ipse
409 505 555 570 dilataret
570 509 682 587 aciem,
699 507 777 572 duas
791 507 932 595 legiones
945 529 987 572 ex
1004 506 1151 571 subsidiis
1164 506 1281 572 dextra
1295 506 1392 569 loevs-

327 613 389 677 quc
403 592 473 671 alae,
490 615 562 680 quae
577 594 609 656 in
631 596 735 678 prima
755 594 822 658 acie
843 593 1017 678 pugnabat,
1032 593 1219 670 circumdat,
1234 592 1393 657 ⁹1aedem·

327 700 389 763 que
414 679 488 744 Deo
507 680 579 744 Jori
605 681 700 759 vovit,
717 681 743 744 si
756 701 795 744 eo
820 679 873 744 die
894 682 996 744 hostes
1021 679 1164 744 fudisset.
1208 681 1245 742 la.
1262 678 1395 744 Valerio

326 765 474 850 imperat,
489 765 515 806 ⁹²
527 778 561 830 ut
575 781 665 851 parte
683 766 819 831 duarum
842 766 1005 853 legionum
1028 767 1160 852 equites,
1177 765 1276 830 alters
1288 764 1394 828 socio-

326 871 399 916 rum
414 853 590 940 equitatum
605 853 638 916 in
654 875 775 918 cornua
791 854 929 917 hostium
945 855 1080 933 emittat,
1095 873 1153 918 nec
1166 852 1395 916 ”circumiret
1462 895 1471 936 3

217 929 220 946 '
327 952 381 1003 eos
407 941 505 1003 aciem
530 939 678 1024 patiatur.
707 939 798 1003 simul
815 950 846 1003 et
870 939 946 1024 ipse,
969 953 1003 1004 ut
1025 953 1227 1004 extenuatam
1254 939 1393 1003 mediam

327 1024 472 1090 deductis
490 1025 639 1096 cornibus
660 1027 761 1090 aciem
777 1025 943 1091 Gallorum
967 1026 1055 1104 vidit,
1070 1025 1162 1114 signa
1183 1024 1300 1090 inferre
1316 1045 1398 1088 con-

210 1120 221 1144 s
327 1112 424 1177 ferto's
438 1111 563 1192 milites,
579 1125 612 1176 et
632 1133 839 1198 perrumpere
862 1112 991 1178 ordines
1010 1112 1114 1199 jubet.
1136 1129 1139 1142 ·
1159 1111 1203 1176 Et
1218 1133 1337 1176 cornua
1351 1110 1396 1176 ab

327 1198 497 1286 equitibus,
513 1212 545 1264 et
566 1200 661 1263 medii
682 1223 702 1264 a
722 1199 829 1286 pedite
849 1197 942 1286 pulsi.
959 1221 996 1263 ac
1017 1212 1157 1284 repente,
1178 1218 1278 1285 quum
1303 1199 1396 1262 omni

328 1298 418 1370 parte
432 1284 521 1350 caede
542 1286 673 1370 ingenti·
685 1297 910 1365 sternerentur,
927 1286 1015 1351 Galli
1036 1299 1125 1374 terga
1146 1297 1285 1363 vertunt,
1300 1283 1393 1369 fuga·

328 1391 390 1458 que
405 1371 504 1436 effusa
518 1381 667 1458 repetunt
688 1384 800 1437 castra.
824 1371 980 1474 fugientes
999 1385 1182 1458 persecutus
1197 1393 1302 1458 eques,
1318 1391 1396 1436 mox

326 1471 360 1523 et
375 1459 513 1546 legiones
529 1459 679 1523 insecutae
694 1459 727 1522 in
742 1473 845 1523 castra
864 1471 1007 1544 inpetum
1029 1458 1182 1524 iecerunt.
1206 1457 1318 1522 Minus
1337 1479 1396 1522 sex

327 1544 427 1609 millia
457 1545 621 1610 hominum
651 1545 726 1611 inde
754 1545 945 1634 effisgerunt.
968 1565 1050 1610 caesa
1075 1552 1148 1610 aut'
1175 1557 1269 1631 capta
1297 1563 1398 1629 supra

328 1631 470 1718 quinque
485 1643 517 1700 et
531 1633 661 1718 triginta
675 1631 776 1696 millis
790 1653 862 1697 cum
885 1632 983 1720 signis
1005 1631 1196 1697 militaribus
1211 1631 1398 1718 septuagin-

327 1731 390 1797 ta·,
405 1719 562 1803 carpentis
578 1718 723 1798 Gallicis,
738 1718 838 1784 multa
856 1719 967 1804 proeda
986 1719 1134 1797 oneratis,
1151 1719 1223 1804 plus
1238 1717 1396 1783 ducentis.

330 1803 500 1869 Hamilcar
514 1805 580 1869 dux
596 1805 716 1870 Poeuus
731 1825 770 1869 eo
784 1805 900 1890 proelio
914 1805 1038 1884 cecidit,
1055 1818 1086 1870 et
1107 1818 1171 1869 tres
1186 1806 1398 1889 imperatores

327 1889 450 1954 nobiles
465 1890 643 1954 Gallorum.
690 1889 868 1956 Placentini
887 1892 1003 1978 captivi
1024 1891 1065 1957 ad
1084 1892 1150 1956 duo
1165 1891 1264 1956 millia
1278 1889 1397 1956 libero-

329 1997 400 2041 rum
415 1977 554 2061 capitum
570 1977 686 2042 redditi
702 1977 831 2042 colonis.

373 2063 494 2128 XXlI.
517 2065 640 2152 Magna
654 2065 787 2129 victoris
807 2065 944 2150 laetaque
967 2064 1082 2129 Romae
1102 2063 1171 2130 fuit.
1193 2062 1293 2128 literis
1307 2062 1398 2127 adla-

328 2148 381 2226 tis,
395 2147 584 2235 supplicatio
598 2151 631 2214 in
647 2150 789 2215 triduum
804 2151 932 2216 decreta
952 2163 1008 2215 est.
1056 2152 1276 2216 Romanorum
1292 2150 1397 2213 socio-

327 2257 464 2322 rumque
478 2237 520 2300 ad
534 2236 599 2301 duo
612 2237 758 2302 milliaco
773 2238 891 2322 proeliu
906 2236 1102 2302 ceciderunt:
1125 2237 1254 2322 plurimi
1269 2237 1398 2301 dextrae

326 2325 398 2400 alae,
414 2323 448 2387 in
470 2341 567 2410 quam
590 2324 695 2408 primo
714 2324 824 2410 inpetu
847 2327 892 2389 ris
919 2326 1031 2412 ingens
1056 2323 1197 2390 hostium
1218 2321 1316 2389 inlata
1338 2335 1398 2389 est.

327 2410 534 2496 Quamquam
557 2432 617 2495 per
641 2423 813 2497 praetorem
836 2428 938 2496 prope
963 2411 1154 2476 debellatum
1181 2422 1259 2486 erat,
1280 2411 1399 2474 consul

328 2517 455 2585 quoque
478 2497 517 2563 Ο.
533 2498 691 2576 Aurelius,
706 2498 864 2584 perlectis,
882 2519 954 2584 quae
979 2498 1092 2562 Romae
1113 2493 1237 2583 agenda
1257 2496 1396 2575 fuerant,

329 2588 490 2671 proiectus
503 2585 537 2647 in
558 2584 709 2662 Galliam,
732 2583 883 2650 victorem
907 2585 1081 2650 exercitum
1107 2607 1127 2648 a
1145 2595 1285 2669 praetore
1307 2605 1400 2648 acce-

165 2676 320 2724 assumere.
327 2673 387 2756 pit.
432 2669 554 2735 Consul
579 2670 669 2747 alter,
685 2691 784 2757 quum
803 2685 957 2748 autumno
971 2669 1070 2736 ferme
1089 2680 1205 2735 exacto
1220 2669 1253 2732 in
1267 2671 1415 2755 provin-¹

330 2757 412 2822 ciam
436 2757 580 2834 venisset,
596 2760 681 2822 circs
703 2756 909 2843 Apolloniam
930 2756 1128 2822 hibernabat.
1143 2755 1186 2821 ah
1199 2755 1307 2834 classe,
1323 2777 1400 2842 quse

333 2844 486 2931 Corcyrae
500 2843 659 2909 subducta
680 2857 757 2922 erat,
775 2842 814 2909 C.
825 2842 979 2909 Claudius
1001 2844 1145 2908 triremes
1168 2866 1209 2907 ue
1224 2843 1397 2920 Romanae,

167 2925 270 2977 Alma
283 2929 323 2976 ‘³²-
333 2932 429 3018 (sicut
442 2943 516 2996 ante
530 2930 652 2995 dictum
667 2933 726 3013 est)
743 2930 887 2996 Athenas
901 2931 1014 3008 missae,
1031 2951 1129 3016 quum
1180 2932 1310 2994 iraeeum
1325 2951 1401 3016 per-

166 2996 247 3044 ¹⁶¹¹⁸²
332 3019 500 3094 venissent,
516 3017 788 3101 despondentibus
797 3018 865 3103 jam
880 3017 1003 3081 animos
1024 3016 1116 3084 sociis
1131 3037 1218 3102 spem
1233 3015 1400 3104 ingentem

331 3104 523 3170 adtulerunt.
540 3125 613 3166 nam
636 3114 668 3167 et
689 3114 851 3168 terrestres
873 3103 914 3167 ab
936 3101 1106 3181 Corintho,
1122 3125 1195 3190 quae
1210 3124 1268 3187 per
1284 3101 1402 3190 Mega·

329 3213 400 3256 ram
426 3189 622 3256 incursiones
637 3189 669 3252 in
685 3211 782 3277 agros
794 3188 864 3252 fieri
879 3188 981 3254 solitae
1003 3202 1106 3271 erant,
1120 3210 1187 3254 nou
1206 3189 1345 3266 fiebantt
1367 3201 1402 3256 et

330 3278 523 3364 praedonum
537 3299 558 3341 a
572 3273 728 3340 Chalcide
743 3297 848 3354 naves,
861 3298 934 3363 quse
948 3297 1014 3340 non
1026 3297 1114 3342 mare
1125 3277 1227 3342 solum
1237 3275 1404 3359 infestum,

331 3363 387 3432 sesl
410 3365 507 3434 etum
533 3383 642 3428 omnes
667 3362 844 3428 maritimos
869 3383 962 3450 agros
981 3362 1227 3430 Atheniensibus
1246 3361 1401 3443 fecerant,

334 3473 399 3516 non
420 3448 518 3514 modo
542 3448 677 3514 Sunium
700 3470 860 3535 superare,
875 3448 931 3514 sed
955 3469 1014 3514 nec
1036 3462 1127 3515 extra
1148 3447 1265 3514 fretum
1284 3447 1403 3536 Euripi

405 3589 691 3638 tcircamoeas'retlrou.
787 3590 922 3638 *etGrosu
934 3589 1003 3638 cres.
1100 3593 1110 3622 ¹
1127 3590 1251 3653 actogs'm
1260 3589 1327 3639 Eud.

366 3697 396 3742 st
415 3689 548 3752 AEdessqee
568 3689 610 3736 deo
628 3686 700 3754 Just]
734 3691 851 3739 tiendum
883 3705 912 3740 co
933 3691 998 3739 bello
1018 3692 1112 3742 rosisu
1134 3696 1286 3742 moratur.
1319 3691 1403 3740 Possis

334 3755 500 3805 iststiuross
511 3755 645 3816 deaqusur
655 3757 782 3816 adiungere
792 3755 852 3804 Jous'
884 3771 979 3818 quoque
1004 3771 1058 3805 auus
1087 3759 1163 3806 licus.
1183 3758 1287 3821 ¹valesio
1309 3758 1402 3818 legere:

334 3821 434 3871 omuino
448 3833 647 3882 supervacaneum
663 3828 708 3870 est.
741 3821 852 3880 Sigonius
883 3823 1002 3885 edemus
1012 3823 1108 3885 Ds'jovs'.
1139 3824 1236 3884 Jupiter
1252 3823 1317 3870 anim
1327 3823 1408 3884 Ds'je-

334 3886 571 3949 amendatoresque
585 3887 644 3934 duas
661 3886 728 3935 dori.
761 3889 852 3936 Revera
883 3890 921 3936 ss'e
936 3895 961 3937 et
971 3889 1098 3950 Diespiter
1107 3889 1254 3950 abantiquis
1264 3889 1397 3936 dicebatur.

242 4011 247 4024 .
334 3953 399 4001 snitu
419 3952 510 3999 ursatio
526 3953 555 3998 fit
573 3953 644 4006 iufra.
661 3953 679 4001 l.
694 3953 817 4001 XXXIV.
830 3970 852 4003 c.
916 3959 947 4004 92
967 3953 1001 4001 Ut
1016 3950 1099 4016 parts]
1124 3955 1160 4002 Ut
1179 3954 1210 4002 sb
1229 3954 1304 4002 altars
1324 3957 1404 4016 paria

335 4025 376 4067 ta.
387 4017 459 4065 auius
469 4018 527 4065 sadis
538 4018 651 4065 dedicstss
660 4019 717 4066 lovi
727 4018 851 4078 ininsula,
883 4019 918 4066 lit
938 4019 1053 4066 relicuus
1074 4031 1125 4067 που
1146 4021 1284 4068 sustulisset
1305 4020 1404 4068 Grcuo·

335 4097 389 4146 que
407 4087 465 4132 vota
483 4083 556 4131 inisse
575 4084 663 4132 ibidem
683 4085 771 4132 dicitur
789 4099 804 4133 s
824 4085 852 4133 1..
883 4085 937 4132 rius
949 4083 976 4132 el
993 4086 1079 4144 alteru
1091 4087 1154 4146 quud
1165 4086 1364 4144 sditilssbebsnt,
1377 4091 1406 4134 et

336 4151 410 4199 Furio
437 4149 590 4210 Purpuream
623 4155 734 4211 pretore,
759 4151 852 4198 Gallico
885 4149 1042 4198 necessarium
1057 4149 1160 4210 ridetur,
1173 4153 1229 4199 licet
1243 4151 1328 4212 scripti
1337 4151 1403 4213 sius,

334 4217 414 4270 bellos
430 4228 459 4263 sc
468 4224 549 4263 rursus
560 4217 577 4263 l.
588 4217 694 4264 XXXV.
706 4231 727 4263 c.
744 4222 784 4264 st.
795 4216 852 4263 edis
884 4220 909 4263 et
920 4215 1013 4263 Victor.
1024 4227 1119 4276 quoque
1129 4218 1199 4276 liber,
1211 4217 1269 4265 illud
1280 4217 1404 4279 ignorent.

335 4282 449 4330 dedicatas
464 4281 520 4329 «leri
538 4283 564 4328 in
582 4282 713 4344 Capitolio,
724 4295 795 4342 qussn
812 4281 852 4327 iti·
917 4288 948 4330 93
967 4277 1111 4346 Cirsams‘re]
1122 4281 1162 4332 Sis
1177 4281 1259 4346 scripti
1274 4292 1405 4334 sensnm

336 4349 389 4396 desa
403 4347 430 4396 1..
439 4347 525 4395 Furius
536 4350 656 4410 Purpureo
672 4350 760 4409 praetor
776 4346 852 4396 Galli·
883 4345 964 4408 Vulgo
975 4349 1152 4396 ammanite.
1225 4383 1228 4392 .
