3042 4954
351 177 391 242 ts
736 175 849 240 rrrr
879 172 1015 270 nrvrr

190 363 327 416 nossa
352 365 475 412 morum
500 358 681 432 pugnasque
708 340 793 409 hosti
821 341 924 426 aptius
953 355 1029 408 arat.
1046 303 1119 406 ⁸uhi
1143 337 1277 413 conhrti
1302 343 1411 410 hastas

189 429 260 480 Ml·
273 434 326 480 ¹⁹⁸·
350 429 485 518 ingentis
510 427 714 514 longitudinis
736 450 804 513 prae
826 451 859 491 se
881 427 1077 496 Macedones
1097 429 1296 518 objecissent,
1318 432 1409 496 velut

236 565 239 574 ‹
349 517 383 582 in
412 527 624 580 constructam
653 515 807 582 densitate
832 514 1005 599 clipeorum
1034 516 1222 581 testudinem
1254 515 1406 595 Romani,

346 601 420 688 pilis
434 601 645 701 nequidquam
658 600 790 678 emissis,
808 621 909 700 quum·
927 601 1123 670 strinxissent
1140 601 1280 688 gladium
1301 623 1409 690 nequa

347 687 500 775 congredi
522 688 665 772 propius,
691 709 794 772 neque
816 685 987 770 praecidere
1009 686 1114 752 hastas
1132 699 1298 770 poterent:
1318 703 1361 769 et,
1378 692 1408 754 si

172 771 178 790 ¹
258 827 262 830 .
347 788 442 858 quas⁸
468 773 663 851 incidissent,
692 787 749 836 aut
782 771 1024 860 praefregissent,
1054 771 1198 839 hastilia*
1224 773 1411 860 fragmento

319 1073 321 1078 ·
345 1031 803 1184 qpetrttaprmstabntlaterar
827 1053 886 1094 nee
906 1052 948 1095 ex

347 860 418 944 ipso
437 872 542 942 acuto,
563 859 645 924 inter
664 858 784 943 spicula
802 861 996 946 integrarum
1017 859 1188 937 hastarum,
1203 859 1326 948 ⁷⁰relut
1337 862 1410 926 val-

345 945 414 1012 lum
427 946 621 1031 explebant¹.
665 944 718 1009 Ad
733 944 796 1010 hoc
812 957 845 1009 et
862 945 946 1008 muri
965 967 1040 1094 pars
1059 945 1165 1050 adhue
1179 947 1303 1035 integra
1316 959 1410 1013 utra-

392 1141 434 1196 m,
448 1131 504 1190 aut
521 1121 645 1204 inpetus
664 1117 825 1182 feemndns
846 1128 933 1192 erata
954 1034 1409 1202 qdbghehplhldbehbtocrllidbs

345 1204 438 1270 solet.
471 1205 623 1270 'Accessit
635 1205 732 1268 ctiam
746 1203 874 1270 fortuita
888 1225 937 1266 res
950 1204 991 1266 ad
1007 1205 1131 1267 animos
1145 1227 1256 1268 eorum
1270 1206 1410 1270 firman·

345 1289 413 1357 dns.
435 1313 509 1356 nam
523 1313 622 1378 quum
636 1293 732 1355 turris
746 1311 803 1375 per
816 1309 964 1376 aggerem
978 1310 1092 1374 perum
1111 1290 1235 1354 densati
1256 1292 1313 1356 soli
1329 1315 1408 1380 age-
1507 1363 1508 1366 Ἴ

344 1390 443 1456 retur,
459 1391 529 1442 rota
542 1399 607 1446 una
628 1378 662 1448 in
676 1376 821 1444 altiorem
839 1375 976 1440 orbitam
991 1377 1137 1460 depressa
1159 1377 1202 1440 ita
1222 1379 1334 1442 turrim
1351 1381 1406 1442 in-

344 1462 482 1540 eliberit,
495 1478 533 1529 nt
556 1465 691 1550 speciem
714 1462 839 1544 ruentis
856 1461 1006 1540 hostibus,
1028 1464 1330 1550 trepidationemque
1351 1463 1407 1528 in-

343 1571 451 1616 sanam
466 1546 718 1636 srqrerstantibus
731 1548 860 1612 armatis
873 1547 1057 1632 praebuerit.

351 1679 356 1684 -
386 1635 520 1704 xv111.
543 1636 654 1714 Quum
675 1657 788 1722 parum
809 1633 981 1720 quidquam
1003 1633 1190 1711 succederet,
1208 1635 1317 1699 consul
1340 1637 1406 1700 mi·

342 1723 429 1788 ninre
445 1741 541 1810 aequo
564 1723 671 1786 animo
694 1720 961 1805 comparationem
990 1720 1124 1786 militum
1149 1722 1273 1808 generis
1294 1743 1407 1788 armo-

342 1830 478 1894 rumque
500 1807 789 1908 fieri-pariebatur:
813 1805 906 1869 simul
930 1827 987 1870 nec
1012 1819 1168 1872 maturam
1194 1811 1407 1897 expugnandi

341 1916 441 1980 spem,
455 1917 516 1958 nec
529 1905 683 1958 renonem
697 1891 808 1976 procul
823 1914 842 1958 a
857 1891 936 1956 rnari
950 1904 982 1955 et
995 1891 1029 1955 in
1044 1893 1189 1957 evastatis
1207 1893 1281 1957 balli
1303 1891 1408 1960 cladi-
1507 1943 1508 1954 ,

180 1977 316 2040 notanus
341 1980 401 2045 bns
426 1980 503 2052 Inois
528 1979 716 2046 hibernandi
741 1977 837 2041 ullam
861 1977 1019 2042 censebat.
1052 1979 1157 2064 itaque
1181 1978 1291 2048 relicta
1314 1981 1407 2045 obsi-

160 2057 295 2129 .⁸¹’¹‘⁰⁰¹·
341 2065 447 2144 dione,
470 2066 545 2152 qaia
567 2065 674 2130 nullus
698 2064 732 2128 in
757 2075 826 2128 tota
851 2063 1041 2132 Acarnania
1070 2077 1165 2152 atque
1186 2067 1317 2130 AEtoliae
1342 2090 1405 2133 ora

340 2165 451 2236 portus
463 2163 543 2228 erat,
558 2152 613 2236 qui
634 2150 727 2218 simul
741 2165 773 2214 et
786 2171 896 2214 omnes
915 2150 1085 2228 onerarias,
1100 2173 1174 2236 quae
1186 2166 1404 2222 commeatum

340 2238 495 2308 exercitui
520 2235 699 2323 portabant,
720 2249 856 2319 caperet,
876 2249 909 2300 et
929 2239 1013 2301 tecta
1034 2237 1076 2300 ad
1096 2235 1326 2307 hibernandum
1354 2241 1405 2304 le.

179 2322 490 2411 mnrarsuaptonibu·
511 2323 679 2409 praeberet,
694 2322 881 2424 ”Anticyra
905 2323 939 2387 in
964 2322 1114 2399 Phocide,
1136 2324 1170 2388 in
1195 2325 1403 2394 Corinthium
1507 2353 1508 2362 ¹

180 2401 302 2512 ζώω
342 2431 431 2478 versa
445 2411 560 2487 sinum,
576 2409 618 2474 ad
636 2409 949 2495 idopportunnsime
970 2410 1127 2474 sitavisa:
1150 2411 1227 2496 quia
1245 2432 1304 2476 neo
1321 2433 1404 2496 pro·
1507 2473 1508 2484 2

208 2471 263 2528 μ’·
341 2495 395 2562 eul
424 2495 588 2564 Thessalia
613 2495 816 2580 hostiumque
844 2495 923 2558 lonis
950 2495 1099 2571 abibant;
1134 2509 1167 2560 et
1195 2519 1236 2562 err
1266 2497 1404 2564 adverso
1507 2489 1508 2516 ¹

342 2581 597 2668 Peloponnesum
610 2581 729 2668 exiguo
751 2583 844 2646 maris
861 2582 967 2666 spatio
979 2579 1122 2657 divisam,
1138 2581 1179 2648 ab
1201 2595 1249 2648 ter
1270 2605 1291 2647 o
1304 2584 1403 2652 AEto-

339 2667 414 2732 liam
441 2668 729 2754 Acarnaniamque,
752 2669 793 2734 ab
811 2666 961 2731 lateribus
976 2667 1147 2736 Locridem
1169 2673 1224 2732 ac¹⁸
1239 2605 1400 2742 licentiam

338 2752 510 2822 habebunt.
557 2753 707 2820 Phocidis
727 2753 830 2838 primo
852 2753 962 2837 inpetu
990 2753 1186 2818 Phanoteam
1208 2755 1275 2820 sine
1297 2769 1403 2828 certa·

339 2843 427 2906 mine
446 2840 538 2928 oepit
584 2840 739 2927 Anticyra
760 2839 844 2940 haud
865 2839 1000 2906 multum
1017 2839 1054 2940 in
1076 2840 1291 2927 obpugnando
1312 2863 1402 2926 prae-
1507 2847 1508 2850 ’

339 2927 532 2993 bnitmorae.
575 2928 753 3012 Ambrysus
763 2926 838 2990 rnde
850 2925 1102 3012 Hyampolisque
1116 2941 1273 3026 receptae.¹
1305 2928 1403 2997 Dau-
1507 2953 1508 2962 ¹

338 3012 386 3092 lia,
403 3014 478 3101 quia
492 3015 524 3079 in
539 3013 662 3078 tumulo
687 3011 810 3076 excelso
831 3011 892 3075 sita
904 3026 962 3089 est,
976 3034 1036 3076 nac
1055 3013 1155 3088 scalis,
1172 3034 1231 3081 nee
1246 3015 1402 3100 operibus

338 3101 410 3186 aspi
438 3114 573 3186 poterat.
604 3097 784 3162 lacessendo
811 3097 979 3162 missilibus
1007 3120 1071 3174 eos,
1101 3099 1155 3186 qai
1185 3102 1217 3162 in
1247 3101 1403 3184 prasidio
1507 3157 1508 3160 ,

337 3197 438 3262 arant,
454 3207 553 3272 quum
567 3183 608 3247 ad
622 3184 824 3248 excursiones
842 3183 1031 3262 elicuissent,
1049 3183 1233 3272 refugiendo
1247 3186 1280 3250 in
1295 3186 1400 3255 vicem

337 3271 609 3358 insequendoque,
639 3279 671 3334 et
698 3269 819 3340 levibus
847 3271 915 3340 sine
945 3269 1057 3338 effectu
1095 3271 1327 3346 certaminibus,
1356 3297 1400 3338 eo

336 3357 546 3446 neglegentiae
560 3367 592 3420 et
606 3368 784 3422 contemtus
798 3355 1007 3433 adduxerunt,
1024 3370 1059 3422 ut
1079 3376 1151 3420 curn
1168 3355 1401 3446 refugientibus

215 3439 219 3446 ’
337 3445 371 3507 in
395 3456 521 3530 portem
546 3442 694 3528 permixti
721 3443 861 3544 inpetum
891 3443 1028 3512 Romani
1052 3440 1201 3509 iacerent.
1247 3445 1311 3508 Sex
1333 3441 1399 3518 alia

337 3527 491 3616 ignobilia
512 3527 639 3599 castella
658 3527 808 3600 Phocidis
832 3541 953 3608 terrore
978 3529 1088 3617 magis,
1109 3551 1205 3614 quam
1230 3529 1337 3607 ermis,
1358 3531 1396 3604 in

337 3624 523 3701 potestatem
538 3628 699 3682 venerunt.
745 3615 851 3681 Elatia
863 3615 975 3683 clausit
989 3629 1114 3701 portast
1138 3637 1204 3690 nec.
1220 3617 1280 3683 nisi
1295 3617 1325 3680 vi
1341 3639 1397 3682 co-

348 3774 476 3834 ·lqsans
487 3773 560 3819 Gron·
574 3774 641 3820 crev-
708 3770 817 3820 hhaettte
827 3774 893 3821 IInrd.
956 3764 1160 3833 leaptetarnaed.
1224 3769 1350 3820 kerhart.

366 3906 423 3954 ⁸10*
432 3904 504 3952 Velut
523 3906 612 3953 adnm
633 3900 752 3966 aptabat]
785 3901 851 3950 Valli·
879 3902 940 3958 vius,
950 3903 966 3948 l.
976 3902 1150 3948 XXVl.c.96.
1160 3901 1186 3946 io
1198 3901 1295 3947 leonide
1305 3903 1395 3962 posuit.

336 3970 433 4018 nomine
447 3971 555 4027 damnat
565 3971 645 4020 Liuius
661 3977 779 4031 porrectas
796 3970 848 4014 Ma-
880 3967 926 4014 Sed
937 3968 1047 4014 nimirum
1060 3969 1118 4013 fines
1130 3966 1239 4012 Phocidir
1251 3971 1276 4012 et
1287 3967 1393 4013 Locridis

336 4037 451 4086 cndonmn
468 4037 570 4091 Imtmns,
588 4050 640 4095 quae
657 4032 723 4082 relnt
743 4033 806 4080 varro
823 4048 848 4079 a·
879 4033 909 4079 ad
920 4033 991 4079 maris
1005 4045 1069 4078 oram
1084 4035 1144 4077 sunt
1158 4031 1284 4078 mnodum
1300 4033 1395 4078 ramni.

336 4101 395 4149 οἵου
416 4103 510 4152 Illorum
530 4101 658 4161 sepiebant.
691 4100 789 4146 Vallum
806 4112 849 4144 au·
880 4099 947 4144 Hine
965 4098 1007 4143 ills
1023 4097 1195 4154 inconstantm,
1208 4101 1233 4143 et
1249 4099 1395 4144 inversorum

334 4170 384 4216 tem
403 4169 463 4214 snae
479 4179 509 4213 es
526 4166 618 4212 labatur
638 4165 709 4212 etiam
729 4177 770 4224 per
791 4177 850 4210 con·
879 4168 1002 4210 auctorum
1019 4162 1085 4208 inter
1098 4176 1132 4220 se,
1150 4175 1212 4222 sepe
1231 4162 1303 4209 etism
1319 4161 1393 4208 nnius

335 4233 383 4279 cist
394 4227 496 4282 fraciam
508 4181 611 4287 hostillo,
622 4229 657 4275 ita
667 4235 695 4275 nt
707 4230 767 4276 nibil
783 4229 807 4274 In
819 4243 848 4276 eo
879 4227 982 4276 samarit
992 4241 1072 4273 seeum
1082 4227 1134 4288 ipso
1150 4241 1236 4290 pugna.
1270 4228 1326 4274 Vld.
1339 4229 1395 4273 Oel-

335 4299 412 4354 racuI,
422 4297 481 4343 nihi}
491 4297 579 4341 brenti·
590 4303 632 4340 aut
643 4296 727 4354 apertl,
739 4299 808 4341 esset.
880 4295 921 4343 ins.
932 4295 1067 4356 Geogmph.
1079 4293 1194 4354 Antiquae
1204 4295 1218 4340 h
1232 4293 1263 4339 ll.
1276 4307 1296 4340 c.
1310 4297 1349 4338 1⁸.

367 4368 395 4412 tt
414 4363 535 4422 Anticyra
555 4362 581 4406 in
597 4357 713 4424 Phocide]
729 4361 787 4408 Enna
809 4356 848 4405 Li·
1207 4365 1209 4374 '
