3042 4954
453 169 548 229 ΗΒ.
575 165 692 228 xxxt.
719 169 820 228 CAP.
842 169 908 230 XV.
1170 178 1206 232 15

132 355 184 412 eo,
199 332 342 414 nudatis
358 331 576 399 Macedonum
599 332 735 413 auxiliis,
750 333 869 400 bellum
890 355 925 399 se
940 331 1056 398 inferre
1072 331 1351 404 hulieni-nessi.

134 423 264 487 ensibus
291 434 468 507 pateretur.
513 419 581 484 Hic
604 423 769 500 eaercitus,
794 422 900 506 primo
925 435 1042 486 terram
1066 421 1351 486 atnam-2⁰⁰·

136 507 225 574 ferro
250 509 384 596 ignique
412 505 634 594 depopulatus,
657 529 734 573 cum
758 508 862 572 omnis
885 508 1009 594 generis
1038 505 1148 592 praeda
1172 507 1206 571 in

138 595 357 662 Acarnaniam
387 595 498 659 rediit:
522 607 555 658 et
578 593 714 660 irritatio
742 596 923 660 animorum
949 617 989 659 ea
1012 594 1116 680 prima
1138 592 1205 658 fuit

136 695 248 770 postea
262 681 289 722 ⁶⁹
295 683 421 769 justum
449 680 569 745 bellum
595 681 731 747 decretis
760 682 895 746 civitatis
922 684 1009 746 ultro
1038 680 1209 746 indicendo

134 769 268 834 factum.
314 768 444 836 Attalus
466 768 550 832 enim
574 789 632 832 rex
654 767 848 854 Rhodiique,
864 767 1072 852 ⁷⁰pemscuti¹
1091 767 1313 832 deden-auara·

133 861 199 921 tem
215 857 252 920 in
276 854 506 920 Macedoniam
529 853 727 940 Philippum,
743 875 841 941 quum
858 853 1010 942 AEginam
1034 845 1326 930 venissennttlfflis

134 965 195 1008 rex
215 942 391 1024 Piraeeum,
405 941 599 1006 renovandae
620 942 852 1028 firmandoeque
866 963 938 1005 cum
962 940 1211 1006 Atheniensibus

134 1029 301 1094 societatis
331 1049 452 1106 mussa,
481 1026 616 1112 trajecit.
662 1027 784 1093 Civitas
813 1028 918 1093 omnis
953 1027 1080 1093 obviam
1109 1024 1211 1093 effusa

134 1137 212 1182 cum
242 1115 435 1204 conjugibus
459 1135 496 1179 ec
519 1113 637 1190 liberis,
662 1115 840 1180 sacerdotes
856 1135 930 1180 cum
952 1115 1132 1202 insignibus
1146 1114 1210 1179 suis

133 1203 312 1268 intrantem
328 1201 454 1281 urbem,
469 1221 506 1266 ac
521 1201 578 1267 Dii
592 1221 694 1288 prope
707 1201 767 1288 ipsi
781 1202 880 1268 exciti
891 1201 1018 1267 sedibus
1028 1202 1103 1282 suit,
1118 1221 1211 1266 exce·

178 1301 267 1354 runt.
514 1309 515 1314 ¹

134 1311 260 1440 peXV.
286 1375 325 1438 In
351 1374 539 1440 concionem
566 1374 725 1460 extemplo
747 1375 886 1461 populus
909 1385 1051 1452 vocatus,
1076 1387 1112 1439 ut
1141 1394 1209 1450 rex,

137 1485 214 1549 quae
229 1461 335 1540 vellet,
352 1481 462 1526 coram
475 1474 601 1548 ageret:
625 1461 741 1526 deinde
754 1483 795 1526 ex
810 1462 968 1546 dignitate
982 1461 1084 1550 magis
1097 1461 1209 1537 visum,

135 1549 279 1614 scribere
293 1569 377 1626 enm,
392 1547 433 1612 de
448 1548 563 1633 quibus
578 1547 749 1624 videretur,
765 1571 860 1634 quam
883 1561 1074 1632 praesentem
1090 1559 1146 1612 aut
1160 1569 1211 1612 re·

134 1635 277 1701 ferendis
299 1636 365 1700 suis
386 1635 421 1698 in
442 1635 600 1700 civitatem
623 1635 783 1702 beneficiis
805 1634 998 1709 erubescere,
1020 1647 1075 1698 aut
1090 1634 1211 1721 signifi·

138 1721 323 1790 canonibus
358 1721 708 1809 adclamationibusque
744 1721 964 1800 multitudinis,
994 1720 1211 1785 adsentatione
1220 1739 1338 1802 Populum

136 1809 302 1874 inmodica
316 1807 473 1894 pudorem
488 1814 656 1880 onerantis.
700 1810 741 1875 ln
759 1809 857 1874 literis
883 1819 1000 1886 autem,
1017 1829 1090 1894 quae
1106 1807 1211 1870 missae
1220 1805 1308 1881 ⁸⁰¹³1³50
1316 1805 1349 1851 ⁸¹·

137 1897 175 1961 iu
194 1897 385 1961 concionem
408 1893 634 1983 recitataque*
647 1909 731 1975 sunt,
747 1896 1008 1960 commemoratio
1029 1907 1097 1959 erat
1115 1894 1212 1958 bene·
1220 1871 1334 1931 ΨΜ

139 1984 291 2048 liciorum
304 1981 445 2067 primum
465 1982 502 2046 in
524 1983 681 2049 civitatem
701 1985 839 2059 sociam3
862 1982 979 2048 deinde
1002 1999 1213 2067 rerum-quas

138 2069 292 2136 adversas
323 2068 506 2153 Philippum
535 2069 695 2155 gessissem
724 2069 766 2134 ad
788 2083 984 2155 postremum
1012 2067 1211 2147 adhortatio}

143 2157 369 2240 capessendum
393 2155 510 2232 udum,
535 2159 605 2220 dum
629 2177 673 2236 ae,
698 2159 768 2220 dum
795 2157 945 2232 Rhodios,
960 2156 1058 2220 fluum
1081 2158 1213 2240 quidem,

140 2246 211 2308 deun
228 2245 323 2323 etiam
342 2241 499 2306 Romanu
517 2243 675 2308 haberent.
720 2244 939 2328 Nequidquam
957 2253 1077 2326 postea,
1101 2245 1130 2306 εἰ
1150 2253 1213 2307 uem

139 2339 315 2407 cessassent,
326 2330 566 2412 proterminant
582 2332 766 2394 mensionem
780 2332 973 2414 quesituros.
1021 2329 1139 2393 Rhodii
1155 2328 1212 2400 de·

140 2416 218 2482 inde
246 2416 343 2502 legati
373 2414 475 2480 auditi
501 2428 592 2482 sunt:
615 2435 753 2502 quorum
779 2438 888 2481 recena
917 2429 986 2480 erat
1010 2415 1212 2493 beneficium,
1315 2451 1322 2460 ·

141 2502 232 2590 qnod
247 2525 352 2568 naves
377 2501 489 2589 longas
512 2515 650 2589 quatuor
674 2502 928 2581 Atheniensium,
945 2515 1053 2589 captas
1071 2521 1175 2587 nuper
1195 2517 1214 2566 a

142 2589 383 2656 Macedonibus
408 2609 483 2653 recu
525 2601 683 2676 ratasque,
720 2593 918 2656 remiserant.
948 2592 1056 2677 itaque
1091 2589 1212 2676 ingenti

143 2697 303 2741 consensu
316 2673 437 2740 bellum
500 2697 610 2741 versus
634 2676 819 2762 Philippum
839 2677 1014 2742 decretum.
1061 2677 1213 2741 Honores
1221 2695 1361 2741 neumam

143 2763 213 2852 regi
238 2764 378 2848 primum
404 2762 515 2827 Attalo
540 2755 701 2840 inmodici,
726 2764 842 2828 deinde
867 2775 899 2828 et
930 2763 1064 2828 Rhodiis
1089 2759 1355 2870 habititfflhffiil‘n·

141 2859 212 2914 tum
228 2850 370 2935 primum
386 2851 505 2914 mentio
520 2849 617 2914 inlata
632 2850 672 2914 de
692 2850 788 2926 tribu,
828 2871 899 2914 uam
918 2848 1059 2914 Attalida
1072 2837 1357 2937 adpehn·,⁸,}⁸9hi„⁰'f¹

142 2948 224 3015 rent,
240 2935 284 3000 ad
308 2936 418 3001 decem
433 2947 554 3001 veteres
573 2935 675 3002 tribus
695 2873 864 3002 addenda:
888 2948 920 3000 et
938 2934 1138 3000 Rhodiorum
1177 2957 1285 3018 opum
1321 2903 1336 2950 Ρ

141 3023 236 3108 palus
251 3043 372 3088 corona
386 3044 483 3088 aurea
501 3023 628 3088 virtutis
643 3023 748 3110 gratia
769 3023 917 3100 donatus,
933 3023 1106 3107 civitasque
1123 2957 1214 3086 Rio-

141 3110 205 3174 diis
214 3109 301 3185 data,
318 3109 586 3196 quemadmodum
608 3110 733 3176 Rhodii⁴
747 3111 835 3194 prius
858 3109 1107 3176 Atheniensibus
1122 3109 1215 3174 dede·

143 3209 228 3262 rant.
277 3195 459 3262 &undum
481 3195 553 3260 hoec
575 3217 633 3261 rex
655 3196 781 3262 Attalus
796 3197 950 3286 AEginum
974 3195 1015 3262 ad
1037 3196 1166 3261 classem
1183 3217 1217 3260 se

144 3282 277 3369 recepit.
324 3281 446 3348 Rhodii
461 3283 586 3348 ⁷²(lium
603 3283 645 3348 ab
661 3283 792 3372 AEgina,
809 3285 882 3348 inde
904 3307 963 3370 per
984 3283 1102 3347 insulas
1127 3283 1217 3348 Rho-

142 3371 223 3436 dum
242 3370 451 3456 navigarunt:
474 3370 633 3446 omnibus,
657 3383 773 3456 praeter
796 3370 956 3449 Andrum,
976 3371 1169 3458 Parumque,
1186 3383 1218 3436 et

146 3457 327 3545 Cythnum,
337 3479 411 3544 quse
426 3457 585 3543 praesidiis
596 3455 812 3522 Macedonum
824 3459 1024 3533 tenebantur,
1037 3459 1069 3521 in
1085 3458 1218 3522 societa-

144 3559 210 3611 tem
233 3543 385 3628 acceptis.
428 3543 575 3608 Attalum
598 3543 742 3631 AEginae,
759 3543 844 3608 missi
869 3543 902 3608 in
923 3544 1076 3610 AEtoliem
1098 3545 1219 3626 nuncii,

376 3671 386 3712 ¹
401 3684 499 3746 sequuta·
510 3683 585 3732 Gron.
683 3680 698 3719 k
714 3669 825 3730 recitati
835 3683 911 3730 Gran.
925 3681 994 3730 Cres.

179 3781 346 3831 cavarum
357 3780 454 3848 buum]
471 3784 532 3836 Qua
548 3784 614 3846 prius
629 3790 669 3832 tu·
702 3784 806 3832 hostium
819 3786 864 3834 est.

146 3848 278 3895 multusris
299 3849 335 3896 ris
358 3849 445 3908 tuerat,
463 3849 492 3897 tit
507 3849 558 3908 jam
579 3864 669 3908 serum,
735 3857 764 3899 71
785 3851 848 3897 Tum
876 3849 980 3911 quidm,
1002 3849 1060 3902 dum
1079 3841 1165 3907 ets'sss]
1184 3845 1221 3890 Ao

146 3919 182 3970 et,
194 3920 222 3960 nt
238 3915 384 3974 loquuntur,
401 3915 496 3976 pmprie
512 3915 603 3962 dictum
619 3915 669 3962 bel·
702 3916 803 3962 maxima
823 3916 849 3962 in
869 3915 915 3962 buc
929 3915 1043 3976 temporis
1064 3914 1165 3962 uticulo
1182 3922 1222 3955 ca·

146 3980 207 4038 lum,
218 3979 320 4026 decmtis
337 3980 533 4038 Atheniensium,
546 3981 588 4042 qui
605 3981 669 4028 ultra
701 3981 842 4042 pectendum
859 3981 958 4038 bellum,
974 3979 1031 4028 dum
1047 3979 1126 4028 etism·
1136 3978 1223 4030 Rom·

146 4049 172 4091 et
198 4045 289 4106 priores
315 4057 366 4092 uon
387 4045 558 4094 dubitaverunt
580 4045 669 4094 bellum
702 4060 756 4101 uos,
778 4046 968 4108 potentissimam
990 4045 1123 4100 civitatem,
1146 4051 1223 4089 wem

147 4110 385 4171 indicercl’hilippo.
702 4111 1099 4173 baberentpsralosadsuxilium.
1177 4165 1183 4178 ι

180 4171 500 4239 supermundanus]
517 4177 575 4223 Post
592 4176 673 4238 prelia
738 4184 768 4226 72
788 4173 869 4241 Ciam]
885 4177 925 4225 Sic
941 4177 987 4238 legi
1006 4175 1080 4235 jussit
1103 4169 1222 4229 Sigomut·

150 4255 229 4306 nempe
247 4255 322 4302 supra
339 4246 477 4288 memorata.
510 4243 588 4298 Vulgo
605 4257 671 4289 secu·
704 4243 785 4290 Antea
811 4245 889 4291 ceam.
933 4242 979 4289 Sed
1006 4251 1088 4301 parum
1116 4235 1224 4309 interest.

150 4309 177 4356 εἰ.
208 4311 254 4358 Sed
268 4307 331 4356 illud
349 4307 413 4368 quod
426 4307 670 4355 admisimusexvic·
702 4310 838 4370 Utrumque
853 4309 1019 4357 euimuomen
1035 4302 1139 4362 ejusdcm
1156 4307 1223 4344 susu-

148 4379 189 4424 tor.
204 4383 229 4424 et
245 4376 348 4424 noan.
370 4372 439 4420 codd.
457 4373 532 4435 magis
544 4374 667 4436 proprium
702 4375 729 4422 la
740 4380 784 4420 eat
