3126 4978
363 173 423 228 ses
699 141 701 144 ’
753 171 861 232 utri
888 172 1024 234 nrvrr

201 361 270 414 mu
282 359 339 407 teo.
363 331 491 398 veniens
506 333 647 410 navibus,
665 333 698 398 in
715 333 875 403 Chalcidis
890 335 968 402 Euri
1027 337 1163 404 Eumeni
1184 339 1252 424 regi
1265 333 1419 406 obcurrit.

202 426 270 504 ny·
285 427 339 502 ¹⁶⁰⁹·
365 419 501 499 Placuit,
523 419 711 508 quingentos
734 421 847 486 milites
868 423 962 508 presi
987 422 1008 487 ii
1029 445 1138 490 caussa
1162 426 1298 512 relinqui
1322 425 1421 493 Chel-

200 496 331 609 ‘emaum
363 505 433 570 cide
447 507 488 570 ab
504 505 646 571 Eumene
668 529 758 592 rege:
784 508 887 594 ipsum
902 509 1042 577 Athenas
1056 511 1114 577 ire.
1158 511 1341 592 Quinctius,
1356 537 1421 600 quo

200 572 326 739 Ruta..
362 592 522 744 pqqfectqus
543 606 620 670 erat,
644 593 881 745 Dtemaqtriqqem
905 593 1210 750 opnltanditanapqa
1233 599 1419 750 Chqqcigem

226 703 288 736 n.
376 699 386 742 ι
428 700 463 743 ra
497 700 694 743 mmomenr
749 702 812 744 tur
856 704 918 746 au

362 765 542 830 societatem
560 765 736 830 Romanum
758 702 922 832 iseturein.
966 705 1422 858 thglqcprtoesidfirqpplupdqpq

359 864 408 916 set
433 873 499 916 suae
524 853 621 937 pertis
647 851 837 930 hominibus,
866 855 1013 918 Eunomo
1060 857 1167 921 raetori
1193 855 1438 924 Thessalorum

360 937 495 1023 scripsit,
511 951 545 1003 ut
560 952 697 1026 armsret
711 939 919 1024 juventutem,
935 954 965 1006 et
981 877 1112 1006 Villium
1127 941 1167 1006 ad
1182 942 1421 1010 Demetriadem

359 1024 576 1108 proemisited
599 1025 764 1090 'tentandos
786 1026 924 1090 animos:
948 1047 1014 1092 non
1035 1027 1135 1106 aliter,
1150 1029 1210 1093 nisi
1224 1051 1298 1115 pars
1313 1031 1421 1118 eliqua

361 1110 527 1176 inclinaret
551 1110 593 1175 ed
616 1123 790 1197 respectum
817 1111 959 1196 pristinae
983 1114 1149 1191 societatis,
1164 1137 1231 1180 rem
1254 1115 1422 1205 adgressu-

360 1217 425 1262 rus.
471 1195 584 1262 Villius
603 1198 822 1284 quinqueremi
846 1197 1012 1262 neve³⁵ed
1033 1199 1147 1264 ostium
1169 1215 1281 1285 portus
1302 1215 1350 1268 est
1370 1203 1421 1267 in·
1451 1277 1454 1286 y

359 1295 479 1347 vectus.
524 1282 575 1347 Eo
597 1283 766 1349 multitudo
783 1283 972 1372 Magnetum
996 1285 1098 1350 omnis
1115 1308 1213 1372 quum
1236 1311 1270 1352 se
1291 1287 1420 1353 effudis-

358 1380 417 1449 set,
438 1369 586 1455 quaesivit
599 1369 725 1448 Villius,
748 1382 857 1446 utrum
878 1370 920 1435 ud
941 1371 1068 1450 etnicos,
1085 1395 1125 1436 en
1147 1373 1188 1438 ed
1211 1372 1329 1451 hostes,
1351 1397 1421 1440 sese

357 1455 478 1519 venisse
500 1455 652 1520 mellenti
676 1456 852 1542 Respondit
875 1453 1120 1546 Magnetarches
1136 1457 1348 1544 Eurylochus,
1364 1463 1421 1526 Ad

358 1544 682 1610 amieosuenisseeum:
697 1545 751 1607 red
760 1543 925 1608 abstineret
929 1555 1034 1628 portu,
1044 1547 1196 1611 attineret
1204 1545 1374 1631 Magnetas
1382 1550 1418 1612 in

357 1631 520 1694 concordio
532 1639 562 1694 et
571 1629 714 1694 libertate
728 1651 797 1704 esse,
810 1651 864 1693 nec
871 1652 933 1712 per
942 1633 1097 1716 conloquii
1108 1633 1235 1714 speciem
1245 1635 1419 1699 mutitudi-

357 1737 423 1779 nem
434 1717 624 1780 sollicitaret.
647 1715 820 1780 Altercetio
831 1714 915 1792 inde,
928 1737 991 1780 non
1003 1739 1116 1795 sermo,
1125 1715 1198 1782 fuit:
1214 1739 1314 1805 quum
1324 1719 1418 1785 “Ro-

356 1822 469 1866 manus
483 1815 519 1866 nt
534 1803 676 1888 ingratos
690 1801 869 1950 increparet
882 1801 1059 1889 Magnetas,
1070 1803 1321 1891 inminentesque
1332 1827 1419 1892 prae·

356 1887 475 1952 diceret
489 1886 619 1952 eledesr
641 1886 769 1952 multitu
792 1907 813 1950 o
833 1885 1038 1973 obstreperet,
1053 1911 1140 1954 nnuc
1160 1905 1314 1970 senatum,
1331 1913 1419 1958 nnnc

356 1972 744 2049 Quinotinmsccusnndo.
760 1975 802 2037 ite
812 1972 904 2037 irrito
914 1973 1042 2060 incepto
1052 1974 1215 2042 Villiusnd
1226 1976 1417 2054 Quinctium

321 2121 323 2131 ,
356 2081 422 2123 sese
442 2059 570 2144 recepit.
616 2060 662 2123 At
677 2057 857 2138 Quinctius,
873 2059 989 2125 nuncio
1010 2061 1050 2125 ed
1070 2063 1241 2147 pretorem
1257 2063 1364 2142 misso,
1381 2079 1417 2129 ut

355 2143 520 2210 reduceret
533 2145 663 2209 domum
675 2145 790 2230 copies,
806 2145 873 2229 ipse
884 2145 1015 2210 navibus
1028 2147 1220 2214 Corinthum
1235 2150 1339 2216 rediit.

397 2231 473 2296 XL.
496 2230 706 2296 Abstulerunt
720 2252 771 2295 me
785 2231 870 2297 velut
883 2231 924 2296 de
938 2233 1040 2319 spatio
1056 2233 1193 2300 Graeciae
1206 2237 1256 2300 res
1271 2235 1416 2302 inmixtae

356 2315 527 2381 Romanisr
550 2339 615 2382 non
630 2317 706 2404 quia
726 2319 808 2403 ipses
829 2338 935 2404 operte
957 2320 1092 2404 pretium
1114 2334 1195 2386 esset
1208 2322 1414 2404 perscribere,
1532 2385 1533 2398 ξ

355 2403 410 2467 sed
425 2404 500 2490 quia
513 2425 631 2468 censsae
647 2401 776 2469 inerunt
796 2425 869 2468 cum
886 2403 1048 2470 Antiocho
1061 2406 1145 2472 belli.
1188 2407 1215 2451 ³⁷
1222 2405 1415 2474 Consulibus
1532 2419 1533 2432 ¹

354 2488 535 2572 designatis,
562 2490 649 2573 (inde
674 2511 811 2574 nemque
833 2489 1034 2574 diverterem)
1055 2492 1094 2558 L.
1107 2492 1291 2590 Quinctius÷
1303 2505 1336 2558 et
1352 2494 1414 2562 Cn.
1532 2565 1533 2588 ,

354 2575 516 2640 Domitius
540 2575 685 2640 consules
709 2575 742 2638 in
766 2577 946 2660 provincias
970 2577 1101 2663 profecti
1123 2594 1214 2644 sunt:
1239 2579 1415 2657 Quinctius
1532 2597 1533 2604 ’

353 2660 386 2726 in
404 2662 545 2749 ligures,
562 2661 724 2726 Domitius
738 2662 886 2726 adversus
901 2662 1009 2730 Boios.
1055 2665 1126 2730 Boii
1137 2665 1342 2750 quieverunt:
1366 2682 1415 2733 at·
1532 2699 1533 2716 κ

352 2770 415 2835 que
428 2749 523 2814 etiem
540 2760 665 2814 senatus
679 2769 789 2812 eorum
809 2771 882 2813 cum
897 2747 1013 2829 liberis,
1028 2765 1061 2815 et
1075 2749 1218 2836 praefecti
1232 2773 1306 2816 cum
1321 2754 1415 2838 equi·

353 2849 421 2902 tntu
438 2839 575 2922 (summa
591 2834 732 2900 omnium
748 2833 834 2900 mille
848 2847 880 2900 et
895 2836 1071 2924 quingenti)
1087 2837 1207 2906 consuli
1221 2837 1415 2905 dediderunt

351 2943 428 2988 sese.
474 2921 526 2986 Ab
552 2921 652 2986 altero
675 2921 803 2986 consule
825 2944 900 3008 eger
926 2922 1081 3011 Ligurum
1108 2925 1170 2989 lete
1192 2936 1239 2988 est
1259 2938 1412 3004 vestutus,
1532 2973 1533 3010 1

351 3007 540 3094 castelloque
554 3008 675 3094 aliquot
690 3020 798 3093 cepte:
822 3007 907 3072 unde
920 3029 985 3072 non
1005 3009 1114 3093 praeda
1128 3009 1223 3074 modo
1237 3011 1342 3074 omnis
1356 3034 1414 3098 ge·
1532 3017 1533 3096 J

350 3095 434 3159 neris
455 3115 528 3160 cum
551 3093 684 3180 captivis
709 3107 812 3179 parta,
825 3093 882 3158 sed
905 3095 1022 3181 recepti
1037 3105 1175 3181 quoque?
1184 3095 1306 3180 aliquot
1327 3097 1414 3164 ciues

284 3221 287 3231 -
350 3181 500 3267 sociique,
512 3181 566 3266 qui
580 3182 610 3244 in
623 3177 762 3245 hostium
774 3193 927 3264 potestate
940 3179 1074 3246 fuerent.
1119 3181 1242 3246 Eodem
1255 3183 1316 3248 hoc
1326 3205 1414 3248 anno

350 3267 507 3332 Vibonem
528 3265 654 3331 colonie
668 3265 805 3330 deducte
826 3279 872 3329 est
885 3276 946 3330 eal
961 3267 1231 3333 senatusconsulto
1245 3267 1415 3355 plebeique
1532 3335 1533 3360 ,

350 3355 436 3420 seito.
460 3354 521 3418 tria
536 3351 636 3418 millia
649 3366 682 3416 et
696 3352 885 3439 septingenti
907 3353 1028 3435 pedites
1038 3354 1159 3430 ierunt,
1175 3353 1307 3420 trecenti
1322 3355 1414 3440 equi-
1532 3401 1533 3424 r

351 3454 406 3504 tes.
452 3438 626 3504 Triumviri
647 3437 849 3504 deduxerunt
870 3439 939 3515 eos,
950 3438 994 3515 Q.
1010 3439 1151 3522 Naevius,
1166 3439 1217 3504 M.
1234 3439 1413 3520 Minucius,

738 3583 752 3624 s
766 3593 796 3627 es
807 3578 852 3653 del.
864 3580 938 3626 Gron.
951 3580 1021 3628 Grer.

293 3691 295 3696 '
381 3701 413 3743 85
429 3694 473 3741 Au
486 3695 573 3740 utiam
586 3691 680 3757 patus]
695 3695 752 3742 Non
772 3694 862 3754 ingres·
895 3689 999 3756 marm]
1015 3693 1075 3740 Huc
1091 3706 1147 3740 mne
1161 3691 1281 3740 conciliari
1293 3706 1413 3754 nonpos-

349 3773 390 3806 eue
405 3764 444 3805 eet
457 3765 552 3818 portum
568 3759 752 3814 Romunue,sed
767 3763 863 3806 turtum
894 3763 1017 3806 enntcum
1030 3756 1123 3818 iisque
1137 3771 1239 3818 cupreo.
1253 3762 1356 3808 timete
1371 3765 1433 3820 24„
1532 3819 1533 3826 ἵ

349 3825 379 3872 ad
389 3824 477 3872 ostium
489 3824 594 3870 acoeseit.
752 3866 758 3880 ,
894 3823 999 3872 narrarit
1009 3822 1096 3869 Livius.
1129 3822 1182 3869 lilio
1197 3823 1261 3868 enim
1271 3822 1343 3870 umbo
1353 3837 1415 3872 cou-
1532 3843 1533 3888 γ

381 3893 413 3937 86
430 3890 553 3936 limenas
563 3895 591 3935 ut
601 3883 721 3952 ingratos]
736 3889 800 3936 Male
810 3905 861 3938 om·
894 3889 957 3936 euleu
968 3888 1054 3934 diserte
1069 3891 1230 3934 memorentur
1243 3886 1344 3948 profecti
1361 3890 1413 3948 pri·

348 3953 731 4016 uinoquidamsditiutt'ategroe.
747 3954 801 4002 dum
810 3969 861 4003 cor·
893 3953 977 4000 moin
997 3952 1146 4013 provinciam
1167 3965 1223 3998 mox
1240 3951 1358 4002 Quintius
1379 3955 1412 4004 ed

348 4025 449 4069 ment·
461 4033 494 4068 eu
511 4019 648 4079 coniectum
669 4018 794 4076 Sigonius:
822 4020 860 4068 fir.
893 4017 1001 4066 lmbende
1025 4015 1123 4062 comitis
1144 4030 1259 4064 novorum
1280 4017 1412 4071 consulam

348 4093 417 4134 ment
434 4085 536 4134 Andrse
555 4085 629 4131 editio
649 4088 674 4130 et
691 4083 755 4132 Vici.
774 4084 859 4131 rodere
893 4087 1016 4129 revocetur
1031 4081 1149 4131 Mutum·-
1173 4081 1273 4140 Reliqua
1284 4081 1369 4128 confer
1380 4097 1412 4134 ex

348 4151 388 4200 hic
404 4149 476 4198 etiem
492 4149 584 4204 omittit
597 4148 736 4211 perticulam
753 4149 861 4202 ern-tela·
893 4147 939 4194 hoo
958 4145 1010 4192 loco
1025 4158 1081 4192 eum
1097 4159 1117 4191 c.
1129 4151 1170 4193 22.
1186 4159 1214 4194 uc
1231 4146 1315 4206 procul
1332 4146 1413 4196 dubio

348 4221 439 4277 gauter.
891 4209 1049 4271 deprehendet
1067 4209 1107 4256 hic
1124 4210 1316 4268 necimmerito,
1334 4211 1362 4258 in
1383 4223 1411 4260 re

379 4287 412 4331 ³7
425 4273 733 4336 &audiminicmtlrn
743 4276 861 4332 hosia-
892 4275 1242 4336 quaerensquaerens„
1256 4275 1352 4328 litium
1369 4275 1415 4330 iu,

347 4346 398 4398 tier,
413 4353 438 4398 et
451 4347 493 4394 cu.
504 4342 629 4397 Domitiae
644 4341 793 4388 umbem
804 4355 860 4402 pro·
891 4337 1030 4402 diligentia.
1120 4381 1122 4390 ,
