3136 4982
254 181 256 188 ’
301 221 308 236 .
422 191 516 268 Lis.
543 191 840 251 XXXVILCAP.
865 190 922 250 LI.
1151 199 1207 252 eat

142 357 244 423 Italia
258 355 410 419 eacemre.
454 351 680 420 A.'Te'rentius
695 355 799 423 Varro
821 355 861 420 ad
882 353 1125 422 custodiendum
1147 356 1355 422 iterasses.

141 461 262 508 ¹eornm
280 441 402 518 missus,
428 441 726 528 denunciatumquo,
749 443 871 526 Siqua
897 443 1009 506 deiude
1030 444 1148 528 legatio
1169 434 1246 508 esA·
1258 437 1286 484 ⁰·
1301 441 1355 488 ¹⁰⁹*

143 531 274 606 AEtolis,
285 531 349 592 nisi
357 532 508 612 permissu
523 531 728 611 imperatoris,
741 530 796 612 qui
809 550 875 592 eom
885 531 1080 612 prouinciam
1091 530 1208 594 obiisse·

141 627 201 694 ret,
216 626 247 680 et
265 635 330 679 cum
344 618 449 700 legato
463 616 614 690 Romano,
630 618 759 679 uenisset
774 615 913 692 Romam,
923 637 987 698 pro
1000 615 1133 680 hostibus
1147 639 1209 680 om·

142 703 336 788 cessaturos.
382 701 432 765 lta
445 701 566 770 dimissi
582 700 696 765 AEtoli.
1198 735 1206 749 .

188 789 229 855 L.
251 788 305 852 De
325 787 496 872 prouinciis
516 785 631 852 deinde
653 786 796 852 consules
818 786 1013 854 retulerunt:
1035 788 1140 852 sortiri
1155 811 1209 854 eos

144 875 299 940 AEtoliam
315 889 347 940 et
360 875 466 940 Asiam
490 873 618 958 placuit.
641 874 697 959 qui
712 873 820 938 Asiam
836 874 965 938 sortitus
980 887 1070 952 essct,
1086 877 1207 940 exerci-
1217 890 1360 940 corruam

142 975 193 1028 tus
207 964 248 1041 ei,
264 983 357 1046 quem
374 961 412 1026 L.
429 961 538 1044 Scipio
553 959 693 1037 haberet,
710 973 759 1024 est
772 959 928 1037 decretus,
944 975 975 1025 et
994 961 1030 1024 in
1046 983 1118 1026 eum
1134 985 1208 1047 sup·
1215 959 1338 1008 excretum

142 1047 337 1134 piamentum
364 1062 501 1132 quatuor
527 1046 624 1111 millia
652 1047 793 1132 peditum
823 1047 1054 1127 Romanorum,
1080 1049 1209 1114 ducenti

142 1135 272 1224 equites,
287 1147 321 1199 et
334 1134 491 1198 sociorum
507 1155 545 1197 ac
561 1133 664 1198 Latini
686 1134 825 1198 nominis
846 1147 920 1198 octo
938 1135 1038 1200 millia
1051 1135 1207 1218 peditum,

141 1238 174 1287 et
188 1221 412 1308 quadringenti
427 1220 564 1304 equites:
589 1219 638 1283 his
652 1221 750 1306 copiis
774 1233 809 1285 ut
823 1219 940 1286 bellum
956 1243 1030 1286 cum
1046 1221 1209 1288 Antiocho

141 1320 277 1396 gereret.
297 1335 302 1342 ·
321 1307 422 1372 Alteri
444 1305 565 1370 consuli
590 1307 759 1382 exereitus,
783 1310 838 1392 qui
860 1308 982 1374 eratin
1004 1307 1140 1388 AEtolia,
1161 1321 1209 1375 cst

142 1397 306 1470 decretus;
328 1405 369 1471 et,
386 1407 423 1457 ut
434 1393 689 1478 supplementum
705 1392 862 1470 scriberet,
879 1396 1079 1477 permissum,
1091 1395 1208 1462 civium

141 1483 365 1566 sociorumque
384 1482 530 1544 eunulem
552 1501 732 1556 numerum,
748 1501 843 1566 quem
866 1479 998 1566 collega.
1020 1502 1114 1546 naves
1128 1503 1208 1568 quo·

142 1589 206 1654 que
218 1567 304 1631 idem
315 1566 440 1646 consul,
457 1587 530 1650 qum
544 1566 651 1650 priore
666 1587 751 1629 anno
765 1580 886 1651 parata
900 1579 1000 1642 erant,
1016 1589 1131 1632 ornare
1140 1568 1208 1652 jus-

141 1673 206 1732 sas,
223 1672 260 1718 ac
274 1653 390 1718 ducere
404 1674 528 1716 secum:
552 1673 610 1716 nec
621 1674 695 1716 cum
707 1651 825 1716 AEtolis
839 1653 940 1716 solum
953 1652 1070 1718 bellum
1085 1676 1206 1740 gerere,

140 1739 200 1805 sed
222 1741 315 1805 etiam
340 1742 373 1803 in
398 1738 638 1822 Cephalleniam
660 1738 795 1822 insulam
818 1740 970 1826 trajicere.
1016 1739 1207 1806 Mandatum
1316 1787 1320 1796 -

141 1827 257 1905 mdetn,
274 1837 339 1904 ott,
355 1829 391 1890 si·
405 1849 461 1909 per
482 1825 687 1892 commodum
709 1824 893 1910 reipublicae
914 1825 1018 1891 facere
1041 1840 1157 1911 posset,
1172 1841 1209 1892 ut

141 1914 185 1980 ad
200 1912 330 1978 comitia
345 1913 482 1977 Romam
504 1912 632 1977 rediret.
655 1933 740 1988 nam,
755 1927 968 1998 praeterquam
985 1913 1071 1998 quod
1092 1914 1210 2001 magis·

140 2013 243 2066 tratus
269 2001 367 2064 annui
392 1998 586 2088 subrogandi
612 2011 723 2076 essent,
754 2019 900 2063 censores
929 2021 1056 2086 quoque
1084 2000 1210 2084 placere

140 2087 253 2152 creari.
276 2087 303 2150 si
318 2109 382 2172 qua
395 2107 446 2152 res
462 2109 534 2150 eum
550 2099 681 2167 teneret,
692 2099 834 2150 senatum
851 2087 1017 2152 certiorem
1034 2086 1160 2166 faceret,
1176 2107 1209 2152 se
1320 2089 1322 2098 ’

140 2174 186 2240 ad
206 2167 410 2238 comitiorum
435 2189 560 2259 tempus
582 2173 754 2238 obcurrere
776 2194 840 2237 non
865 2195 974 2257 posse·
1010 2172 1135 2238 AEtolia
1157 2174 1207 2240 M.
1215 2188 1354 2237 Provincia.
1420 2215 1423 2234 ι

96 2335 99 2341 ,
141 2260 266 2338 Fulvio,
283 2261 358 2324 Asia
374 2260 433 2324 Cn.
447 2260 574 2324 Manlio
588 2273 672 2324 sorte
682 2259 797 2324 evenit.
844 2259 1001 2326 Praetores
1014 2261 1209 2326 deindeasc-

138 2349 193 2412 titi
207 2360 290 2424 sunt,
310 2347 365 2431 Sp.
383 2347 564 2418 Postumius
580 2347 716 2410 Albinus
739 2346 892 2410 urbanam
912 2361 947 2412 ct
969 2347 1051 2412 inter
1067 2349 1209 2434 peregri·

139 2456 211 2511 nos,
230 2433 279 2498 M.
298 2435 504 2518 Sempronius
520 2433 702 2497 Tuditanus
725 2432 877 2510 Siciliam,
895 2432 938 2509 Q.
957 2433 1076 2500 Fabius
1100 2433 1209 2499 Pictor

140 2521 259 2586 flamen
275 2519 453 2596 Quirinalis
475 2520 665 2597 Sardiniam,
682 2521 726 2595 Q.
744 2518 861 2584 Fabius
877 2519 987 2594 Labeo
1008 2519 1148 2598 classem,
1166 2521 1207 2587 L.

140 2607 289 2672 Plautius
309 2607 472 2694 Hypsaeus
489 2607 679 2694 Hispaniam
703 2607 894 2684 citeriorem,
911 2607 950 2672 L.
962 2607 1092 2674 Baebius
1106 2608 1208 2673 Dives

141 2693 339 2779 Hispaniam
354 2695 547 2758 ulteriorem.
593 2693 710 2758 Sicilire
730 2693 814 2780 legio
830 2715 893 2760 una
908 2711 940 2758 et
954 2695 1069 2771 classis,
1086 2717 1159 2780 quae
1174 2697 1207 2757 in

139 2802 181 2846 ea
195 2780 455 2866 provinciaerat,
468 2780 613 2855 decreta3
636 2793 668 2844 et
679 2791 714 2844 ut
729 2780 808 2844 duas
819 2780 969 2844 decumas
984 2780 1135 2844 frumenti
1149 2803 1207 2844 no·

141 2889 205 2932 vus
218 2880 338 2951 praetor
352 2868 523 2951 imperaret
539 2866 662 2942 Siculis,
675 2887 785 2930 earum
800 2865 930 2930 alteram
947 2867 979 2930 in
995 2868 1114 2943 Asiam,
1130 2866 1207 2932 alte·

140 2975 213 3019 rant
226 2955 260 3018 in
277 2953 602 3018 AEtoliammitaeret.
648 2952 737 3017 ldem
759 2952 801 3016 ab
818 2952 927 3016 Sardis
948 2953 1153 3039 exigi‚'atque
1167 2955 1207 3018 sd
1308 2995 1312 3000 -

141 3041 269 3106 eosdem
284 3041 441 3105 exercitus
456 3041 490 3104 id
503 3039 711 3117 frumentum,
727 3041 767 3103 ad
782 3061 860 3124 quos
877 3038 1030 3115 Siculum,
1045 3039 1207 3124 deportari

135 3130 270 3214 jussum.
315 3126 355 3192 L.
383 3127 496 3192 Baebio
515 3126 790 3212 supplementum.
811 3126 845 3189 in
877 3125 1068 3210 Hispaniam
1096 3127 1206 3194 datum

139 3214 229 3279 mille
255 3214 393 3278 Romani
415 3215 547 3300 pedites,
571 3213 691 3300 equites
713 3213 952 3300 quinquaginta,
977 3225 1007 3278 et
1032 3235 1086 3278 sex
1109 3213 1208 3281 millia

140 3301 286 3388 peditum
297 3301 406 3366 Latini
421 3303 568 3378 nominis,
580 3299 732 3364 ducenti⁰
747 3300 877 3384 equites.
923 3299 1051 3366 Plautio
1063 3301 1209 3386 Hypsaeo

139 3391 174 3452 in
198 3387 389 3473 Hispaniam
416 3387 593 3452 citeriorem
616 3386 703 3451 mille
727 3386 866 3450 Romani
892 3385 958 3450 dati
980 3400 1054 3452 sont
1075 3381 1207 3470 pedites,

139 3475 210 3540 duo
229 3474 330 3540 millia
351 3475 474 3540 socidm
491 3474 598 3539 Latini
620 3473 768 3553 nominis,
783 3485 816 3536 et
837 3475 964 3538 ducenti
980 3474 1110 3560 equites.
1134 3497 1206 3540 cum
1236 3499 1237 3504 ¹

139 3561 192 3626 his
206 3561 433 3646 supplementis
447 3575 483 3627 ut
506 3562 646 3648 singulos
667 3559 806 3648 legiones
827 3558 901 3622 duta
919 3559 1089 3646 Hispaniae
1111 3559 1208 3628 habe·

140 3659 223 3712 rent.
270 3649 389 3713 Prioris
407 3649 483 3712 anni
504 3647 748 3734 magistratibus,
767 3646 804 3710 C.
822 3645 924 3710 Laelio
946 3668 1018 3711 cum
1041 3671 1099 3712 suo
1117 3669 1208 3712 exer-

139 3734 206 3799 citu
223 3748 429 3821 prorogatum
446 3733 479 3798 in
500 3753 619 3801 annum
636 3735 804 3819 imperium
820 3747 876 3797 est.
899 3748 1104 3820 prorogatum
1120 3747 1152 3799 et
1168 3735 1207 3799 P.

141 3821 244 3891 annio
266 3819 464 3906 propraetori
479 3822 513 3886 in
530 3821 661 3886 Etruria
682 3843 754 3886 cum
779 3842 818 3884 eo
840 3820 993 3900 exercitu,
1010 3823 1065 3905 qui
1085 3822 1117 3885 in
1133 3845 1207 3907 pro-

141 3908 249 3974 vincia
283 3920 378 3985 esset3
396 3935 397 3938 ¹
416 3922 448 3973 et
477 3907 528 3974 M.
552 3907 675 3971 'l‘uccio
706 3907 919 3992 propraetoril
948 3908 981 3972 in
1012 3908 1147 3972 Bruttiis
1176 3918 1217 3972 et'

141 3996 174 4062 A
200 3994 276 4060 ulia.

177 4017 245 4152 ¹i..I.
269 4081 457 4168 Priusquam
484 4083 516 4146 in
542 4080 723 4166 provincias
751 4080 1020 4164 praetores'irent,
1047 4093 1205 4146 certamen
1217 4095 1343 4142 certamen

137 4171 226 4235 inter
243 4168 278 4233 P.
296 4169 456 4234 Licinium
480 4162 664 4256 pontificem
673 4167 857 4230 ‘maximum
880 4166 939 4231 fuit
960 4179 992 4230 et
1010 4166 1054 4242 Q.
1072 4166 1206 4230 Fabium
1216 4151 1392 4277 λῗζξξξῗξι“

1217 4290 1373 4341 Quirinalem.

267 4392 452 4440 “ratdeLEaerl
551 4375 780 4439 ⁰etducentiliaed.
880 4390 1080 4450 Fproetors'liaed.
1154 4411 1156 4414 ·

184 4475 257 4517 VOL.
275 4475 329 4518 111.
718 4474 740 4515 Y
