3082 4976
393 201 451 260 438
777 197 889 259 ΤΙΤΙ
918 197 1054 258 LIVII

233 375 300 423 uc.
314 375 369 422 sss.
417 359 558 425 rovincio
573 360 693 426 habuit.
738 359 868 426 Veteres
887 373 1050 446 praetores,
1067 359 1107 424 C.
1123 357 1312 445 Calpurnius
1331 355 1429 421 Pisoat

233 439 300 516 Nc·
316 447 369 518 ¹⁹5·
429 492 436 508 .
461 445 641 525 Quinctius,
666 445 803 511 Romam
828 447 1000 511 redierunt.
1032 448 1156 532 utrique
1179 465 1295 530 magno
1320 441 1428 507 Putrum

233 505 361 632 fflssffi
394 551 549 596 consensu
572 533 751 616 triumphus
771 546 821 599 est
842 531 996 598 decretus.
1043 533 1136 596 Prior
1150 531 1189 596 C.
1204 529 1387 616 Calpurnius
1400 527 1430 590 de

233 633 285 698 nn,
395 617 560 683 Lusitanis
575 629 607 683 et
622 617 790 684 Celtiberis
800 618 1021 704 triumphavit.
1043 636 1178 682 comnas
1191 635 1302 681 sareas
1314 613 1380 680 tulit
1392 633 1432 676 oo·

395 705 520 787 toginta
540 717 612 785 tres,
628 718 660 770 et
673 703 876 784 ⁵⁸duodecim
903 703 1002 768 millia
1024 704 1133 790 pondo
1153 723 1190 768 ar
1211 703 1287 768 enti.
1330 701 1432 765 Paucos

394 803 467 874 post
481 790 548 854 dies
564 791 604 856 L.
619 791 791 868 Quinctius
811 791 983 876 Crispinus
994 807 1048 855 cx'
1059 789 1168 854 iisdem
1184 724 1341 854 dusitanis
1355 784 1433 852 Celti·

395 875 541 962 berisque
565 877 782 962 triumpharit.
803 876 1000 942 tantumdem
1016 876 1084 940 auri
1104 889 1199 960 atque
1218 873 1341 958 argenti
1360 873 1433 935 inco

395 961 559 1047 triumpho
574 965 769 1028 translatum.
814 964 981 1039 Censores,
1001 961 1050 1026 M.
1064 961 1196 1026 Porcius
1207 973 1239 1025 et
1252 961 1293 1025 L.
1301 957 1433 1033 Valerius,

395 1062 483 1112 metu
504 1049 602 1113 mista
625 1049 870 1134 exspectatione,
891 1063 1035 1112 senatum
1061 1049 1223 1130 legerunt:
1245 1069 1280 1112 se
1315 1065 1361 1110 em
1381 1064 1434 1106 mo·

397 1146 509 1198 verunt
531 1147 652 1200 senatu.
670 1157 716 1199 ex
741 1135 856 1222 quibus
881 1155 980 1198 unum
1010 1134 1164 1221 insignem
1189 1145 1221 1197 et
1241 1154 1285 1198 no
1307 1131 1435 1195 ilitateet

234 1222 262 1296 ¹1·
274 1221 366 1272 uotae.
396 1218 581 1298 bonoribus,
598 1221 639 1286 L.
650 1220 838 1297 Quinctium
852 1221 1067 1285 Flamininum
1077 1219 1289 1284 consularem.
1325 1217 1435 1281 Patruus

232 1291 375 1400 ssflffltu
396 1307 550 1370 memoria
564 1308 742 1372 institutum
757 1307 868 1385 fertur,
891 1317 926 1370 ut
940 1327 1084 1370 censores
1096 1305 1192 1370 motis
1212 1316 1324 1369 senatu
1338 1299 1435 1368 adscri-

396 1391 509 1457 berent
530 1405 632 1458 notas.
678 1393 806 1460 Catonis
833 1405 865 1458 et
889 1391 961 1457 alia
990 1391 1118 1478 quidem
1146 1391 1271 1456 acerbae
1300 1389 1435 1454 orationes

395 1489 522 1544 exstant
540 1478 574 1543 in
596 1501 661 1557 eos,
678 1499 759 1566 quos
779 1490 834 1544 aot
853 1477 1011 1543 senatorio
1034 1477 1107 1541 loco
1133 1477 1242 1554 movit,
1269 1489 1325 1542 aut
1343 1473 1435 1562 quibus

394 1587 493 1650 equos
505 1564 641 1630 ademit:
663 1565 760 1652 longe
780 1564 964 1652 gravissima
978 1564 1011 1626 in
1030 1563 1067 1628 L.
1082 1563 1270 1633 Quinctium
1284 1565 1382 1627 orauo
1392 1569 1435 1636 cst,

395 1671 457 1736 qua
472 1651 498 1715 si
512 1663 678 1732 accusator
691 1664 765 1716 ante
775 1663 894 1728 notam,
906 1671 970 1714 non
984 1670 1097 1714 censor
1108 1662 1180 1734 post
1189 1661 1314 1730 notam,
1324 1665 1435 1712 ususcs·

393 1748 450 1814 set,
461 1739 596 1804 retinere
605 1737 794 1820 Quinctium
809 1736 843 1802 in
858 1747 970 1801 senatu
985 1734 1132 1800 nefrater
1143 1735 1274 1822 quidem
1284 1734 1325 1801 T.
1333 1732 1435 1810 Quinc

393 1824 467 1902 tius,
482 1825 507 1887 si
522 1837 591 1889 tum
614 1845 726 1888 censor
746 1836 835 1900 esset,
851 1823 1015 1908 potuisset.
1059 1822 1148 1886 Inter
1170 1834 1277 1886 cetera
1291 1815 1434 1907 objecisti,

396 1909 581 1996 Philippum
598 1910 748 1990 Poenum,
765 1931 874 1974 carum
893 1929 931 1973 ac
949 1907 1059 1972 nobile
1072 1919 1225 1988 scortum,
1237 1908 1283 1972 ab
1307 1903 1435 1972 Romaiu

395 1995 534 2074 Galliam
563 1995 758 2080 provinciam
787 2015 843 2079 spe
864 1992 1042 2082 ingentium
1067 1993 1230 2058 donorum
1260 1993 1434 2079 perducunt

394 2101 466 2144 eum
487 2100 633 2166 puerum,
652 2102 710 2165 per
729 2081 888 2145 lasciviam
933 2101 1009 2144 uum
1034 2079 1245 2157 cavillaretur,
1269 2099 1308 2145 es
1330 2077 1435 2142 mbas

393 2168 517 2230 consuli
530 2187 675 2252 persaepe
694 2167 833 2246 solitum,
850 2103 936 2254 quod
958 2165 1018 2230 sub
1039 2166 1142 2251 ipsum
1163 2102 1374 2252 spectaculum
1386 2162 1435 2258 gia:

393 2251 564 2318 diatorium
590 2253 747 2318 abductus
773 2253 813 2317 ab
831 2253 936 2318 Rama
950 2263 1041 2330 esset,
1058 2263 1094 2316 ut
1116 2251 1306 2339 obsequium
1326 2262 1435 2317 amabil

393 2338 582 2404 venditaret.
628 2339 726 2404 Forte
746 2338 949 2425 epulantibus
962 2338 1013 2416 iis,
1030 2359 1129 2425 quum
1139 2339 1206 2424 jam
1221 2340 1299 2403 virro
1313 2335 1434 2403 incaluit·

391 2436 473 2502 sent,
503 2425 689 2491 nunciatum
717 2425 752 2488 in
788 2425 934 2490 convivio
960 2446 1038 2501 esse,
1057 2423 1208 2489 'nobilem
1236 2425 1354 2490 Boium
1378 2437 1434 2486 cun

392 2509 502 2576 liberis
524 2511 719 2598 transfugam
733 2513 873 2588 venisse3
895 2510 1064 2576 convenire
1078 2510 1242 2576 consulem
1259 2509 1349 2588 nelle,
1365 2502 1435 2572 utab

393 2596 540 2676 aolidem
561 2617 700 2683 praesens
721 2597 887 2683 acciperet.
932 2595 1155 2661 introductum
1171 2596 1205 2660 in
1220 2593 1435 2663 tabernaculum

392 2699 451 2766 per
479 2683 682 2768 interpretem
711 2682 842 2770 adloqui
870 2681 1033 2748 consulem
1060 2681 1208 2767 coepisse.
1255 2685 1344 2749 Inter
1364 2678 1434 2762 cujas

393 2789 575 2834 sermonem
592 2770 764 2848 Quinctios
786 2781 902 2852 scortc,
923 2770 975 2834 Vas
986 2777 1031 2846 tu,
1047 2767 1081 2831 in
1106 2768 1161 2846 uit,
1177 2773 1323 2854 quoniam
1332 2761 1435 2854 gloriis·

392 2858 505 2920 tarium
518 2859 717 2941 spectandum
732 2857 898 2941 reliquisti,
904 2855 975 2940 jum
988 2855 1067 2918 tum
1116 2857 1210 2920 allum
1225 2857 1392 2921 maten
1402 2848 1435 2913 oi·

393 2943 509 3004 deret?
554 2942 598 3007 Et
623 2961 723 3028 quum
751 2943 778 3005 is
801 2941 933 3005 vixdum
963 2941 1045 3005 serio
1073 2939 1245 3019 adnuisset,
1273 2940 1315 3006 ad
1342 2949 1433 3002 notun

394 3028 490 3092 scorti
504 3028 666 3093 consulem
689 3025 799 3092 stricto
823 3027 942 3115 gladio,
967 3026 1022 3111 qui
1046 3046 1141 3110 super
1165 3039 1266 3112 caput
1290 3023 1433 3113 pendebat,

392 3112 536 3200 loquenti
558 3114 654 3179 Gallo
677 3124 774 3196 caput
799 3113 940 3198 primum
959 3113 1161 3197 percussisse,
1176 3112 1294 3178 deinde
1314 3105 1433 3211 firgientb
1482 3127 1483 3149 ¹

392 3199 489 3266 fidem
513 3222 553 3265 ue
561 3199 678 3285 populi
696 3199 846 3278 Romani,
867 3211 963 3284 atquc
985 3218 1107 3276 eorum,
1122 3201 1177 3285 qui
1198 3199 1340 3276 aderant,
1353 3191 1435 3280 inplo-

392 3222 583 3363 rantilrstus
597 3283 809 3350 transfodisse.

435 3371 566 3438 XLlIl.
589 3371 736 3436 Valerius
763 3369 897 3446 Antias,
912 3379 948 3433 ut
966 3369 1023 3457 qui
1041 3387 1103 3434 nec
1122 3369 1261 3435 Catonis
1282 3367 1434 3436 mationem

391 3457 529 3546 legisset,
544 3471 576 3524 et
589 3457 742 3524 ⁵⁹fabulae
761 3467 886 3522 tantum
908 3453 977 3520 sine
998 3468 1128 3520 auctore
1147 3456 1243 3522 editae
1265 3453 1433 3522 credidisset,

392 3543 479 3608 aliud
494 3556 728 3632 argumentum,
752 3541 859 3607 simile
881 3551 986 3606 tamen
1010 3555 1043 3606 et
1060 3539 1193 3608 libidine
1209 3555 1243 3608 et
1259 3539 1433 3610 orantius

391 3629 526 3718 peragit.
573 3630 745 3695 Placentiae
766 3627 919 3692 famosam
940 3627 1115 3705 mulierem,
1131 3629 1221 3728 cujus
1243 3627 1434 3708 amomdepe

391 3717 478 3794 niret,
505 3717 540 3780 in
562 3717 742 3782 convivium
772 3713 951 3780 arcessitam
979 3713 1099 3782 sc'rlbit.
1127 3713 1172 3779 ibn
1192 3715 1363 3800 jactantem
1385 3723 1434 3772 sest

391 3814 497 3868 scorto
508 3802 592 3868 inter
607 3815 715 3870 cetera
737 3800 891 3878 retulisse,
906 3821 1003 3886 quam
1025 3800 1141 3866 acriter
1154 3802 1343 3888 quaestioue's
1362 3813 1433 3862 eaer-
1482 3839 1483 3906 t

763 3919 778 3958 k
789 3922 911 3984 adspicere
921 3921 998 3970 Grou.
1009 3921 1077 3971 Cres.

423 4027 453 4068 58
470 4021 603 4068 Duodecim
614 4019 693 4067 millio
705 4019 783 4082 pondo
796 4016 907 4081 argento]
941 4032 965 4064 se
982 4021 1053 4079 putat
1062 4019 1186 4066 -Gstnnsm
1203 4018 1306 4066 soluisse
1321 4029 1368 4063 snm
1383 4017 1432 4058 sitt-

385 4087 612 4134 Marcomons·
626 4091 712 4135 istnc.
939 4084 1026 4131 ciorum
1045 4087 1070 4130 at
1091 4083 1266 4132 invidiosiorem
1294 4084 1371 4136 imre,
1389 4077 1432 4146 ἂψ

423 4157 454 4202 aa
471 4152 569 4199 Fabula
580 4185 587 4200 .
600 4183 607 4200 .
618 4182 625 4196 .
637 4183 645 4198 .
655 4153 707 4198 stne
718 4153 815 4197 asem
825 4143 907 4211 edim]
938 4149 1086 4210 transfugam
1097 4149 1187 4198 nciam
1203 4148 1234 4196 ab
1246 4152 1304 4212 ipro
1313 4142 1432 4196 austun

389 4217 450 4262 liam
468 4221 548 4263 tamen
564 4217 700 4278 opinionem
718 4219 813 4262 secutus
825 4215 908 4262 cicero
940 4214 1171 4274 interiectumdixlt,
1182 4216 1306 4275 nonjusau
1317 4212 1363 4270 ritu
1373 4215 1431 4256 unffi

389 4287 435 4337 est,
445 4280 510 4328 nial.
522 4283 617 4328 defien.
630 4296 654 4328 n.
665 4288 706 4328 aa.
739 4282 820 4340 Atque
835 4281 907 4327 etiam
939 4295 968 4326 ex
979 4280 1104 4327 damnatis.

390 4347 531 4392 Plutarchus
544 4349 568 4393 in
582 4346 717 4394 Flaminino
730 4346 855 4394 verisimile
871 4359 907 4392 aa·
