3136 4982
386 223 479 282 LlB.
501 219 677 282 xxxvltt.
706 219 768 280 c'A
779 221 809 278 Ρ.
833 221 979 280 XXXIX.
1148 227 1205 289 373

149 383 260 448 Attica
276 370 394 449 talenta
410 389 483 450 doto
504 385 589 450 intra
604 353 757 450 duodecim
778 379 875 448 annos
892 377 1087 466 passionibus
1100 373 1349 470 maniaticum.

151 471 311 554 (talentum
326 476 475 538 nominas
487 475 591 554 pondo
605 473 760 556 octoginta
775 469 924 540 Romanis
933 472 1121 552 ponderibus
1127 493 1206 554 pen·
1213 463 1244 510 Α·
1254 463 1282 509 ⁰·
1297 467 1349 510 ¹⁸⁸·

149 557 219 638 dol)
233 555 260 598 ³4
269 567 299 619 et
313 559 413 620 tritici
427 560 593 642 quingenta
614 559 825 641 quadraginta
840 557 942 620 millia
956 556 1095 620 modium.
1140 560 1206 621 Eu·

150 644 232 704 mani
245 645 313 727 regi
325 641 473 706 ”talama
485 653 618 707 trecenta
633 645 859 727 quinquaginta
873 644 957 704 intra
972 643 1206 726 quinquennium

151 729 242 791 dato:
258 738 287 792 et
294 750 357 810 pro
356 729 529 812 frumento,
543 728 658 814 ³⁶quod
670 729 948 809 astimationefiot‚
959 728 1076 792 talenta
1090 740 1206 794 centum

151 814 266 897 viginti
288 823 408 897 septim.
455 815 581 879 Obsides
603 815 750 878 Romanis
775 815 889 897 viginti
912 816 994 890 dato,
1017 823 1047 878 at
1071 817 1207 880 triennio

151 909 284 972 mutata·
301 921 340 963 ne
353 903 482 966 minores
495 901 631 964 octonum
640 901 746 964 densim
758 921 916 975 arenarum,
927 920 985 962 neu
995 900 1125 984 majores
1137 903 1207 986 qni·

151 982 221 1048 num
247 986 484 1070 quadragenum.
530 987 578 1050 Si·
591 988 645 1069 qui
667 986 813 1049 sociorum
831 987 944 1067 populi
965 985 1100 1050 Romani
1125 990 1206 1052 ultra

151 1070 257 1135 bellum
284 1073 420 1156 ity'crcnt
438 1073 600 1147 Antiocho,
621 1074 680 1136 uim
702 1073 735 1136 ui
754 1073 881 1134 arcendi
894 1069 951 1153 jus
974 1081 1054 1144 esto,
1078 1075 1147 1136 dum
1169 1095 1207 1139 na
1272 1107 1274 1112 v

150 1179 241 1240 quom
256 1158 356 1221 urbem
371 1169 425 1222 aut
446 1159 518 1222 belli
529 1157 605 1241 jura
624 1167 736 1232 teneat,
752 1167 806 1220 out
823 1158 855 1219 in
871 1158 1040 1220 amicitiam
1059 1161 1205 1242 accipiat.

152 1245 381 1308 Controuersias
396 1247 477 1308 inter
486 1242 598 1326 sejure
610 1242 775 1326 acjudicio
789 1243 987 1324 disceptanto,
998 1253 1062 1319 out,
1072 1246 1101 1308 si
1113 1248 1206 1310 ulnis·

150 1350 209 1414 que
217 1329 362 1411 placebit,
379 1330 465 1394 bello.
488 1330 540 1394 Da
556 1328 739 1394 Hannibale
754 1327 865 1407 Poeno,
876 1341 908 1392 et
919 1327 1032 1392 AEtolo
1047 1327 1205 1409 Thoante,

149 1425 183 1478 et
207 1413 428 1480 Mnasimacho
451 1417 626 1496 Acarnane,
649 1428 681 1479 et
705 1412 965 1479 Chalcidensibus
991 1413 1152 1488 Eubulida
1175 1431 1207 1482 et
1228 1422 1239 1456 ’·’
1338 1467 1341 1478 .

152 1498 299 1578 Philone,
314 1501 480 1584 dedendis,¹
492 1503 526 1565 in
541 1499 603 1565 hoc
639 1522 742 1586 noque
755 1498 874 1566 foedete
888 1499 1081 1584 adscriptum
1096 1516 1153 1566 est.
1176 1516 1209 1568 et

152 1600 197 1661 ut,
222 1587 248 1650 si
272 1587 348 1672 quid
370 1599 478 1673 postea
506 1587 590 1668 addi,
615 1524 708 1664 icini,
730 1585 881 1650 mutarive
909 1584 1087 1671 placuisset,
1114 1601 1150 1652 ut
1175 1589 1208 1654 id

153 1671 238 1736 saiva
251 1671 373 1738 foedere
386 1675 487 1740 fieret.
537 1718 540 1727 ·
726 1677 738 1751 ζ
846 1715 849 1724 ·
878 1695 881 1700 ·

193 1757 356 1826 XXXIX.
373 1759 493 1826 Consul
509 1760 629 1848 juravit
649 1761 683 1824 in
703 1758 764 1824 hoc
785 1758 896 1825 foedus.
918 1759 959 1825 ab
981 1781 1055 1850 rege
1069 1761 1124 1846 qui
1138 1762 1208 1826 exi·
1260 1791 1263 1797 ·

151 1857 263 1928 gerent
282 1846 516 1931 jusjurandum,
540 1845 674 1931 profecti
697 1844 738 1921 Q.
757 1845 919 1910 Minucius
939 1843 1099 1910 Thermus
1121 1843 1159 1912 et'
1167 1848 1206 1912 L.

154 1929 305 2010 Manlius,
320 1934 375 2018 qui
390 1944 458 1997 tum
472 1931 552 1998 forte
566 1933 605 1997 ab
621 1931 778 1996 Oroandis
796 1932 900 1997 rediit.
922 1944 954 1996 et
969 1932 1010 2008 Q.
1029 1932 1128 1997 Fabio
1143 1929 1207 2016 La-
1257 1981 1260 1990 ¹

151 2015 256 2094 beoni,
272 2018 327 2104 qui
344 2018 433 2083 classi
454 2031 596 2105 praeerat,
613 2017 747 2103 scripsit,
762 2033 797 2083 ut
813 2019 928 2083 Patara
949 2016 1111 2104 extemplo
1131 2039 1209 2108 pro3

151 2101 360 2181 ficisceretur3
383 2127 516 2190 quaeque
530 2105 575 2169 ibi
595 2126 688 2169 naves
709 2105 806 2190 regiae
820 2117 931 2181 essent,
947 2103 1127 2170 concideret
1139 2127 1208 2172 ere·

151 2201 324 2277 maretque.
370 2191 531 2256 Profectus
553 2191 594 2255 ab
617 2189 756 2273 Epheso,
777 2189 1004 2276 qninquaginta
1028 2203 1127 2256 tectas
1151 2213 1208 2256 na*-

151 2297 205 2339 ves
222 2289 276 2342 aut
298 2277 443 2352 concidit,
459 2291 512 2342 aut
533 2276 683 2341 incendit.
728 2274 937 2342 Telmissum‘¹
951 2275 1068 2341 eadem'
1079 2277 1208 2363 expedi-

151 2361 246 2438 tione,
263 2362 379 2427 territis
394 2362 498 2428 subito
513 2362 648 2428 adventu
663 2361 768 2427 classis
787 2361 965 2447 oppidanis,
981 2364 1107 2448 recepit.
1153 2363 1207 2430 Ex

150 2445 252 2533 Lycia
265 2450 421 2532 protinus,
432 2449 527 2536 jussis
543 2449 583 2512 ab
599 2447 727 2533 Epheso
741 2449 838 2535 sequi,
854 2449 908 2535 qni
931 2447 976 2512 ibi
990 2448 1090 2513 relicti
1106 2463 1207 2530 erant,

151 2533 347 2618 perimulae
368 2535 401 2598 in
417 2535 575 2602 Graeeiam
596 2536 726 2619 trajecit.
771 2533 905 2599 Athenis
930 2543 1047 2618 paucos
1070 2547 1209 2602 moratus

151 2617 230 2700 dies,
245 2619 321 2686 dum
339 2621 495 2694 Piraeeum
517 2621 558 2684 ab
581 2621 709 2705 Epheso
730 2643 823 2684 naves
846 2620 999 2702 seruirent,
1015 2633 1113 2686 totam
1135 2619 1210 2688 inde

151 2704 283 2771 classem
296 2706 330 2771 in
346 2707 470 2773 Italiam
488 2707 624 2772 reduxit
671 2707 731 2771 cn.
748 2702 890 2794 Manlius
903 2728 1000 2795 quum
1024 2707 1209 2772 inter-cete-

150 2813 197 2868 ra,
213 2815 285 2877 quae
308 2794 491 2880 accipienda
515 2792 556 2856 ab
578 2790 735 2861 Antiocho
760 2803 860 2872 erant,
875 2790 1059 2877 elephantos
1084 2815 1210 2880 quoque

151 2880 330 2963 accepisset,
353 2881 502 2968 donoque
520 2879 655 2943 Eumeni
676 2899 784 2942 omnes
806 2877 960 2953 dedisset3
983 2877 1098 2942 deinde
1120 2899 1210 2942 caus

150 2986 200 3028 sas
228 2964 412 3047 civitatium,
434 2965 541 3030 multis
569 2966 777 3029 internosse
805 2986 855 3028 res
883 2963 1029 3042 turbatis,
1052 2965 1355 3050 cognovitinareaum

152 3049 198 3114 Et
211 3051 393 3117 Ariarathes
408 3074 475 3129 rex,
491 3064 579 3137 parte
593 3050 722 3115 dimidia
744 3051 887 3136 pecuniae
900 3050 1074 3135 imperatae,
1093 3051 1209 3116 Eume·
1218 3052 1242 3094 ⁰²
1252 3047 1348 3124 ΜΨ

136 3137 202 3200 ·ιιίι
226 3135 390 3215 beneficio,
412 3139 463 3203 eui
488 3136 700 3222 desponderat
721 3159 778 3222 per
803 3157 856 3200 cos
879 3134 948 3201 dies
969 3136 1079 3215 filiam,
1102 3120 1361 3201 remis·⁶⁰¹¹¹¹'⁰'¹‘*

151 3243 198 3304 su,
217 3222 251 3287 in
276 3224 444 3290 amicitiam
467 3235 514 3289 est
538 3237 696 3307 acceptus.
742 3222 925 3287 Civitatium
948 3234 1054 3287 autam
1073 3225 1210 3311 cognitis

514 3329 682 3375 arsacium
692 3329 768 3375 Gron.
782 3329 849 3376 Cret.
924 3343 927 3352 ’

149 3427 202 3470 aas
220 3425 304 3472 talenti
320 3426 423 3486 pondua
435 3425 475 3472 sed
491 3431 530 3474 ⁸0.
546 3426 663 3472 utentum
695 3425 802 3486 ponitur,
822 3425 884 3471 flunt
906 3437 990 3472 maroa
1010 3425 1102 3487 “genti
1121 3431 1210 3473 stult.

149 3487 193 3534 sici
205 3489 235 3536 ab
245 3489 367 3538 Antiocho
384 3491 522 3538 solvendum
538 3491 663 3538 estimant.
696 3505 751 3537 enm
763 3489 840 3536 unciis
851 3497 875 3537 4.
1026 3501 1029 3509 '

150 3553 228 3604 Nobis
242 3568 292 3602 uon
307 3556 363 3604 licet
378 3556 440 3602 hane
455 3555 614 3615 conjecturam
629 3569 664 3602 se·
728 3553 761 3602 86
780 3555 848 3610 Quod
873 3555 1029 3602 estimatione
1047 3552 1109 3618 fiat]
1141 3557 1212 3604 Latet

151 3619 203 3677 qni,
223 3625 347 3681 propterca
363 3621 431 3680 quod
453 3621 542 3668 minam
566 3621 664 3667 incitam
696 3620 912 3667 mandamineoee
922 3620 978 3680 stat.
1013 3620 1041 3666 ld
1055 3621 1132 3676 arguit
1143 3622 1212 3682 Poly·

147 3695 230 3745 putem
250 3683 314 3732 libra
331 3687 454 3743 Romana,
470 3686 605 3733 draehmam
625 3686 664 3732 de·
698 3684 813 3745 blus,'qui
832 3685 903 3731 habat
918 3683 996 3736 uehis
1013 3683 1211 3746 trincavillum

150 3748 228 3814 nario,
240 3764 268 3796 cx
284 3749 375 3812 vulgari
393 3751 543 3810 antiquorum
563 3751 664 3810 antima·
697 3748 882 3811 λιὺςἈνσιόχις.
916 3752 1001 3796 iussos
1015 3752 1210 3798 eratantiochus

148 3813 235 3874 tioue3
253 3829 280 3862 nc
295 3815 394 3876 proinde
405 3817 521 3863 talantum
539 3816 663 3870 uobisest,
696 3815 798 3862 Eumeni
825 3817 918 3861 reddere
940 3816 1002 3875 quod
1024 3815 1136 3862 frumenti
1158 3818 1212 3862 reli·

147 3889 180 3926 ut
190 3879 291 3928 Varroni
306 3883 369 3941 apud
385 3881 487 3928 Plinium
501 3883 515 3927 l.
527 3881 632 3926 XXXV.
644 3893 663 3926 o·
697 3894 769 3939 quom
780 3889 830 3927 erat
841 3893 871 3926 on
882 3893 910 3926 ao
922 3881 984 3940 qnod
1001 3882 1061 3941 patri
1076 3881 1212 3930 debebatur.

149 3949 191 3989 11.
206 3959 249 3992 tea
265 3946 369 3992 millium
385 3946 666 4003 daaoeiorum,librarum
699 3945 810 4006 Hiopro
833 3943 875 3992 itlo
898 3945 1016 3991 frumento
1038 3948 1093 3992 dare
1114 3946 1214 4003 jubetur

148 4009 311 4058 &manarum
323 4013 363 4058 60.
698 4009 788 4056 talenta
798 4015 893 4056 centurn
906 4010 991 4070 viginti
1001 4014 1100 4068 septem,
1110 4024 1139 4054 ax
1149 4011 1213 4056 atti·

183 4079 215 4122 84
230 4076 269 4122 Et
295 4076 374 4133 tritici
403 4077 535 4138 quingenta
567 4075 667 4136 quadra·
698 4069 804 4122 mationa
821 4089 891 4136 quam
908 4076 959 4135 ipso
975 4076 1075 4121 lammis
1094 4074 1116 4118 id
1129 4079 1213 4128 eche:

146 4140 224 4201 ginta
238 4141 318 4188 millia
333 4140 450 4203 mium]
472 4141 565 4190 Modica
577 4146 667 4186 metra·
698 4141 774 4200 pretio
791 4155 839 4201 quo
856 4139 906 4201 ipse
923 4141 1067 4186 frumentum
1085 4145 1213 4184 manerat.

149 4212 188 4254 tet
198 4209 306 4253 aluiso.
698 4206 800 4252 Talentm
813 4206 895 4253 Attica
910 4211 1005 4250 centum
1024 4204 1107 4260 viginti
1125 4207 1214 4263 septem

184 4277 216 4318 85
234 4271 337 4318 Palania
353 4275 458 4316 trecenta
473 4267 663 4333 quinquaginta]
700 4263 806 4316 efficiunt
826 4283 915 4317 marone
937 4269 1028 4326 argenti
1042 4271 1138 4318 llio&
1161 4283 1215 4326 cunt

152 4335 178 4382 Si
198 4335 249 4382 hac
269 4341 326 4383 sunt
345 4335 437 4382 talenta
452 4335 543 4394 Attica,
563 4335 668 4382 attolat
701 4335 777 4382 unciis
789 4340 812 4382 u.

151 4399 264 4464 intelligi,
294 4400 389 4462 quando
415 4401 531 4449 talentum
561 4401 668 4448 absolute

660 4539 661 4546 ἵ
734 4462 827 4526 abs
