3042 4954
338 195 353 225 ,
441 139 534 208 nra.
557 145 679 206 xxxt-
701 143 804 205 cnr.
824 146 919 224 xiv.
1155 154 1225 242 aa*

25 315 27 354 l
125 333 161 376 re
184 294 318 376 auri-ab
342 331 421 392 rege
436 309 611 376 Ptolemaeo
626 310 750 388 missus,
764 309 856 374 ⁵issu
878 309 977 374 millia
998 311 1140 396 peditum
1162 326 1338 377 etnusss.

124 399 246 488 equites
260 397 411 462 mercede
428 397 603 462 conductos
618 396 663 464 AE
708 409 796 481 ptum
819 397 934 462 auexit.
955 419 1015 463 nec
1029 420 1068 463 ex
1080 391 1230 485 juven-¹2
1242 393 1269 437 ὓ
1282 397 1337 437 9οα

124 495 197 549 tute
212 483 395 553 AEtulorum
409 505 604 572 quemquam
625 505 660 548 re
672 485 812 570 rqu'isset,
827 483 862 548 ni
876 484 1091 563 Damocritus,
1107 456 1346 580 nnucffiissliffl,

126 569 213 649 belli,
229 571 316 658 quod
330 570 473 648 instaret,
489 591 576 636 nunc
591 570 709 636 iuturae
731 570 908 636 solitudinis
929 569 1114 652 admonens,
1131 577 1191 656 (in-
1200 587 1330 646 Aegyptum

124 671 245 722 certum
267 679 347 722 cure
368 659 482 745 gentis,
497 679 537 722 un
561 670 597 723 ut
618 657 836 722 adversaretur
859 658 983 744 Scopae,
999 678 1111 742 parum
1135 657 1288 723 do-ffltti

122 744 173 807 nis
194 745 316 828 cultus)
334 761 459 829 partem
475 745 640 829 juniorum
661 743 845 830 castigando
866 744 954 807 domi
976 747 1192 810 continuisset.

126 830 213 894 Haec
226 853 266 894 eu
281 843 391 895 aestate
406 831 446 894 eb
463 830 616 896 Romanis
633 830 846 915 Philippoque
862 844 950 918 gesta
963 845 1062 895 erant.

164 917 295 981 XLIV.
320 917 438 982 Classis
458 939 478 981 a
496 917 637 1003 Corcyra
655 918 796 1003 ejusdem
817 917 976 1002 principio
995 919 1097 982 aetatis
1119 924 1313 982 comitumeri

125 1003 163 1067 L.
180 1003 324 1090 Apustio
338 1003 443 1090 legato
461 1003 611 1088 profecta,
629 1003 737 1068 Malea
752 1016 907 1090 superate,
923 1005 1008 1068 cirre
1022 1005 1188 1091 Scyllteutn
1200 995 1278 1052 W*

123 1091 191 1190 egri
207 1089 413 1156 Hermionici
422 1089 535 1156 Attalo
546 1092 612 1178 regi
624 1092 792 1176 conjuncta
804 1103 859 1154 est.
905 1091 937 1154 T
940 1111 992 1155 nm
1005 1113 1078 1156 vero
1090 1091 1192 1156 Athe-

123 1176 286 1242 niensium
301 1177 418 1253 civitas,
435 1177 487 1242 cni
501 1177 577 1242 odio
591 1178 623 1242 iu
642 1176 825 1262 Philippum
848 1199 904 1262 per
921 1189 1039 1240 metum
1052 1179 1117 1263 jam
1134 1178 1190 1242 din

123 1263 293 1330 moderata
314 1275 394 1341 erat,
419 1264 452 1327 id
475 1285 569 1328 omne
591 1264 626 1327 in
650 1263 759 1328 auxilii
779 1264 945 1348 praesentis
960 1284 1045 1348 spem
1069 1264 1191 1329 effudit.

124 1369 183 1414 nec
200 1371 354 1437 umquam
370 1350 415 1415 ibi
436 1349 550 1416 desum
574 1349 695 1438 linguae
719 1361 855 1435 promtae
877 1350 918 1414 ad
939 1350 1071 1436 plebem,
1085 1349 1190 1416 conci·

124 1437 276 1501 tendam:
299 1436 385 1522 quod
400 1457 511 1523 genus,
527 1459 626 1522 quum
647 1437 680 1500 in
703 1437 850 1500 omnibus
871 1436 978 1500 liberis
999 1437 1190 1514 civitatibus,

124 1536 192 1588 tum
215 1523 380 1608 praecipue
397 1523 543 1600 Athenis,
558 1523 611 1588 ubi
635 1524 738 1587 oratio
761 1522 932 1605 plurimum
954 1522 1062 1606 pollet,
1086 1523 1192 1588 farore
1291 1548 1298 1576 τ

125 1609 340 1674 multitudinis
353 1608 461 1674 alitur.
507 1610 719 1695 Rogationem
730 1608 890 1693 extemplo
904 1607 1056 1685 tulerunt,
1068 1609 1190 1693 plebes·

22 1717 25 1786 f
124 1717 188 1782 qne
210 1697 312 1773 scivit,
328 1707 363 1760 ut
379 1693 525 1780 Philippi
538 1706 664 1794 statua,
681 1697 830 1780 imagines
850 1715 959 1772 omnes,
974 1693 1301 1782 ⁵⁴nominaquemereti

1136 1785 1143 1798 ·
1199 1763 1352 1811 Atheniensi.

125 1805 241 1860 earum,
259 1785 330 1848 item
346 1783 492 1865 majorum
514 1805 577 1867 ejus
597 1783 701 1847 uirilis
719 1781 931 1845 ‹rc-'muliebris
951 1803 1038 1846 secus
1059 1803 1239 1872 nmmumum
1251 1827 1341 1873 turti-

21 1910 22 1914 =
125 1872 315 1946 tollerentur,
338 1871 586 1953 delerenturque:
610 1871 676 1932 dies
684 1869 778 1954 flesti,
800 1889 900 1945 sama,
922 1870 1100 1945 sacerdotes,
1124 1889 1298 1954 quanppum.
1329 1955 1333 1960 Ι

125 1957 222 2038 ipsius
245 1955 428 2040 majorumue
449 1955 512 2039 ejus
532 1957 658 2020 honoris
676 1975 782 2020 caussa
802 1957 945 2018 instituta
967 1965 1072 2031 esseut,
1088 1957 1191 2018 omnic

124 2042 149 2082 ⁵⁵
151 2042 414 2126 profanarentur.
457 2043 543 2105 loca
557 2062 682 2126 quoque,
698 2044 733 2104 in
746 2041 853 2125 quidus
860 2044 995 2123 positum
1005 2043 1129 2125 aliquid
1139 2043 1192 2116 in·

124 2131 307 2210 scriptumne
319 2129 444 2192 honoris
458 2127 521 2211 ejus
540 2149 647 2192 caussa
657 2127 784 2212 fuisset,
803 2127 996 2192 detestabilia
1010 2149 1082 2204 esse,
1098 2149 1194 2214 neque

123 2215 160 2279 in
171 2216 213 2280 iis
227 2216 512 2300 quidquam-postea
521 2217 602 2296 poni
612 2215 809 2298 dedicarique
817 2215 943 2296 placere
954 2235 1066 2292 eorum,
1079 2237 1147 2298 quar
1158 2217 1193 2279 in

124 2304 190 2366 ioca
199 2323 283 2384 puro
291 2303 373 2383 pani
383 2301 580 2384 dedicarique
581 2301 643 2384 fas
653 2311 738 2364 esset.
775 2301 951 2365 Sacerdotes
957 2301 1106 2383 publicas,
1119 2323 1192 2385 qua-

125 2390 306 2472 tiescumque
322 2409 385 2470 pro
399 2389 516 2470 papula
530 2386 723 2465 Atheniensi,
739 2387 895 2470 sociisque,
912 2397 941 2450 et
955 2388 1145 2465 exercitibus,
1162 2400 1193 2453 et

20 2487 21 2500 ¹
123 2475 271 2540 classibus
290 2495 392 2538 eorum
409 2484 622 2556 precarentur,
646 2476 736 2538 toties
755 2475 905 2538 detestari
925 2483 1018 2558 atque
1038 2479 1193 2540 exsecrari

126 2563 319 2644 Philippum,
335 2561 447 2624 liberos
466 2559 539 2643 ejus,
555 2581 746 2645 regnumque,
756 2569 919 2624 *terrestres
940 2563 1122 2646 nepotesque
1142 2583 1191 2626 aa·

121 2649 205 2730 pias,
222 2647 427 2710 Macedonum
438 2667 536 2731 genus
548 2667 634 2710 omne
647 2669 821 2730 nomenque.
844 2646 988 2711 additum
1004 2646 1142 2724 decreto,
1155 2651 1193 2713 Si

124 2820 419 2902 f
428 2817 1178 2901 ,a

124 2861 468 2990 contra’igncminicm,
480 2841 575 2988 price
595 2907 709 2968 honore
730 2903 793 2986 ejus
807 2841 1192 2988 dianienfircissituefdrhi

124 2994 281 3057 occidisset
294 2991 452 3077 eumjure
472 3013 626 3056 occsurum.
648 3003 810 3076 postremo
831 2988 997 3065 inclusum,
1020 2990 1062 3054 Ut
1075 2992 1210 3072 omniu,

124 3099 193 3162 quar
205 3077 382 3144 ⁵6aduersus
396 3080 618 3144 Pisistratidas
628 3079 749 3142 decreta
763 3079 914 3159 quondam
929 3085 1030 3152 erunt,
1042 3078 1145 3140 eadem
1156 3079 1191 3140 in

127 3166 492 3248 Phiiipposerccrentur.
520 3163 729 3228 Athenienses
737 3161 864 3248 quidem
875 3162 1004 3226 ⁵⁷literis
1013 3162 1189 3250 verbisque,

125 3251 241 3338 quibus
255 3250 329 3319 solis
342 3251 457 3328 velem,
473 3249 591 3315 bellum
607 3250 756 3316 adversus
773 3247 956 3334 Philippum
972 3248 1137 3336 gerebant.

168 3337 281 3402 XLV.
302 3337 430 3404 Attalus
458 3337 668 3422 Romanique,
695 3357 801 3423 qnnnr
826 3335 985 3401 Piraeeum
1014 3336 1120 3420 pritno
1147 3335 1190 3402 ab

158 3569 190 3612 ⁵8
207 3563 257 3609 Ser
276 3563 353 3609 miliia
368 3563 484 3623 peditum,
502 3569 526 3608 et
542 3559 641 3626 equites]
674 3559 928 3621 tirpuhlieirsubleta
963 3559 1043 3618 Atque
1057 3558 1102 3605 hoc
1120 3558 1189 3606 nobis

127 3628 268 3676 Sineinhio
279 3629 491 3675 exciditnnmernr
502 3629 616 3686 equitum.
674 3627 870 3688 placeret-magis.
1227 3651 1230 3656 ·

159 3699 190 3741 tr
207 3695 361 3755 Nomineqrre
386 3687 480 3756 eurem]
511 3694 551 3740 Au
576 3693 642 3739 tituli
707 3683 971 3750 intermitterentur]
987 3688 1191 3747 tnprotsnamet

127 3760 212 3806 statnir
224 3759 327 3819 Philippi
345 3764 371 3805 et
386 3758 529 3820 imaginibus
545 3759 572 3804 in
589 3758 639 3816 ejus
673 3756 833 3817 promiscuum
854 3769 922 3802 nsum
943 3759 1080 3813 statumque
1095 3767 1189 3801 reeusa-

128 3825 242 3872 honorem
253 3822 382 3884 inrcriptii
401 3824 572 3882 Aumorendn
584 3828 641 3870 runt
674 3829 765 3875 matur.
1082 3832 1084 3842 ¹

127 3889 179 3937 loeo
195 3891 234 3936 lue
245 3903 325 3946 vocer,
336 3903 364 3936 so
379 3890 503 3950 legendnm
518 3903 546 3935 ex
557 3888 641 3934 Victo·
707 3891 738 3936 56
749 3887 868 3934 Aduersus
880 3880 1061 3946 Pisistratidas]
1073 3882 1190 3933 Pisistrati

127 3954 180 4002 rino
197 3957 278 4002 codiee
295 3956 438 4016 cantuque
456 3968 545 4009 aarum,
565 3959 589 3999 et
608 3953 642 3999 sic
673 3953 769 4014 tyranni
786 3952 857 4007 lilios,
876 3950 1000 4011 Hippiam,
1018 3955 1146 4010 tyrannum
1164 3951 1190 3992 et

127 4021 258 4068 ordnunda
267 4025 323 4068 totu
330 4021 419 4076 oratio,
430 4027 459 4066 ut
469 4019 580 4079 Philippi
592 4025 642 4066 rta-
673 4019 762 4079 ipsum,
771 4019 813 4078 qni
821 4017 904 4077 pulsnt
912 4016 1015 4062 Athenis
1026 4019 1072 4072 est,
1084 4012 1189 4070 Hippar-

128 4090 183 4140 Μ,
203 4087 326 4147 imagines
343 4099 432 4142 omues,
449 4085 507 4131 item
525 4085 644 4146 majerum
675 4084 746 4131 chum
758 4084 788 4129 alr
798 4082 930 4130 Harmodio
941 4079 1189 4140 etAristogitoneoe-

128 4151 268 4210 &mults
277 4151 519 4198 aemuiieira'uem
527 4151 643 4206 amnium,
675 4150 760 4205 cirum,
772 4153 797 4194 et
807 4149 957 4195 Thessalam.

130 4219 269 4280 mum
284 4214 546 4273 masmae-arr
564 4220 592 4260 u
605 4214 643 4260 tn·
709 4211 885 4275 amenum]
915 4211 1022 4271 Scriptis,
1041 4207 1130 4280 taut,
1150 4203 1190 4249 d·-

131 4281 265 4344 utputa
281 4282 383 4330 nonina
399 4280 513 4338 rariorum
529 4279 644 4340 Philippi,
676 4279 783 4331 emtirin
794 4279 900 4340 publicar
911 4277 1004 4324 tabulas
1015 4271 1102 4318 relatur.

132 4350 155 4391 tl
167 4347 216 4408 elur
231 4345 361 4411 ipsius,ex
378 4345 488 4394 omnihus
504 4359 642 4394 monumen·
740 4385 743 4390 r
1035 4355 1038 4364 ’

689 4417 745 4471 Di
