3126 4978
388 183 449 244 306
677 231 681 237 .
781 178 1056 244 T1T1L1vr1

229 357 364 408 uomet.
389 359 498 413 centos
512 369 622 431 passus
636 345 834 411 ieiunando
845 355 950 432 patetr
973 347 1049 412 iude
1063 347 1095 412 in
1119 346 1217 412 altum
1238 339 1428 430 linguamisse
1514 357 1515 404 l

228 425 296 475 Μ·
310 429 364 474 ¹⁹⁰·
389 456 537 520 passuum
562 455 734 499 excurrens
757 432 896 498 medium
917 433 984 499 fere
1007 435 1112 500 sinum
1134 433 1219 499 velut
1235 445 1310 499 notu
1332 431 1428 496 distin-

388 523 475 609 guit3
509 520 599 586 ⁹⁵ubi
624 519 764 586 cobaeret
785 519 927 585 faucibus
945 523 1099 608 angustis,
1121 522 1202 586 duos
1226 521 1259 584 in
1282 531 1430 604 utramque

266 675 268 688 Λ
380 608 550 696 ιτεεςίοηοιη
570 617 813 691 persos'portus
835 607 1008 672 tutissimos
1032 608 1136 674 hebet
1159 607 1261 694 quiin
1283 605 1430 672 meridiem

389 697 501 796 vergit,
517 693 557 758 ab
572 713 607 758 re
620 693 781 780 adpellant
804 692 831 732 ⁰⁶
843 693 1100 773 Naustathmon¹,
1116 694 1192 788 quie
1210 694 1364 781 ingentem
1377 691 1430 755 vim

389 801 518 844 narrum
534 773 635 866 cupit:
658 779 739 846 alter
752 801 853 865 prope
866 781 970 864 ipsum
986 781 1159 867 Lamptera
1177 793 1234 846 est.

431 867 582 932 XXXII.
607 867 681 932 Hos
706 877 819 957 portus
845 868 1018 931 tutissimos
1047 887 1145 955 quum
1169 877 1352 951 occupasset
1375 864 1431 928 Ro·

390 975 484 1018 mana
506 953 631 1030 classis3
654 956 837 1042 priusquam
861 969 918 1019 aut
942 955 1043 1032 scalis,
1065 969 1120 1020 aut
1144 955 1302 1039 operibus,
1328 946 1433 1038 moenia

226 1050 284 1098 nam
300 1051 380 1098 ctam
389 1039 625 1127 adgrederetur,
642 1041 811 1105 mittendos
825 1040 946 1106 censuit
965 1057 1096 1126 proetor,
1110 1039 1165 1127 qni
1187 1041 1365 1128 principum
1377 1057 1434 1100 ma·

225 1116 641 1214 ¹¹⁰¹⁰¹¹¹⁸⁰b·.gistraruunque
656 1128 778 1192 animos
793 1138 962 1192 tentarent.
984 1125 1151 1214 postquam
1172 1126 1346 1192 obstinatos
1358 1125 1432 1199 vidit,

219 1192 324 1240 'pum'
384 1213 513 1278 duobus
538 1213 634 1278 simul
663 1213 741 1281 locis
764 1214 953 1306 obpugnare
981 1228 1029 1280 est
1047 1213 1195 1279 adortus.
1240 1214 1345 1278 Altera
1371 1230 1433 1294 pars

387 1299 570 1388 infrequens
589 1297 735 1364 aedificiis
757 1314 843 1382 erat3
866 1301 986 1385 templa
1010 1299 1119 1365 neum
1146 1301 1340 1387 aliquantum
1359 1309 1433 1361 tene·
1514 1371 1515 1386 ἶ

388 1387 466 1452 bant
475 1387 556 1452 loci:
580 1410 617 1450 ea
631 1388 719 1470 prius
740 1388 839 1452 ariete
860 1389 999 1465 admoto,
1016 1400 1145 1474 quatere
1165 1404 1273 1464 muros
1287 1385 1432 1468 turresque

358 1485 360 1492 '
386 1475 493 1560 coepit.
515 1472 641 1551 deinde,
659 1471 757 1558 quum
774 1495 812 1538 eo
827 1469 999 1539 multitudo
1014 1475 1198 1539 obcurreret
1212 1475 1266 1539 ad«
1279 1467 1432 1538 defenden-

275 1635 276 1638 ,
387 1560 475 1638 dum,
499 1561 598 1625 altera
619 1581 748 1646 quoque
768 1559 1129 1645 pertendmotus'aries.
1151 1562 1267 1647 etjam
1291 1558 1434 1642 utrimque
1514 1617 1515 1644 ,

386 1650 609 1712 sternebantur
618 1649 710 1710 muri.
724 1645 911 1733 adquorum
924 1665 1029 1712 casum
1042 1667 1141 1734 quum
1153 1648 1299 1732 inpetum
1312 1642 1434 1710 Romui

291 1753 297 1766 ¹
388 1734 501 1799 milites
515 1753 572 1820 per
586 1734 686 1818 ipsam
699 1745 835 1821 stragem
849 1735 1012 1800 ruinarum
1027 1733 1175 1812 facerent,
1185 1733 1241 1799 alii
1256 1733 1344 1799 scalis
1353 1730 1433 1796 etiarn

385 1820 573 1885 adscensum
600 1820 633 1882 in
656 1839 764 1884 muros
786 1833 960 1896 tentarent3
985 1820 1066 1886 adeo
1090 1817 1434 1886 obstinaterestiterant

385 1906 550 1992 oppidani,
566 1918 603 1970 ut
616 1904 707 1969 facile
721 1905 897 1990 adpareret,
914 1907 984 1992 plus
998 1908 1032 1972 in
1054 1907 1150 1972 armis
1166 1919 1198 1972 et
1212 1909 1338 1984 virtute,
1352 1899 1433 1991 quarn

387 1993 419 2055 in
446 1993 617 2068 moenibus,
642 1991 752 2056 auxilii
777 2015 853 2058 esse.
879 2006 1007 2058 coactus
1035 2015 1114 2081 ergo
1142 1995 1287 2078 periculo
1313 1991 1433 2056 militnm

368 2095 507 2164 ‘praetor
521 2078 662 2163 receptui
677 2081 746 2142 ceni
756 2078 859 2164 jussit,
876 2102 917 2146 ne
937 2079 1088 2165 objiceret
1109 2082 1255 2146 incautos
1274 2077 1434 2146 furentibus

383 2164 605 2250 desperatione
618 2187 656 2230 ac
670 2163 766 2229 rabie.
811 2165 969 2232 Diremtor
980 2166 1109 2252 proelio,
1124 2186 1165 2231 ne
1180 2179 1250 2232 tum
1271 2167 1388 2254 quidem
1401 2161 1434 2226 ad

385 2251 522 2337 quietern
540 2251 638 2328 versi3
661 2251 715 2317 sed
731 2251 871 2340 undique
892 2275 1000 2318 omues
1022 2252 1062 2318 ad
1085 2253 1304 2320 muniendnst
1317 2248 1434 2318 obmoli-

385 2337 479 2416 enda,
503 2361 574 2426 qum
596 2339 696 2403 ruinis
718 2351 819 2404 strete
841 2352 941 2417 erant,
964 2351 1203 2405 concurrerunt.
1251 2339 1339 2406 Huic
1358 2333 1435 2424 operi

268 2457 271 2464 =
385 2424 515 2489 intentis
544 2425 725 2510 supervenit
750 2425 796 2502 Q.
813 2428 984 2504 Antonius,
1009 2449 1029 2491 a
1057 2439 1195 2513 prretore
1217 2428 1360 2492 missure
1377 2421 1432 2508 qul,

385 2511 538 2600 castigate
560 2511 733 2596 pertinacia
754 2534 876 2590 eorum,
892 2513 1045 2599 majorem
1066 2535 1171 2578 curum
1184 2511 1344 2591 Romanis,
1357 2527 1435 2596 quam

385 2597 454 2674 illie,
481 2598 670 2676 ostenderet,
696 2619 768 2679 esse,
794 2621 832 2663 ne
854 2600 885 2663 in
913 2600 1071 2682 perniciem
1093 2600 1178 2664 urbis
1199 2592 1434 2687 pugnaturas

386 2683 645 2768 obsisteresurore
658 2685 777 2766 uellent,
789 2695 969 2768 potestatem
989 2687 1027 2751 iis
1048 2689 1123 2752 dure
1144 2688 1253 2751 eadem
1275 2685 1433 2758 conditore,

385 2793 446 2856 qua
458 2772 546 2855 prius
560 2772 597 2837 C.
605 2772 691 2836 Livii
703 2771 837 2852 infidem
850 2775 1004 2850 emissent,
1016 2793 1049 2838 ae
1063 2771 1226 2838 trudendi·
1254 2773 1338 2838 Hoec
1350 2787 1433 2858 quum

385 2858 560 2940 audissent,
574 2859 714 2946 quinque
735 2860 859 2924 dierum
886 2860 991 2943 spatio
1008 2859 1047 2924 ad
1071 2859 1312 2926 deliberandum
1335 2865 1433 2926 summ,

387 2958 505 3010 tentata
530 2946 657 3010 interim
682 2966 739 3030 spe
767 2945 878 3011 auxilii
901 2947 943 3012 ab
969 2945 1141 3024 Antiocho,
1165 2947 1334 3032 postquam
1355 2938 1434 3029 tegni

387 3032 473 3097 missi
487 3032 528 3097 ad
543 3053 661 3120 regem,
677 3031 758 3096 nihil
780 3032 813 3097 in
835 3055 873 3098 eo
888 3055 956 3098 esse
976 3032 1125 3117 presidii,
1141 3031 1355 3107 retulerant”;
1379 3041 1434 3092 tun

226 3127 379 3178 momente·
388 3132 495 3205 portas
509 3130 712 3204 aperuerunt,
727 3119 867 3204 paetino
882 3119 958 3207 quid
973 3119 1087 3184 hostile
1100 3131 1295 3205 paterentur.
1339 3116 1434 3194 Quum

224 3198 303 3305 '’9¹²2‘'
315 3208 368 3258 ’μ’
389 3207 481 3296 signa
497 3205 529 3269 in
555 3205 665 3272 urbem
686 3205 889 3282 inferrentur,
905 3220 937 3273 et
959 3207 1200 3291 pronunciasset
1216 3218 1346 3291 praetor,
1363 3197 1434 3287 parci

225 3273 297 3306 '¹⁰¹¹'
388 3316 421 3357 se
435 3292 550 3358 deditis
565 3291 653 3370 velle,
669 3291 789 3358 clamor
803 3293 946 3380 undique
967 3305 1014 3359 est
1035 3293 1187 3374 sublatus,
1202 3283 1434 3380 indignumfuc'e

387 3401 443 3443 nus
463 3401 536 3456 erae,
562 3381 764 3458 Phocaeerues,
785 3401 947 3466 numquam
962 3380 1047 3461 fidos
1069 3382 1172 3458 socios,
1194 3401 1309 3463 semper
1323 3375 1436 3463 'timna

355 3501 357 3506 ·
389 3467 494 3544 hortm,
510 3465 622 3548 inpune
636 3464 763 3532 eludere.
808 3466 862 3531 Ab
884 3467 944 3532 hac
966 3489 1053 3545 voce,
1067 3467 1154 3533 velut
1174 3467 1299 3552 signos
1313 3473 1436 3550 proetore

225 3551 288 3602 Uti·
299 3553 474 3630 dirisi-dato,
491 3552 532 3616 ad
546 3551 758 3637 diripiendam
773 3552 884 3618 urbem
900 3554 1015 3638 passim
1030 3552 1257 3618 discurrerunt.
1301 3545 1436 3642 AEmilittt

223 3624 271 3668 ω’·
388 3639 493 3724 primo
510 3639 651 3704 resistere
665 3648 697 3703 et
711 3661 869 3718 revocare,
885 3641 1030 3719 dicendo,
1045 3650 1159 3724 captus,
1174 3663 1234 3704 non
1255 3639 1382 3712 deditus,
1396 3632 1435 3694 dt·

385 3726 446 3808 sipi
469 3727 576 3790 urbest
598 3736 627 3788 et
649 3728 681 3789 in
707 3727 754 3790 tte
777 3737 879 3792 tamen
903 3729 1060 3792 arbitrium
1084 3747 1148 3791 esse
1169 3725 1365 3810 imperatoris,
1386 3733 1436 3782 tvl

387 3811 522 3877 utilitum.
567 3811 741 3900 Postquam
757 3815 805 3879 ira
818 3826 850 3880 et
864 3814 996 3882 avaritia
1008 3815 1142 3900 imperio
1155 3813 1334 3900 potentiora
1346 3813 1435 3876 erent,

385 3898 587 3985 praeconibus
602 3921 659 3982 per
671 3898 781 3964 urbem
798 3902 909 3977 missis,
924 3900 1041 3965 liberos
1064 3922 1173 3964 omnes
1196 3901 1226 3963 in
1243 3899 1343 3964 forum
1359 3891 1395 3958 ad
1410 3908 1437 3950 se

383 4061 387 4071 ’
477 4048 484 4086 ¹
496 4053 667 4099 Naustathmos
678 4055 708 4100 ab
718 4069 745 4146 sq
756 4056 890 4116 appellatur
901 4055 973 4101 Gran.
989 4055 1057 4101 Crev.
1122 4057 1142 4085 ¹¹¹
1151 4053 1285 4100 retulerunt
1295 4046 1357 4097 Eoed.
1514 4011 1515 4092 l

385 4185 449 4244 qnod
462 4185 555 4246 tignum
570 4192 633 4231 essct
652 4185 825 4242 navigantibus.
842 4187 902 4234 llaec
934 4185 1008 4233 hoeret
1018 4186 1137 4248 Lampteri
1148 4199 1190 4247 per
1200 4185 1279 4231 lenset
1290 4184 1405 4244 augustet·

385 4250 449 4296 enim
467 4256 504 4297 est
524 4250 559 4296 ris
581 4256 606 4296 et
625 4263 685 4297 usur
702 4251 805 4298 nominis
825 4252 901 4298 Greci
967 4256 999 4301 96
1023 4247 1206 4313 Naucratem]
1225 4251 1333 4296 Gratum
1351 4249 1437 4292 nautes

385 4313 486 4373 nuperi
498 4347 504 4359 ·
934 4331 949 4366 a
960 4317 1008 4368 ναῦς
1016 4318 1097 4377 navis,
1107 4325 1132 4364 et
1142 4317 1231 4377 crispos
1242 4315 1321 4376 stelle.

417 4386 448 4427 95
468 4335 515 4426 lde·
530 4375 642 4444 coleret]
660 4382 697 4429 Eo
718 4382 779 4440 loco,
799 4382 840 4430 ubi
857 4395 898 4429 cn·
1147 4388 1152 4395 ’
