3126 4978
332 155 394 218 ado
724 149 1021 217 ’ΤΙΤΓἨἨΓ

170 331 309 384 umnam.
327 319 625 404 pertinerecessasst'
638 317 1232 406 Erexeratexspoetstiansoofnsulnr
1251 331 1296 400 et,
1310 323 1408 398 erin'

169 397 308 447 ΝΛΜ·
319 409 493 492 '²enprosssia,
515 406 630 492 inquit,
645 409 722 490 qnid
740 407 786 471 rei
797 408 866 472 sicr
890 407 976 472 Tum
999 406 1188 484 anntus:
1212 409 1335 494 Ecquid
1346 399 1396 472 oi·

331 497 394 574 des,
412 495 581 572 te,·deoicto
595 492 751 572 Antiocho,
766 495 798 558 irs
818 495 934 560 dubus
954 493 1077 560 ssrhs‘lsns
1091 495 1300 580 obpugnandis
1321 505 1403 560 tesn-¹

329 603 386 665 pus
400 593 504 658 terere,
518 601 610 666 quum
614 577 687 664 jam
699 601 793 663 propa
806 600 902 646 munst
921 581 1116 646 cenninus
1128 582 1171 646 sit
1186 581 1307 664 imperii
1320 584 1395 648 tui?

332 668 505 752 Philippum
520 676 632 743 umens,
648 665 702 750 qui
715 687 776 730 non
789 666 894 743 aeon,
910 688 970 732 non
983 666 1076 752 signu
1089 667 1218 732 hostiurn
1231 667 1319 745 vidit,
1334 689 1397 732 sou

331 753 430 818 colum
439 751 716 838 urbenaedtotp'om
722 751 1075 838 gentenrttlsumuniarn,
1087 753 1305 831 Perrhaebiam,
1314 754 1400 836 Apa-

331 841 477 920 emnam,
493 839 674 922 Dolopiam,
689 837 749 903 sihi
762 837 964 924 adjunxisse?
987 839 1087 924 Atqui
1098 863 1157 906 non
1172 849 1290 906 tuntum
1303 841 1396 906 inter·

208 951 210 960 ’
283 941 287 949 ’
332 936 376 992 ess
389 936 504 1005 nostro,
515 927 692 990 AEtohsrusn
706 947 778 1008 opes
791 947 830 991 oc
842 926 923 990 uires
943 925 1049 1006 minui,
1060 937 1216 1012 cisonium,
1231 949 1290 992 non
1303 947 1398 1011 supro

331 1015 451 1080 niodum
464 1012 641 1095 Philippum
661 1021 847 1092 messenen
867 1012 995 1077 victorin
1017 1023 1078 1082 rae
1097 1012 1257 1096 praemium
1271 1023 1301 1076 te
1313 1013 1397 1079 mili·

333 1109 432 1250 fsgeure
446 1109 512 1166 tuos
524 1101 652 1168 nondum
666 1101 744 1164 duos
758 1099 855 1176 arbes,
868 1099 1045 1181 Philippum
1060 1109 1103 1165 tot
1123 1109 1250 1186 gentes‘
1264 1099 1402 1166 &ecte
1468 1143 1477 1158 .

356 1206 375 1252 o
428 1208 455 1251 e.
1080 1233 1082 1244 ·
1223 1248 1225 1254 .

375 1271 521 1338 XXXV.
544 1270 792 1338 Adsentiebatur
815 1269 866 1338 his
889 1271 1018 1338 consul:
1042 1273 1096 1340 aed
1120 1272 1235 1359 pudor,
1256 1272 1283 1338 ai
1306 1273 1398 1340 irrito

332 1359 460 1445 incepto
475 1357 659 1424 abscederet
672 1358 849 1440 obsidione,
864 1358 1069 1426 obcurrebst:
1093 1372 1160 1426 tota
1181 1359 1257 1425 inde
1272 1359 1398 1438 Quinc-

333 1445 379 1511 tio
393 1446 607 1531 resperrnissa
628 1458 687 1512 est.
731 1445 765 1512 Is
785 1467 894 1510 rursus
915 1445 957 1510 ad
982 1468 1051 1512 eem
1075 1460 1198 1532 partem
1221 1448 1316 1524 usuri,
1333 1469 1397 1548 qim

333 1531 442 1618 paullo
463 1544 538 1598 ante
562 1530 736 1598 vociferati⁴
749 1531 851 1598 AEtoli
874 1530 1010 1614 fuerant,
1031 1533 1136 1599 rediit.
1157 1533 1203 1598 ibi
1225 1555 1324 1620 quum
1345 1555 1398 1600 sn·

332 1619 461 1704 pensius
489 1631 629 1698 orarent,
659 1633 695 1686 ut
723 1619 926 1684 misereretur
953 1621 1056 1706 gentis
1085 1619 1281 1697 AEtolorum‚
1307 1619 1400 1686 exire

333 1705 456 1794 aliquos
469 1705 511 1772 ad
526 1728 559 1770 se
568 1705 674 1792 jussit.
720 1704 874 1770 Phaeneas
889 1705 957 1790 ipse
969 1705 1191 1792 principesque
1205 1704 1259 1771 alii
1273 1717 1398 1772 extem-

334 1792 389 1877 plo
410 1792 527 1880 egressi
552 1802 636 1858 sunt.
658 1791 774 1878 quibus
794 1791 969 1877 provolutis
990 1791 1032 1856 ud
1056 1793 1163 1878 pedes,
1179 1795 1332 1873 Fortuna,
1345 1791 1398 1856 in-

334 1877 414 1966 quit,
430 1876 631 1960 uestrosaoit,
644 1889 679 1942 ut
692 1889 723 1942 et
735 1879 791 1942 irre
803 1899 879 1942 mese
889 1888 920 1942 et
930 1879 1061 1944 orationi
1070 1889 1242 1962 temperem.
1263 1881 1397 1946 ¹Ideessa·

332 1976 410 2042 rnnt‚
427 1987 494 2050 quoe
506 1965 637 2048 proediri
650 1974 802 2032 euentura.
824 1974 854 2028 et
868 1985 906 2028 ne
927 1965 981 2030 hoc
995 1963 1111 2050 pridem
1126 1967 1232 2052 reliqui
1245 1965 1327 2032 ochis
1340 1975 1397 2046 est,

333 2062 367 2115 nt
380 2051 517 2136 indignis
531 2051 677 2116 occidisse
691 2072 728 2116 eo
749 2051 914 2116 uideantur.
958 2054 1031 2138 Ego
1045 2061 1152 2130 tamen,
1167 2063 1246 2118 sorta
1262 2053 1397 2138 mudum

332 2136 524 2202 luntriendoe
540 2137 665 2202 Graecin
678 2140 778 2214 darm,
792 2137 976 2222 meingratis
989 2139 1105 2224 quidem
1116 2137 1288 2221 benefacere
1300 2139 1397 2204 ahsis-

334 2232 410 2288 ttsm.
446 2223 566 2289 Mittite
578 2233 712 2290 oratores
731 2225 774 2290 ad
786 2225 947 2300 connotent,
963 2226 1014 2309 qui
1034 2225 1171 2290 isidorius
1184 2236 1305 2292 tantum
1320 2235 1396 2292 tens·

329 2310 727 2488 trititittttt
742 2311 1398 2483 littritttffltttttttt

169 2485 643 2570 mamneomueooonodero.
666 2483 727 2560 Ite,
739 2497 775 2550 ut
785 2497 950 2550 censuerat
960 2483 1143 2563 Quinctius,
1155 2484 1314 2552 fecerunt:
1337 2507 1397 2552 nec

168 2640 233 2683 tunt.

168 2583 232 2618 Μ
240 2569 298 2618 mrs-
332 2570 541 2656 adspernatus
555 2581 602 2636 est
615 2569 806 2658 legationem
825 2569 948 2636 consul·
969 2569 1167 2658 induciisque
1181 2571 1215 2636 in
1229 2566 1314 2637 diem
1328 2594 1398 2638 cer·

333 2669 399 2722 tum
422 2657 514 2736 datis,
533 2679 598 2744 qua
611 2656 732 2746 legatio
755 2655 935 2722 renuncinri
959 2658 1001 2723 ab
1029 2658 1135 2724 Roma
1157 2671 1274 2744 posset,
1292 2657 1399 2728 soluta

331 2743 455 2810 obsidio
470 2756 529 2826 est,
545 2755 578 2810 et
591 2744 747 2810 exercitus
764 2744 798 2808 in
822 2743 996 2810 Phocidem
1018 2745 1142 2810 missus·
1186 2743 1308 2812 Consul
1322 2767 1398 2812 cum

282 2835 285 2852 '
332 2831 375 2896 T.
396 2830 552 2909 Quinctio
574 2830 616 2896 ed
638 2830 816 2898 Achaicum
841 2829 1012 2896 concilium
1037 2831 1173 2918 AEgium
1198 2831 1330 2918 trajecit.
1352 2831 1397 2896 ibi

331 2919 373 2984 de
388 2917 474 2984 Eleis
488 2931 521 2984 et
540 2917 603 2984 del
616 2917 778 2984 exsulibus
795 2916 1109 2988 Lacedaemoniorum
1130 2918 1329 2984 restituendis
1344 2933 1398 2984 so·

331 3021 412 3070 tum.
434 3020 465 3071 et
480 3017 594 3070 neutra
607 2997 747 3090 periente
760 3026 820 3082 res,
836 3004 934 3092 ⁸quia
949 3027 1016 3070 suae
1029 3005 1141 3093 gratiae
1156 3006 1311 3072 reservari
1325 3027 1398 3070 eam

332 3089 457 3170 Achaei,
481 3091 553 3157 Elei
575 3113 633 3177 per
652 3113 684 3158 se
715 3092 787 3176 ipsi,
810 3113 907 3178 quam
928 3113 985 3176 per
1015 3091 1190 3170 Romanos,
1216 3092 1398 3160 maluerunt

185 3211 204 3230 ·=
254 3229 255 3236 κ
332 3178 475 3245 Achaico
488 3177 648 3244 contribui
663 3177 809 3242 concilio.
827 3175 871 3242 -Ε
895 3177 1047 3244 irotarum
1070 3176 1165 3264 legati
1180 3178 1221 3244 ad
1236 3177 1398 3252 consulem

208 3277 210 3282 '
331 3277 497 3344 venerunt,
513 3287 594 3416 (lum
607 3285 675 3329 non
694 3263 855 3329 sincerafi
878 3286 896 3329 e
910 3263 943 3328 in
958 3264 1099 3330 amicitis
1119 3263 1215 3332 fuisse
1229 3265 1307 3335 satis
1320 3283 1398 3330 con-

243 3359 246 3366 '
331 3352 452 3418 stabat:
475 3352 519 3416 mi
533 3353 609 3418 item
623 3364 729 3416 temen
746 3349 870 3416 nullum
892 3349 1056 3419 Antiocho
1078 3351 1240 3418 dederant.
1264 3351 1400 3437 pecunia

327 3439 447 3526 juvisse
461 3461 533 3504 eum
555 3435 838 3514 insimulabantur3
862 3437 982 3525 legatos
1002 3437 1044 3504 ed
1066 3459 1172 3529 regem
1192 3461 1235 3504 ne
1250 3439 1315 3523 ipsi
1327 3438 1397 3540 qui·

332 3523 407 3590 dens
434 3524 553 3592 misisse
581 3524 815 3591 inficiabantur.
860 3523 904 3590 lis
926 3524 1115 3609 petentibus,
1139 3537 1175 3591 ut
1200 3525 1235 3590 in
1257 3524 1397 3592 amicitia

331 3610 467 3698 pristina
480 3633 547 3676 esse
569 3610 688 3690 liceret,
705 3609 867 3694 respoudit
886 3611 1007 3689 consul,
1025 3612 1064 3676 Se
1082 3622 1179 3677 utrum
1202 3613 1340 3690 hostium,
1356 3633 1398 3676 on

330 3708 508 3782 pacatorum
530 3719 581 3762 eos
600 3719 722 3763 numero
743 3699 875 3776 traheret,
890 3701 1018 3764 nondum
1036 3698 1126 3764 scire.
1167 3700 1312 3766 Senotmn
1332 3697 1398 3784 eius

329 3787 375 3851 rei
386 3782 520 3871 jndicem
534 3782 617 3868 sore.
662 3785 819 3872 integrum
841 3807 873 3850 sa
896 3805 1034 3850 caussam
1056 3807 1159 3850 eornm
1173 3786 1305 3850 Remum
1326 3783 1397 3870 reji-

207 3975 209 3986 .
331 3907 359 3979 '¹‘
369 3906 474 3954 nondum
486 3892 522 3954 sn
532 3907 609 3966 siries,
622 3911 678 3970 qaas
689 3905 840 3970 Philippum,
848 3913 933 3968 pentes
941 3913 984 3954 ete.
994 3907 1070 3954 Grau.
1079 3907 1148 3955 Cres.
1195 3903 1248 3954 ‘de
1257 3903 1304 3954 del.
1314 3891 1381 3954 ssei‘.

366 4016 381 4059 ⁷
397 4005 542 4056 Nutriendoe
554 4002 800 4072 Gracifflorendre,
809 4007 850 4068 ju·
882 4006 1024 4056 venturum
1036 4019 1085 4054 non
1102 4006 1163 4054 solet
1178 4004 1284 4057 adhiberi
1300 4005 1327 4054 in
1342 4019 1396 4067 pnt-

333 4073 744 4122 rnodn.Vid.1V.52.etV11.4.
882 4073 1017 4120 titionibus.
1061 4071 1139 4120 Possis
1175 4071 1250 4128 legere
1288 4073 1396 4120 meran.

366 4146 380 4188 8
400 4141 467 4197 Quin
482 4156 532 4188 sure
546 4139 637 4201 gratiis
656 4133 851 4200 rosmarinum]
883 4137 994 4184 *Sensus
1015 4141 1066 4183 est:
1083 4138 1140 4199 quis
1159 4135 1241 4184 Achaei
1263 4137 1397 4184 meluerunt

334 4203 423 4254 'risam
438 4205 509 4254 debet
525 4205 627 4266 intelligi
645 4205 674 4252 de
690 4218 715 4251 ra
734 4205 763 4250 sd
779 4203 850 4250 hese-
882 4203 1072 4250 hseedreruonios
1099 4203 1190 4252 exsules
1217 4202 1262 4250 sibi
1289 4203 1396 4259 obligsri,

332 4271 462 4318 inmanior
483 4272 575 4319 exsules
601 4269 745 4331 pertinente,
764 4267 803 4315 cui
825 4269 851 4316 in
884 4282 954 4328 quem
975 4267 1100 4325 Romanis,
1125 4265 1283 4318 restitutionis
1310 4268 1336 4316 in
1358 4281 1399 4332 pa·

333 4336 486 4397 sequentibus
502 4335 732 4398 opponunturls'lei·
765 4333 811 4383 Sed
827 4335 850 4381 id
882 4334 952 4382 triam
964 4333 1086 4386 beuehmo.
