3082 4976
380 157 440 212 tte
780 148 881 218 T1T1
910 149 1036 212 Lrvlr

214 319 351 382 1¹·⁰·⁵⁶e·
376 312 499 380 Eadem
525 313 634 400 paullo
660 326 739 401 port,
759 333 858 464 quum
883 313 1024 402 undique
1048 314 1280 394 disserennsret,
1303 317 1420 389 sublate.

212 385 243 434 Δ
253 386 282 440 ⁰·
296 394 350 437 ¹⁸⁸·
374 398 639 486 ⁷⁸defunctoeque
655 399 750 487 vulgo
778 399 918 478 erebant,
935 401 1020 487 quod
1042 400 1124 466 inter
1139 402 1245 469 fatalis
1258 415 1341 468 vetet
1353 406 1421 470 ceci·

374 487 504 564 niment,
516 507 642 554 neeesse
652 509 722 558 esse
733 485 940 555 tabernacula
950 488 982 552 in
994 487 1064 553 foro
1074 489 1180 554 stetui.
1219 487 1421 580 Haecreligim
1486 523 1487 554 2

374 594 417 640 tre
429 572 540 640 ieratis
554 572 653 644 sitem
666 573 792 660 injectu,
831 572 895 644 uod
917 574 1070 673 sunguine
1091 596 1149 659 per
1162 573 1293 642 biduum
1307 575 1421 660 pluisset

374 659 409 724 in
424 681 498 725 area
512 658 665 724 Vulcani:
689 671 793 814 mer
808 595 1005 724 decemviros
1026 659 1218 746 supplicatio
1237 660 1355 738 indicte
1365 674 1422 734 eret

375 745 444 831 ejus
457 744 596 832 prodigii
611 745 688 829 erpi
753 745 764 810 i
786 765 909 816 centem
953 745 1143 832 Priusquam
1157 746 1302 824 consules
1316 748 1422 833 inpro-

374 831 494 900 vinctu
509 829 795 916 proficiscerentur,
809 830 984 916 legationes
1005 833 1230 908 trentmnrinrts
1248 833 1282 901 in
1297 847 1423 902 senatun

375 917 631 985 introduxerunt.
653 939 713 983 nec
734 939 787 987 um
815 939 885 985 uem
908 929 983 984 ente
1005 930 1128 988 tentum
1150 919 1288 1007 regionis
1302 920 1363 1006 ejus
1377 921 1423 986 ho·

215 1007 361 1086 nesteron
375 1002 497 1070 minum
515 1003 629 1070 Romre
643 1002 756 1074 fueret·
835 1024 887 1069 em
906 1025 946 1071 ex
964 1026 1028 1089 quo
1050 1003 1134 1080 fame
1154 1026 1212 1092 per
1232 1017 1350 1105 gentes,
1363 1027 1422 1091 qun

214 1075 334 1137 ¹'h¹¹'¹'¹'⁰·
376 1089 601 1158 Macedonium
622 1089 783 1166 udeolunt,
799 1089 928 1176 vulgate
942 1102 999 1168 eet,
1016 1090 1150 1160 crimine
1163 1093 1421 1177 querimoniasque

374 1176 416 1242 de
443 1174 596 1260 Philippo
620 1197 685 1241 non
712 1177 919 1262 neglegenter
943 1177 983 1244 eb
1011 1176 1166 1245 Romanis
1194 1177 1308 1254 audiri,
1331 1177 1423 1251 muttit

375 1283 484 1349 cperoe
507 1263 643 1345 pretium
665 1261 764 1329 tuisse
785 1262 893 1347 queri3
916 1283 976 1346 pro
996 1285 1029 1328 se
1043 1283 1179 1349 quaeque
1199 1263 1341 1338 civitates
1359 1285 1423 1347 gen·

376 1363 493 1435 resque,
510 1348 627 1436 singuli
641 1348 736 1418 etiam
750 1347 911 1433 privatim,
929 1347 1047 1434 (gratie
1060 1349 1146 1416 enim
1164 1348 1278 1424 edcole
1291 1349 1422 1422 omnibus

375 1439 456 1516 erut)
478 1436 626 1512 Romen,
639 1447 697 1504 eut
714 1434 754 1500 ed
770 1454 858 1518 spem
880 1433 1024 1500 levsndae
1046 1433 1182 1521 injurise,
1196 1447 1255 1501 aut
1269 1435 1309 1500 nd
1323 1433 1422 1503 deflen-

375 1519 428 1587 dae
451 1519 612 1600 solatium,
628 1531 793 1586 venerunt.
838 1518 882 1585 Et
903 1519 944 1586 eb
962 1519 1108 1588 Eumene
1130 1541 1203 1621 rege
1225 1520 1342 1608 legatio
1362 1535 1421 1585 cum

375 1606 471 1672 fratre
494 1608 562 1694 ejus
577 1605 736 1677 Athenaeo
749 1604 835 1670 venit
860 1605 902 1672 ed
946 1607 1132 1686 uerendum,
1154 1606 1248 1672 ermul
1286 1606 1349 1676 uod
1370 1627 1422 1678 non

373 1692 608 1760 deducerentur
622 1713 664 1758 ex
678 1691 820 1758 Thracis
833 1627 992 1776 praesidia,
1004 1692 1099 1759 simul
1111 1693 1194 1779 quod
1209 1693 1245 1758 in
1258 1630 1422 1780 flithynian

377 1779 502 1847 Prusiae
517 1779 637 1849 bellum
652 1778 805 1848 adversus
819 1777 996 1846 Eumenem
1017 1780 1141 1866 gerenti
1156 1779 1275 1851 auxilie
1288 1781 1376 1846 missa
1387 1776 1423 1840 ie

373 1879 455 1932 rent.

213 1968 349 2016 nemeen·
418 1951 565 2020 XLVII.
589 1948 859 2035 Respondendum
880 1949 922 2014 sd
936 1948 1165 2034 omninjuveni
1181 1962 1252 2016 tum
1267 1949 1421 2018 admodum

212 2039 304 2146 ffifffl
315 2035 354 2082 ὼ·
374 2038 542 2104 Demetrio
556 2048 641 2114 erstr
663 2057 761 2122 quum
775 2033 863 2108 baud
877 2034 969 2102 facile
989 2046 1082 2115 esset,
1098 2047 1154 2102 eut
1168 2060 1216 2115 eu,
1233 2059 1307 2124 qum
1323 2036 1420 2122 objice-

237 2104 296 2146 Μ’
372 2136 494 2202 rentur,
510 2136 566 2190 eut
579 2145 652 2210 quae
678 2121 827 2186 adversus
848 2143 886 2187 eu
907 2119 1044 2187 dicende
1064 2137 1165 2200 erent,
1182 2123 1335 2200 memorie
1350 2142 1419 2186 com·

372 2211 479 2296 plecti.
501 2231 561 2276 nec
580 2212 665 2274 enim
681 2207 783 2274 multe
796 2207 910 2288 solum,
923 2207 981 2274 sed
1001 2207 1095 2273 etiem
1118 2207 1271 2294 pleraque
1285 2205 1420 2293 ⁷⁹uppido

370 2317 469 2383 quem
494 2316 593 2381 parve
616 2307 726 2361 erent-r
748 2293 790 2358 de
809 2293 1025 2360 controversie
1047 2292 1173 2372 finium,
1193 2295 1235 2360 de
1256 2293 1419 2361 hominibus

371 2384 472 2468 ruptis
492 2382 726 2468 pecoribusque
739 2381 870 2461 abaetis,
884 2379 925 2444 de
941 2379 1014 2465 jure
1035 2391 1093 2444 sut
1116 2379 1203 2447 dicto
1217 2381 1311 2468 ⁸⁰per
1332 2376 1419 2444 libidi-

370 2490 446 2538 nem
461 2481 596 2535 autnon
610 2467 710 2548 dicto,
724 2465 875 2533 derebus
893 2487 951 2552 per
966 2466 1028 2530 vim
1044 2479 1101 2530 sut
1121 2487 1180 2551 per
1225 2469 1334 2544 retiam
1349 2463 1419 2551 judi·
1485 2507 1486 2530 t

371 2556 459 2622 catis.
482 2555 562 2620 nihil
576 2555 692 2622 horum
708 2575 809 2639 neque
820 2549 1022 2624 Demetrium
1036 2551 1152 2618 docere
1166 2490 1316 2631 difucide,
1331 2572 1382 2618 nec
1392 2569 1418 2612 se
1485 2563 1486 2566 ’

371 2643 446 2708 setis
460 2640 581 2728 liquido
595 2641 716 2706 discere
730 2639 771 2703 ab
786 2661 825 2704 eo
841 2650 967 2704 senatus
981 2658 1081 2726 quum
1101 2651 1247 2704 cerneret
1268 2660 1370 2726 posse3
1386 2633 1419 2712 si·

373 2728 440 2795 mul
455 2739 487 2794 et
502 2727 661 2808 tirocinio,
674 2738 708 2791 et
721 2723 963 2811 perturbatione
977 2724 1103 2810 juvenis
1117 2739 1315 2802 moveretur3
1336 2719 1419 2810 queri

256 2853 258 2860 ·
367 2814 464 2901 jussit
477 2813 519 2881 eb
541 2835 591 2892 eo,
604 2835 734 2897 ecquem
760 2812 802 2877 de
823 2810 874 2875 his
897 2809 992 2879 rebus
1016 2812 1284 2888 commentarium
1306 2835 1324 2876 e
1346 2818 1419 2894 patre

371 2899 565 2988 accepisset?
609 2899 720 2976 Quum
742 2896 965 2982 respondisset
989 2899 1140 2981 accepisse
1160 2919 1210 2973 se,-
1240 2896 1320 2962 nihil
1345 2893 1418 2979 prins

371 3009 431 3054 nec
445 2989 553 3073 potius
568 2987 669 3052 visum
684 2999 741 3062 est,
756 3005 853 3072 quem
875 2983 960 3070 regis
982 2982 1081 3066 ipsius
1095 2982 1137 3048 de
1158 2982 1293 3070 singulis
1308 2998 1418 3065 respon·

370 3097 408 3140 se
434 3075 587 3158 accipere.
632 3071 769 3138 Librum
795 3073 960 3154 extemplo
987 3082 1219 3154 poposcerunt3
1250 3067 1378 3153 deinde·
1390 3071 1418 3128 ut

370 3160 439 3247 ipse
454 3160 610 3237 recitaret.
625 3157 847 3244 permiserunt.
891 3155 995 3224 Erunt
1008 3167 1114 3222 sutem
1135 3155 1176 3222 de
1196 3155 1291 3222 rebus
1304 3148 1417 3239 singulis

371 3248 406 3312 in
421 3248 515 3312 breve
529 3259 649 3312 coectoe
662 3265 799 3312 cnuesoer
822 3254 860 3308 ut
873 3241 936 3306 elie
954 3239 1062 3306 fecisse
1083 3264 1116 3306 se
1137 3241 1312 3308 secundum
1326 3239 1417 3304 decre·

371 3347 406 3400 ts
427 3333 606 3419 legatorum
626 3331 775 3405 docerem
796 3328 859 3405 slis
878 3349 944 3394 non
964 3347 1073 3411 perse
1095 3325 1307 3413 stetisseque
1330 3322 1416 3406 minut

371 3422 500 3495 faceret,
516 3418 570 3482 sed
586 3439 644 3503 per
657 3439 712 3482 eos
726 3415 821 3501 ipsos,
836 3413 893 3501 qui
914 3426 1109 3480 accusarent.
1154 3413 1382 3497 Interposueret
1393 3414 1416 3468 et

370 3505 512 3590 quereias
537 3503 587 3570 de·
603 3501 770 3590 iniquitate
793 3501 1004 3577 decretorum,
1019 3510 1051 3570 et
1067 3519 1166 3586 ,qutun
1186 3520 1255 3564 uon
1276 3521 1318 3565 ex
1339 3511 1415 3580 aeq11⁰

402 3743 628 3803 7811efimcteeqtoe
661 3742 734 3801 uulgo
760 3734 885 3799 serebant]
916 3739 962 3786 teri
995 3738 1159 3786 credebantur.
1199 3737 1332 3796 Defuncter
1348 3726 1414 3791 'isliu'

369 3809 477 3854 Andreas
488 3807 559 3853 hebet
571 3808 737 3868 defunctosque
743 3807 803 3866 fato
813 3806 886 3864 netgo
909 3805 979 3864 satu,
992 3805 1016 3849 id
1032 3809 1078 3860 ert,
1091 3804 1183 3850 solutos
1199 3809 1225 3849 et
1240 3803 1365 3859 exemptor,
1379 3802 1413 3840 net

362 3873 489 3933 ferebant:
508 3873 547 3918 cui
563 3872 726 3918 assentiuntur
736 3871 803 3917 codd.
835 3871 886 3918 Bu·
918 3867 982 3917 ultre
990 3869 1025 3915 illi
1037 3869 1088 3916 tuto
1099 3868 1224 3916 obnoxios.
1257 3867 1394 3916 Humum

369 3939 418 3995 dei,
434 3938 475 3997 qut
491 3939 561 3983 setun
579 3943 656 3991 notat,
667 3936 759 3982 Anum
772 3935 842 3995 prior.
855 3935 883 3979 sd
893 3941 905 3962 ¹
951 3940 981 3984 re
1002 3932 1094 3993 Oppido
1106 3948 1177 3995 qnam
1188 3930 1276 3994 pm]
1296 3923 1412 3974 Admodum

368 4004 444 4050 Psnd.
461 4017 484 4062 p.
502 4003 668 4052 57⁵..hornm
684 4001 807 4047 verborum
830 4011 885 4044 sen·
917 4012 996 4059 perro„
1030 3998 1068 4044 Sic
1086 3989 1234 4044 txxxvr.
1251 4011 1271 4042 c.
1288 3997 1325 4038 2⁵.
1341 3998 1411 4048 supr·²

369 4083 422 4118 sum
432 4072 498 4114 erse:
517 4065 589 4128 vulgo
601 4068 636 4113 its
651 4066 797 4121 dimitemus,
808 4077 884 4124 popu·
917 4059 1326 4124 oppidoquantrevetetmaum
1397 4111 1401 4120 ,

368 4135 420 4181 lum
446 4133 582 4179 ltrrrnsnum
609 4131 726 4190 eiusmodi
754 4136 884 4176 castrorum
951 4124 1208 4190 cotrarietatem]
1224 4121 1411 4174 strenuorum·

369 4198 472 4260 imgine
483 4211 535 4256 quer
547 4198 573 4242 in
585 4197 637 4243 toro
647 4196 734 4249 fueret,
746 4194 819 4240 rideri
829 4207 884 4240 cnm
916 4194 975 4240 tetis
991 4194 1100 4253 legumve
1116 4201 1234 4254 respectu,
1245 4191 1285 4242 sed
1300 4189 1364 4251 pm
1372 4176 1411 4226 ⁰⁰¹·

361 4265 425 4310 ern
436 4263 559 4318 netum,
572 4276 624 4322 que
641 4262 714 4308 utrm
727 4261 785 4307 oum
795 4263 886 4306 eutro-
917 4259 1013 4318 nureo
1024 4258 1182 4308 moeret

369 4342 422 4376 rurn
439 4328 593 4375 metationem
610 4327 636 4373 in
652 4326 730 4374 medio
746 4325 797 4373 iero
811 4323 884 4371 mim*-
