3042 4954
363 177 454 246 ΜΒ.
485 179 617 238 XXXII.
644 177 745 240 CAP.
772 178 918 240 XXXIX.
1125 191 1164 246 85

92 339 276 408 tumultum
303 339 388 412 tuter
412 343 552 426 primum
574 341 698 427 elapsis,
713 357 825 407 eorum
838 341 1015 408 absentium
1028 343 1306 430 campeanam.

92 424 258 492 somnne:
282 429 492 512 presentibus
506 448 616 494 aurum
632 441 726 516 atque
740 441 905 516 argentum
928 428 1084 497 ablatum:
1107 422 1238 516 pe-M·
1253 428 1307 488 ³⁹⁷·

91 515 208 576 cuniae
234 513 400 599 imperatas
427 515 582 604 ingentes.
613 515 756 600 quinon
782 526 967 582 cunctanter
990 516 1161 598 contulere,

92 601 170 663 sine
184 601 380 665 contumelia
394 615 425 665 et
439 602 627 666 laceratione
644 623 815 688 corporum
837 614 911 669 sunt
923 602 1060 668 dimissi:
1083 625 1162 690 quos

91 685 245 751 occulere
265 699 323 752 aut
340 686 502 754 retrahere
515 687 785 774 aliquid'snspicio
799 689 870 765 fuit,
886 688 918 752 in
935 689 1078 757 servilem
1093 711 1160 755 mo-
1169 707 1268 754 nitran

91 771 173 836 dum
189 771 324 838 lacerati
337 787 433 859 atque
447 775 575 840 extorti.
620 773 784 840 Concione
802 774 877 839 inde
897 774 1060 852 advocata,
1072 775 1266 851 -⁵⁴ro-⁸'⁸¹³¹³,²
1277 777 1302 820 θ*

90 858 259 944 gationem
275 860 506 944 promulgavit3
529 878 625 926 unam
639 859 666 899 ⁶⁵
675 862 713 924 de
726 860 841 924 tabulis
859 861 959 939 novis,
974 861 1105 928 alteram
1120 864 1162 930 de
1170 839 1301 886 “udam

91 967 172 1032 agro
195 945 319 1012 viritim
341 945 531 1024 dividend03
554 947 633 1012 dune
655 945 739 1012 faces
764 947 952 1012 novantibus
972 969 1023 1014 res
1037 949 1079 1013 ad
1093 949 1161 1035 ple·

91 1029 163 1096 bem
179 1031 216 1094 in
232 1032 404 1115 optimates
419 1032 663 1102 accendendam.

134 1117 321 1184 XXXIX.
342 1119 551 1206 ⁵⁶Pmtquam
580 1120 612 1186 in
642 1130 796 1204 potestate
825 1118 1018 1208 Argivorum
1051 1122 1161 1190 civitas

92 1216 170 1282 erat,
198 1204 285 1268 nihil
307 1205 374 1290 ejus
396 1225 519 1272 memor
539 1218 737 1291 tyrannuaa
757 1227 822 1292 quo
847 1227 918 1272 eum
942 1207 1112 1286 civitatem,
1127 1223 1161 1276 et

93 1311 189 1376 quem
205 1291 241 1354 in
258 1292 473 1356 conditionem
487 1292 666 1376 accepisset,
686 1292 807 1379 legatos
827 1291 966 1360 Elatiam
981 1293 1022 1360 ad
1035 1293 1159 1371 Quine-

93 1379 185 1454 tiam,
210 1391 244 1442 et
258 1379 406 1446 Attalum
425 1378 557 1466 AEginoe
577 1377 795 1444 hibernantem
820 1378 927 1458 mittit,
949 1380 1006 1466 qui
1028 1379 1159 1448 nuncia-¹

92 1474 173 1541 rent,
190 1467 296 1550 Argos
315 1467 350 1530 in
368 1475 593 1546 potestatem
613 1487 684 1530 esse.
707 1487 741 1528 eo
761 1466 790 1530 si
808 1465 926 1530 ueniret
942 1469 1103 1541 Quinctius
1116 1472 1161 1534 ad

91 1553 295 1635 conloquium,
325 1573 388 1616 oon
416 1553 564 1640 diffidere,
594 1552 655 1616 sihi
681 1553 782 1618 omnio
809 1572 874 1614 cum
902 1573 937 1616 eo
964 1563 1158 1618 conuentura.

93 1636 281 1718 Quinctius,
297 1649 333 1706 ot
347 1659 386 1702 eo
400 1659 526 1723 quoque
539 1637 690 1721 praesidio
698 1635 884 1720 Philippum
898 1637 1043 1716 nudaret,
1059 1661 1159 1724 quum

91 1723 257 1791 adnuisset
280 1746 314 1788 se
335 1738 513 1802 venturum,
528 1723 625 1788 mittit
644 1724 685 1788 ad
701 1722 854 1800 Attalum,
870 1735 907 1788 ut
919 1723 961 1788 ab
974 1722 1093 1810 AEgina
1109 1726 1160 1789 Si-

92 1832 227 1894 cyonem
244 1810 306 1874 sibi
327 1811 522 1886 obcurreret,
537 1810 604 1894 ipse
625 1812 666 1874 ab
680 1811 832 1896 Anticyra
846 1808 954 1874 decem
969 1812 1159 1897 quinquere-

91 1895 207 1973 mibus,
224 1919 306 1983 quas
330 1897 370 1960 iis
392 1895 474 1962 forte
494 1897 570 1982 ipsis
590 1895 703 1962 diebus
726 1896 766 1960 L.
783 1895 955 1972 Quinctius
974 1897 1072 1962 l'rater
1092 1899 1159 1983 ejus

91 1983 274 2051 adduxerat
287 2006 328 2048 ex
341 1982 482 2048 hibernia
498 1983 660 2068 Corcyrae,
676 1981 845 2068 Sicyonem
858 1981 1041 2048 transmisit.
1084 1983 1159 2050 Jam

91 2069 133 2132 ibi
144 2069 279 2164 Apsalos
294 2083 379 2144 erat3
402 2071 467 2154 qui,
479 2091 577 2155 quum
593 2083 728 2150 tyranno
738 2068 778 2132 ad
793 2069 975 2136 Romanurn
987 2069 1159 2156 imperato*

91 2176 168 2233 rem,
186 2177 256 2226 non
274 2156 421 2220 Romano
434 2155 476 2222 ad
490 2169 671 2242 tyrannum,
686 2156 825 2220 eundum
838 2153 969 2237 diceret,
983 2155 1017 2220 iu
1032 2169 1157 2222 sentcn-

91 2242 166 2308 tiam
190 2263 285 2310 suam
301 2241 490 2318 Quinctium
511 2242 661 2320 traduxit,
678 2263 718 2306 ne
739 2245 773 2306 in
794 2240 906 2306 urbem
927 2243 1029 2326 ipsam
1050 2243 1157 2329 Argos
1166 2259 1264 2306 Nabidi·

89 2327 158 2394 iret.
204 2328 233 2371 ⁵⁷
243 2328 346 2394 Haud
360 2327 473 2413 procul
485 2329 571 2398 ‚urbe
586 2327 754 2412 Mycenica
768 2339 910 2395 vocatur.
933 2329 968 2393 in
981 2351 1020 2392 eo
1033 2327 1106 2394 loco
1120 2348 1155 2394 ut
1164 2339 1218 2400 ⁰¹¹⁰?
1259 2391 1264 2401 ,

90 2414 373 2500 congrederentur,
389 2414 547 2480 convenit.
592 2414 763 2491 Quinctius
776 2435 850 2480 cum
865 2414 961 2480 fratre
975 2426 1007 2478 et
1021 2415 1155 2480 tribunis
1164 2391 1287 2502 ffiffl

90 2502 229 2566 militum
259 2502 379 2586 paucis,
404 2501 531 2568 Attalus
550 2523 622 2566 cum
649 2501 738 2588 regio
765 2501 929 2579 comitatu,
955 2501 1155 2570 Nicostratus
1164 2537 1212 2569 um.
1235 2470 1250 2516 q

89 2587 285 2656 Achaeorum
300 2603 507 2672 praetoremn
523 2587 734 2654 auxiliaribus
747 2586 857 2672 paucis
868 2587 963 2652 venit.
984 2600 1157 2675 tyrannum

89 2673 131 2736 ibi
146 2695 224 2741 curu
239 2673 390 2740 omnibus
404 2697 443 2740 co
465 2675 504 2740 iis
520 2673 737 2759 opperientem
751 2673 951 2740 invenerunt.
972 2697 1158 2762 progressus

90 2773 232 2828 armatus
245 2759 355 2828 ⁵⁸cum
377 2697 561 2827 satebitibus
582 2760 724 2827 armatis²
738 2772 785 2824 est
803 2759 837 2822 in
854 2759 996 2824 medium
1016 2760 1082 2824 fere
1107 2763 1157 2824 in-

91 2847 272 2932 terjacentis
285 2848 408 2932 campi:
431 2848 558 2914 inermis
577 2845 746 2922 Quinctius
764 2865 839 2909 cum
860 2843 957 2910 fratre
978 2857 1010 2910 et
1031 2846 1157 2910 duobus

90 2935 229 3000 tribunis
252 2934 405 3000 militum:
431 2935 561 3000 inermi¹¹
575 2933 650 3000 item
670 2931 739 3018 regi
764 2940 883 3016 preetor
905 2928 1099 2996 Achaeorum
1119 2944 1156 2998 'et

91 3041 172 3084 unus
186 3041 229 3084 ex
251 3021 434 3106 purpuratis
455 3020 536 3086 latus
558 3018 737 3108 cingebant.
782 3015 916 3083 Initium
939 3017 1091 3082 sermonis
1114 3018 1156 3084 ab

91 3107 295 3174 excusatione
319 3105 444 3192 tyranni
471 3118 588 3184 ortum,
609 3107 690 3192 quod
716 3114 853 3170 armatus
879 3107 945 3188 epse
970 3105 1181 3190 armatisque*

90 3204 201 3276 reptata
217 3215 308 3278 quum
322 3195 450 3258 inemec
463 3194 634 3258 Rooeonum
651 3193 863 3275 imperatorem
874 3213 1034 3276 regemque
1053 3215 1156 3256 cerae·

91 3291 147 3359 ret,
159 3283 197 3345 io
211 3282 402 3364 conloquium
412 3281 550 3346 uenisset.
565 3278 694 3362 ⁵⁹aeque
704 3279 784 3344 caim
794 3279 905 3344 scillas
917 3279 1034 3354 umere,
1046 3277 1155 3357 dirim

92 3369 142 3430 sed
155 3369 274 3446 ennaea
287 3369 482 3451 Argiuorum.
527 3363 618 3442 Inde,
633 3364 688 3429 ubi
703 3363 744 3428 de
757 3363 993 3430 conditionibus
1008 3365 1156 3430 amicitiae

92 3465 232 3538 coeptum
258 3453 310 3540 agi
334 3465 392 3530 est,
417 3453 580 3518 Romanus
604 3450 683 3516 duas
706 3449 866 3535 postulare
889 3472 956 3514 res:
988 3472 1095 3529 unam,
1120 3465 1156 3516 ut

172 3591 181 3623 ²
193 3591 299 3638 armatis
307 3591 353 3638 del.
363 3591 439 3638 Gran.
504 3593 517 3620 ¹¹
529 3590 627 3635 inerma
635 3590 710 3635 Gran·
722 3587 789 3633 Crev-
855 3589 867 3618 κ
879 3587 996 3635 dtnttdel.
1009 3587 1074 3634 Eat.

127 3713 159 3754 54
181 3701 356 3767 Rogationem]
379 3705 431 3752 lmo
453 3705 607 3765 repatiantur:
675 3708 705 3750 57
723 3701 799 3750 Haud
812 3703 897 3761 procel
912 3702 968 3748 urle
978 3701 1106 3762 Mycenica
1117 3718 1155 3748 uo·

98 3787 168 3831 qnmn
179 3775 233 3819 dore
246 3785 300 3818 mox
311 3775 481 3816 memorentur.
643 3775 720 3814 eatur.
754 3766 786 3810 Ia
803 3781 829 3811 eo
845 3761 905 3826 loco]
922 3767 994 3812 Haud
1005 3767 1087 3825 procul
1099 3769 1156 3814 urbe

127 3845 157 3886 5⁵
174 3839 217 3884 De
232 3837 323 3884 tatutis
341 3832 420 3896 nmio]
439 3837 477 3881 Dc
495 3832 611 3880 abolendo
643 3833 714 3892 Argia
727 3832 792 3878 locus
803 3835 849 3888 eat,
861 3835 901 3891 qui
913 3833 1038 3892 Mycenica
1049 3838 1155 3880 vocatur.

99 3918 139 3950 rere
153 3903 243 3960 aliano,
254 3904 291 3949 ita
306 3907 338 3948 ut
351 3906 457 3948 veterum
468 3900 611 3952 tabularum,
645 3899 673 3943 ln
687 3911 714 3942 eo
726 3897 778 3943 loco
790 3928 797 3942 .
810 3927 834 3942 ..
1107 3927 1118 3934 .

101 3969 181 4027 quibua
198 3968 315 4030 pecnnia
330 3980 346 4012 a
361 3979 386 4012 ae
402 3965 502 4011 creditu
513 3964 613 4023 quisquc
677 3969 707 4008 58
726 3963 786 4007 Cum
804 3961 946 4008 sateltitibus
966 3959 1078 4020 omentis]
1100 3961 1155 4006 Vox

100 4033 352 4098 consigncrct,·nullus
359 4031 409 4089 jam
421 4043 489 4087 ncnc,
500 4026 568 4076 nulls
577 4029 614 4088 uit¹
644 4028 730 4073 ultima
740 4027 832 4084 adjecta
842 4034 887 4081 est,
899 4033 1011 4076 momnte
1021 4042 1050 4072 ex
1063 4026 1155 4082 scriptis

101 4105 297 4160 mennamque
312 4096 611 4152 tabuledeintegrocon·
645 4093 751 4140 cotaleo.
761 4093 891 4141 Gronorio.
923 4089 1154 4153 Adstipulsturvic·

100 4167 224 4216 tuerentur.
510 4185 513 4192 ·
642 4163 687 4204 ²⁰¹·
716 4183 718 4190 ·
1047 4207 1049 4212 .

128 4237 157 4279 tt
170 4231 343 4292 Parmam
353 4227 382 4273 its
392 4223 521 4288 potestate]
536 4227 610 4274 Pom·
676 4229 706 4272 ³9
724 4224 806 4284 Neque
814 4224 877 4270 enim
887 4237 912 4268 cc
923 4223 977 4270 utor
988 4214 1079 4274 timere]
1095 4216 1156 4262 Vul·
1183 4279 1189 4290 ¹

29 4319 31 4342 ι
98 4311 185 4359 cuquam
208 4299 235 4346 in
258 4292 362 4350 Nabidis
385 4295 502 4354 potettcte
528 4291 610 4339 civitas
642 4290 693 4350 pati
709 4288 852 4346 adjiciebant
868 4287 941 4334 itata
974 4280 1155 4332 Resecuithu·

29 4359 30 4366 ’
96 4363 232 4430 Argivorum
244 4361 306 4410 erat·
643 4347 1049 4414 noviusobsecutqureinrbemio·.

680 4427 737 4480 ot
