3126 4978
366 207 425 267 288
750 201 862 269 riri
897 201 1037 268 Livii

109 389 114 408 ·
205 391 236 440 u.
247 387 275 438 c.
286 391 341 440 rer.
365 370 516 437 firmanti
529 361 687 473 exigerem
708 369 741 436 id
756 372 797 436 ad
811 389 898 438 mare
912 369 1177 460 comportandum
1191 372 1431 440 devehendum}-

204 458 236 507 Α·
248 457 275 504 0·
288 461 341 530 ¹⁹¹:
366 481 428 546 que
448 459 480 522 io
497 458 656 523 Graeciam
676 472 811 524 curaret.
856 457 956 525 Idem
968 459 1007 524 L.
1024 460 1134 544 Oppio
1148 460 1188 526 de
1209 460 1316 526 alteris
1333 463 1428 527 decu·

366 546 426 609 mis
451 545 615 631 exigendis
643 545 676 608 in
707 544 858 611 Sardinia
883 546 1085 629 imperatum.
1130 543 1279 612 Ceteram
1304 566 1370 612 non
1395 549 1429 612 in

367 631 536 707 Graeciam,
553 631 608 695 sed
633 631 780 708 Romam,
798 631 831 696 id
853 630 1044 696 imrnentum
1067 633 1187 718 portari
1209 634 1344 718 placere.
1389 635 1427 701 C.

367 718 476 782 Livius
492 730 620 802 praetor,
636 719 687 782 cui
703 715 808 782 elassis
822 732 982 796 evenerat,v
993 737 1064 784 cum
1082 719 1211 808 triginta
1224 720 1358 786 nauibus
1372 713 1436 806 pas

366 805 442 870 ratis
456 806 602 890 trajicere
617 805 649 868 in
665 805 823 869 Graeciam
842 805 950 890 primo
964 823 1091 892 quoque
1105 818 1249 892 tempora
1264 807 1382 893 matus,
1397 821 1430 872 at

366 891 406 956 ab
427 891 527 956 Atilio
550 911 645 954 naves
669 892 821 976 occipere.
843 903 962 956 veteres
987 913 1091 968 neres,
1112 913 1185 979 quas
1209 894 1243 956 in
1266 888 1429 960 navalibus

365 988 465 1055 erant,
477 989 512 1040 ut
522 978 664 1042 reficeret
676 989 707 1042 et
718 989 865 1055 armaret,
881 977 932 1042 M.
943 978 1041 1043 Junio
1054 980 1185 1064 praetorl
1196 981 1359 1066 negotium
1371 979 1429 1044 da-

365 1079 433 1127 tum
449 1078 505 1141 est,
520 1076 552 1128 et
566 1064 598 1127 io
614 1084 683 1128 earn
700 1063 829 1128 classem
844 1063 945 1128 socios
959 1065 1084 1129 navales
1098 1065 1262 1130 libertinos
1276 1061 1405 1154 legeret.

409 1150 473 1215 Ill.
499 1149 612 1238 Legati
635 1151 718 1215 terni
741 1151 774 1214 in
797 1151 940 1216 Africam
966 1151 1008 1218 ud
1035 1151 1316 1240 Karthaginienses
1338 1164 1371 1216 et
1396 1149 1429 1216 in

367 1235 554 1302 Numidiam
584 1237 624 1302 ad
652 1235 845 1314 frumentum
876 1237 1066 1326 rogandum,
1091 1243 1176 1324 quod
1206 1239 1239 1302 in
1266 1234 1428 1304 Graeciam

365 1335 557 1408 portaretur,
574 1323 676 1412 missi3
701 1345 840 1410 proquo
857 1325 993 1409 pretium
1009 1323 1142 1390 solveret
1155 1324 1292 1409 populus
1309 1325 1430 1390 Rome·

332 1467 335 1476 l
366 1431 435 1475 nus.
481 1410 636 1496 Adeoque
661 1410 693 1473 in
719 1409 907 1496 adparatum
933 1427 1106 1561 curamgue
1131 1412 1197 1497 ejus
1221 1411 1295 1476 belli
1320 1412 1430 1476 civitas
1518 1469 1522 1476 .

365 1497 487 1562 intenta
508 1495 576 1574 fuir,
593 1507 629 1560 ut
650 1496 688 1562 Ρ.
706 1496 874 1560 Cornelius
895 1496 1005 1562 consul
1066 1497 1171 1575 iceret,
1190 1497 1255 1574 Qui
1274 1509 1430 1563 amiciores

365 1593 472 1660 esseut,
488 1582 673 1668 ⁸·quidusque
688 1585 722 1646 iu
736 1593 844 1648 senatu
857 1587 1037 1648 seutentiam
1053 1586 1154 1650 dicere
1166 1587 1282 1666 liceret,
1296 1585 1431 1670 ⁹qau'que

365 1673 497 1735 mutares
521 1672 719 1754 magistratus
744 1680 850 1746 esseut,
868 1691 907 1734 ne
931 1673 999 1754 quis
1022 1689 1122 1734 eorum
1147 1673 1268 1756 longius
1292 1671 1333 1734 ai>
1356 1672 1432 1735 arde

366 1758 468 1822 Roma
482 1757 593 1832 adiret,
610 1777 699 1840 quam
713 1758 794 1820 auide
807 1776 842 1820 eo
856 1758 908 1819 die
928 1759 1031 1821 redire
1046 1769 1164 1840 posset,
1188 1775 1262 1821 neue
1281 1779 1341 1821 uuo
1355 1767 1430 1821 tem-

359 1865 441 1926 pore
461 1845 594 1928 quinque
614 1851 769 1906 senatores
781 1843 821 1905 ad
840 1843 913 1906 urbe
927 1843 1028 1906 Roma
1047 1843 1194 1908 obessent.
1240 1843 1279 1907 In
1301 1861 1429 1928 compa·

365 1929 467 1993 raudo
481 1929 606 2013 inpigre
626 1925 755 1992 classem
773 1927 812 1992 0.
830 1927 957 1992 Livium
979 1940 1149 2013 proetorem
1169 1929 1345 2005 contentio,
1358 1943 1430 1994 orta
1531 1935 1532 1990 ἒ

366 2037 439 2079 com
462 2015 583 2077 colonis
605 2013 780 2088 maritimis,
795 2013 909 2098 paullis
933 2033 968 2078 er
988 2016 1100 2079 tenuit.
1146 2015 1240 2094 Nam,
1256 2034 1354 2103 quum
1375 2035 1429 2080 co·
1531 2018 1532 2086 l

366 2111 515 2188 gerentur
527 2100 560 2163 in
576 2098 717 2176 classen,
733 2099 878 2164 tribunos
891 2035 1015 2185 piebei‘¹
1028 2096 1243 2188 adpellerent:
1268 2102 1307 2167 ab
1327 2102 1365 2166 iia
1388 2101 1429 2168 ad
1531 2095 1532 2118 ¹

366 2197 511 2252 senatum
526 2185 633 2271 rejecti
648 2198 730 2250 sunt.
776 2187 980 2265 Senatus'ita,
996 2199 1032 2252 ut
1046 2187 1088 2252 ad
1106 2205 1205 2253 unum
1228 2208 1338 2254 omnes
1352 2207 1429 2254 con-

367 2273 529 2351 sentirent,
556 2271 704 2350 decreuit,
732 2273 927 2338 vacationem
956 2273 1001 2337 rei
1031 2274 1150 2338 navalis
1177 2273 1282 2340 ¹⁰hls·
1310 2271 1430 2340 colonis

340 2417 344 2436 ,
366 2379 430 2423 non
447 2380 523 2424 esse.
569 2359 671 2436 Ostia,
687 2371 718 2424 et
735 2359 898 2448 Fregenae,
914 2371 947 2424 et
963 2360 1110 2425 Castrum
1125 2381 1254 2439 novum,
1270 2374 1302 2426 et
1319 2361 1428 2452 Pyrgi,

361 2457 397 2511 et
412 2447 558 2525 Antium,
574 2457 606 2510 et
621 2445 806 2523 Tarracina,
822 2459 854 2511 et
870 2446 1059 2525 Mintumoe,
1076 2459 1108 2513 et
1129 2448 1276 2513 Sinuessa
1289 2447 1429 2527 fuerunt,
1531 2495 1532 2520 ,

389 2551 439 2596 ute
454 2551 526 2595 cum
542 2544 679 2616 praetore
692 2531 733 2595 de
747 2535 910 2596 vacatione
924 2543 1133 2599 certaverunt.
1179 2533 1299 2600 Consul
1314 2534 1430 2599 deinde

301 2612 306 2621 “
365 2553 429 2683 iiii.
446 2617 566 2682 Acilius
588 2639 628 2687 ex
650 2619 922 2684 senatusconsulto
944 2619 983 2684 ad
1011 2619 1179 2707 collegium
1199 2619 1356 2686 fecialium
1378 2639 1429 2686 rc·

280 2700 283 2714 '
364 2705 454 2770 tuliis
478 2706 585 2790 Ipsiue
605 2707 710 2790 utique
730 2707 800 2790 regi
813 2706 964 2770 Antiocho
985 2709 1173 2770 indiceretur
1193 2707 1311 2787 delium,
1327 2729 1369 2771 ou
1387 2711 1431 2772 ud

358 2793 540 2876 presidium
554 2791 788 2856 nunciaretur‘?
811 2802 841 2857 ei
853 2811 922 2856 uum
933 2793 1052 2859 AEiolt's
1066 2815 1182 2878 quoque
1195 2797 1363 2876 separatim
1380 2797 1429 2858 in·

364 2881 429 2944 dici
442 2879 590 2964 juberem
610 2879 745 2942 bellum?
768 2888 798 2943 ei
819 2901 889 2943 num
904 2883 997 2962 prius
1015 2882 1143 2944 societas
1157 2880 1231 2945 lleit
1245 2891 1275 2944 et
1288 2882 1429 2945 amicitia

204 2969 331 3018 raterium
365 2969 576 3031 renunciandas
588 2978 671 3042 esset,
684 2984 773 3050 quem
785 2965 890 3030 delium
907 2965 1122 3030 indicendam?
1142 2967 1283 3030 Feciales
1297 2986 1429 3050 respon·

202 3039 498 3150 ffifflffdenmt:
520 3055 595 3120 Jam
613 3062 688 3116 ante
704 3073 776 3126 sese,
792 3075 880 3136 quum
902 3056 940 3116 de
952 3053 1105 3134 Philippo
1126 3055 1360 3128 comederentur,
1377 3055 1429 3118 da·

201 3168 294 3216 ‘¹³⁶⁰”ii
364 3159 469 3217 “met
481 3139 563 3215 'iiiiii
576 3139 702 3222 riseri&
716 3141 779 3220 ipsi
788 3160 899 3215 mrum,
912 3161 954 3204 uu
965 3141 1009 3204 ad
1019 3140 1207 3220 presidium,
1219 3143 1429 3204 nunciaretur.

203 3232 266 3281 uerti.
365 3225 574 3291 ”Amicitiam
588 3226 799 3288 renuntiatam
814 3227 923 3302 uideri,
933 3243 1022 3309 quum
1033 3227 1153 3310 legatis,
1164 3227 1253 3290 toties
1264 3228 1430 3318 repetenti.

396 3362 493 3425 dptetis
504 3365 580 3412 Grau.
591 3363 659 3410 Crer-
701 3364 712 3392 e
724 3362 759 3408 eis
769 3361 836 3410 Crer.
876 3351 888 3394 i
898 3378 930 3412 aa
939 3365 1001 3410 satir
1011 3369 1070 3412 esaei
1079 3364 1113 3414 ad
1117 3363 1261 3426 presidium
1271 3366 1369 3428 aliquod
1377 3365 1430 3426 ejus

325 3487 327 3494 Ι
363 3427 500 3476 summare?
515 3429 670 3477 Grumcmr.
1089 3457 1091 3466 ,
1351 3457 1353 3460 .
1531 3437 1532 3440 “

364 3541 794 3608 Cicerei111.iuverrem,n.it.
811 3559 878 3594 mna·
910 3545 951 3592 tiit
983 3545 1122 3594 cauteriatis
1155 3545 1302 3594 meabarim.
1334 3545 1432 3607 Reliqui

362 3615 510 3670 tum,quum
528 3611 673 3672 temporibus
691 3610 824 3672 reipublice
841 3625 880 3658 co·
910 3611 1073 3672 magistratus,
1096 3615 1156 3672 puta
1179 3609 1268 3670 ediles,
1292 3617 1430 3674 questurus,

362 3680 466 3737 geretur,
485 3680 515 3722 ot
533 3676 676 3731 summersi,
695 3682 725 3723 ot
743 3677 822 3724 attera
841 3679 880 3724 de·
911 3675 1011 3734 antoni,
1028 3677 1133 3724 moeres
1148 3676 1304 3735 vocabantur,
1322 3681 1347 3723 et
1366 3690 1431 3725 erea-

362 3755 437 3788 cuma
457 3742 616 3803 exigerentur,
634 3741 669 3790 ita
685 3742 808 3791 decernere
824 3743 880 3792 soli-
912 3743 999 3790 bantur
1014 3742 1113 3789 tributis
1129 3742 1239 3789 comitiis.
1256 3742 1310 3790 vie
1324 3744 1355 3790 A.
1366 3744 1430 3792 Geli.

362 3811 464 3860 termut
484 3806 584 3868 pecunia
600 3819 643 3869 pro
660 3805 697 3854 iris
714 3801 818 3856 &cumis
832 3809 880 3856 sol·
912 3797 1043 3855 ixiite.
1057 3813 1096 3854 14.
1218 3840 1223 3850 .

362 3876 456 3920 veretur
472 3873 615 3930 aratoribus,
632 3877 669 3926 ut,
686 3875 749 3934 quod
768 3874 821 3934 plur
841 3888 880 3921 sa·
947 3869 976 3920 ii)
993 3873 1041 3925 Eu
1056 3868 1157 3944 cuiauis]
1166 3872 1209 3920 Sic
1224 3872 1261 3919 etii
1274 3872 1390 3940 jussimus
1401 3887 1431 3920 ex

361 3937 479 3994 meister,
491 3951 561 4000 quem
578 3938 711 3998 deberetur,
722 3939 747 3986 id
762 3939 818 3997 euri,
830 3949 880 3988 nota
912 3937 974 3986 list.
987 3939 1076 3996 codiee,
1084 3943 1110 3984 et
1119 3939 1221 3985 Andreae
1230 3937 1345 3995 editione,
1355 3948 1431 4000 qaum
1531 3957 1532 3962 ¹

362 4003 448 4051 auferri
460 4009 591 4065 putaretur.
912 4001 1003 4068 vulgati
1014 4005 1128 4051 baberent
1140 4003 1193 4052 tus
1209 4003 1402 4069 minasproprie.

396 4075 409 4115 a
428 4068 566 4134 Quilruaque
587 4072 614 4117 iu
632 4077 717 4117 amatu
737 4068 880 4118 assimilem
947 4074 973 4114 tt
983 4064 1065 4132 iliis]
1080 4063 1137 4116 iiic
1149 4079 1280 4133 pronomen
1293 4081 1340 4116 ooo
1352 4070 1379 4114 in
1391 4081 1431 4116 se·

363 4133 439 4184 dicere
457 4131 554 4200 liceret]
577 4133 678 4183 misso
696 4145 731 4193 re,
750 4137 766 4182 Ι.
783 4129 880 4182 xxnt.
912 4129 948 4182 los
959 4135 1054 4181 AEtoioa
1071 4135 1201 4182 racematio
1218 4133 1289 4189 cadit,
1306 4133 1346 4181 aad
1362 4139 1388 4181 st
1402 4135 1431 4181 de

362 4213 383 4247 c.
395 4207 435 4248 Μ.
452 4206 477 4248 et
486 4207 537 4250 not.
548 4205 587 4250 46.
600 4202 658 4249 adi.
694 4197 753 4247 ΧΠ.
763 4212 784 4246 c.
796 4203 837 4247 49.
910 4196 1032 4250 Antiocho
1047 4199 1150 4267 intelligi
1182 4205 1255 4258 otest,
1269 4197 1430 4261 quidinaote

395 4265 523 4330 torique
541 4269 645 4314 minores
665 4267 826 4328 magistratus
844 4273 878 4310 ee·
912 4266 989 4312 socius
1008 4269 1034 4312 et
1049 4267 1138 4312 amicus
1175 4274 1314 4314 omanorum
1335 4275 1430 4314 nuncu.

362 4329 428 4392 seut]
445 4333 599 4394 Magistratus
619 4333 719 4391 majores
739 4338 807 4376 erant
825 4343 880 4376 ceu·
912 4335 991 4394 patus,
1003 4345 1074 4393 supra
1085 4331 1194 4382 xxxii.
1207 4337 1230 4378 e.
1373 4379 1377 4384 ,

363 4409 436 4454 sores,
454 4397 572 4457 consoles,
587 4403 708 4459 praetores,
727 4397 791 4456 iique
807 4395 880 4442 comi·
947 4397 1150 4446 resumamus
1162 4397 1326 4444 renunciarem
1341 4379 1431 4457 sideri]
