3104 4976
435 113 529 222 uie.
548 159 693 224 xxxsv.
723 162 824 232 cus.
846 161 898 221 ιν.
1145 172 1201 234 su

145 325 223 410 quid
244 323 432 408 sineremur
453 327 533 410 quod
555 335 697 393 matrona
714 335 911 392 consternata
932 339 1154 411 procurrerunt¹
1168 331 1352 397 inausa..

140 412 305 492 publicum,
320 432 358 476 oc
370 407 499 491 viasoro
513 433 546 474 se
566 422 595 476 et
616 413 750 478 concione
768 411 945 478 abstinenti.
988 413 1028 478 Ut
1041 416 1148 496 captiui
1161 403 1276 482 obM·
1289 408 1355 478 ¹⁹⁵&

149 497 325 562 Hannibale
349 498 536 562 redimantur
558 508 707 580 parantes,
733 499 798 578 siri,
820 501 911 576 liberi,
923 495 1043 581 fratres
1068 508 1199 576 aarum?
1351 515 1354 522 '

146 584 262 647 Procul
281 585 385 648 abest:
407 585 543 669 absitque
561 605 687 665 semum,
711 586 780 650 talis
792 585 923 666 suntuna
943 586 1123 668 reipublica.
1148 591 1202 654 sed

148 680 257 746 torreri,
277 691 366 754 quum
383 667 458 750 suit,
479 671 614 755 negastis
634 671 689 732 boc
703 672 761 752 piis
779 673 911 752 precibus
930 693 1043 736 earnm.
1086 673 1131 738 At
1145 695 1202 740 uon

142 756 247 836 pietas
258 778 311 818 nec
320 756 487 820 sollicitudo
499 779 553 838 pro
565 757 635 833 suis,
644 759 697 820 sed
707 757 819 844 religia,
832 759 1025 842 cbngregaoit
1036 781 1099 822 eos.
1127 760 1202 824 Ma-

143 852 222 904 trem
245 842 371 918 Idaeam,
398 863 419 905 a
434 842 611 906 Pessinunte
633 865 672 906 en
687 843 826 928 Phrygia
850 844 1022 919 nannenten,
1038 855 1202 928 accepturae

143 938 224 992 sunt.
272 926 352 1002 Qquid
366 929 518 992 honestum
539 929 620 994 dictu
639 929 748 992 saltem
771 931 913 994 seditioni
929 933 1121 1012 pretenditur
1135 955 1200 996 mu·

145 1014 258 1094 liebri?
291 1013 363 1084 ¹⁹Ut
376 1085 377 1088 Ἴ
389 1036 465 1078 auro
478 1024 506 1078 et
526 1036 661 1098 purpura
678 1013 866 1100 fulgeamus,
882 1017 998 1100 inquitr
1020 1029 1052 1081 ut
1074 1039 1199 1100 carpen-

144 1102 196 1176 tis,
204 1100 298 1182 jistis
309 1097 506 1184 pressestisque
519 1102 630 1178 diebus,
645 1103 723 1166 uelut
745 1103 959 1186 triumphantes
980 1104 1100 1190 delego
1120 1106 1199 1172 aicta

141 1196 173 1248 et
186 1186 353 1270 abrogata,
364 1196 392 1249 et
405 1188 501 1270 captis
516 1196 544 1250 et
555 1186 662 1268 ereptis
671 1188 825 1275 suffragiis
837 1191 952 1266 uestris,
961 1193 1126 1270 puurbem
1135 1213 1199 1256 neo·

143 1282 262 1336 temus:
285 1271 312 1310 ²⁰
322 1295 359 1336 ue
373 1273 450 1336 ullus
464 1275 569 1336 modius
582 1274 735 1350 sumtibus,
750 1273 801 1338 ne¹
818 1275 945 1338 lunrrriee
958 1277 1005 1342 sit.

187 1359 246 1422 IV.
269 1359 424 1446 Saepeque
447 1369 613 1442 querentem
638 1361 676 1422 de
686 1357 880 1440 farinarum,
895 1383 973 1444 saepe
996 1365 1033 1426 de
1056 1364 1197 1441 uirorum,

140 1467 195 1509 uec
221 1447 260 1507 de
282 1447 464 1526 privatorum
488 1447 591 1522 modo,
607 1448 659 1510 sed
679 1447 772 1510 etiam
794 1449 1034 1532 magistratuum,
1057 1452 1200 1516 sumtibra
1245 1495 1247 1500 ,

141 1531 293 1606 audistis,·
316 1532 619 1617 diversisqueduobus
640 1532 732 1610 uitiis,
747 1534 880 1598 avaritia
895 1543 923 1596 et
945 1532 1076 1612 luxuria,
1092 1537 1199 1600 ciuita-

141 1630 201 1680 tem
222 1619 380 1682 laborate:
404 1638 471 1701 qua
493 1628 589 1700 pestes
614 1619 712 1682 omnia
737 1641 851 1704 magna
875 1620 1001 1700 imperio
1026 1632 1197 1686 everterrmt.

139 1704 261 1770 ²1Haec
275 1727 342 1789 ego,
357 1725 416 1788 quo
431 1703 534 1768 melior
549 1705 696 1790 latiorque
710 1704 742 1768 in
756 1707 819 1770 dies
824 1703 955 1787 fortuna
964 1706 1129 1788 reipublice
1143 1718 1196 1786 est,

139 1791 356 1874 imperiumque
369 1791 485 1866 crescit,
500 1788 604 1876 etjam
622 1792 652 1854 iu
669 1791 823 1856 Granium
836 1793 995 1878 Asiamque
1016 1795 1198 1858 transcendi·

140 1900 217 1952 mas,
235 1878 368 1957 omnibus
384 1877 541 1940 libidinum
558 1877 708 1942 inlecebris
720 1881 860 1960 repletas,
876 1889 904 1942 et
918 1881 1020 1964 regias
1034 1880 1131 1944 etiam-
1141 1881 1198 1944 od·

141 1974 307 2027 tractamus
318 1985 428 2047 gazas,
444 1985 477 2026 eo
488 1963 560 2044 plus
576 1964 686 2038 borrea,
696 1986 733 2028 ne
747 1965 807 2028 tttae
821 1965 920 2049 magis
934 1988 982 2030 res
996 1989 1050 2030 nos
1060 1967 1196 2048 ceperint,

139 2073 232 2134 quam
255 2072 308 2114 nos
335 2050 414 2112 illas.
443 2047 596 2130 ”infesta
623 2049 696 2114 mibi
724 2052 845 2127 credite,
868 2051 958 2136 sigua
984 2053 1024 2116 ab
1046 2054 1199 2138 &romnis

139 2137 238 2200 inlota
268 2147 336 2198 sunt
365 2136 430 2200 breio
453 2136 528 2198 urbi.
545 2133 617 2218 jam
641 2136 728 2201 nimis
755 2139 861 2202 maltos
889 2139 979 2202 aredio
1003 2140 1140 2206 Corintbi
1167 2150 1198 2204 et

139 2225 328 2286 Athenarum
339 2231 513 2286 ornamenta
530 2221 688 2285 laudantes
698 2223 904 2308 mirantesque,
920 2233 949 2286 et
963 2223 1198 2305 ”arelefiuafio

138 2310 207 2372 tilia
228 2311 364 2372 Deorum
381 2307 583 2372 Rornanorum
603 2308 741 2385 ridentes.
784 2312 857 2396 Ego
871 2311 924 2374 bos
945 2311 1026 2374 malo
1047 2314 1197 2394 propitios

138 2398 248 2468 Deos,-
273 2396 357 2458 etita
370 2392 599 2476 sperosaturas,
614 2393 641 2458 si
654 2395 686 2458 in
698 2395 759 2459 mis
777 2417 899 2460 manere
912 2397 1028 2460 sedibus
1039 2399 1196 2479 patiemur.

138 2483 270 2546 Patrum
284 2490 448 2544 nostrorum
462 2482 608 2544 memoria
616 2503 675 2563 per
695 2481 823 2566 legatum
842 2484 961 2547 Cinneam
976 2484 1122 2568 Pyramus,
1136 2507 1197 2550 nou

136 2568 269 2632 airmum
283 2569 377 2644 modo,
392 2567 543 2630 sedetiam
557 2568 713 2632 mulierum
735 2570 852 2632 animos
872 2571 957 2634 donis
970 2571 1103 2636 tentavit.
1125 2593 1196 2638 nors·

137 2656 210 2717 dum
226 2654 274 2717 len
291 2653 391 2736 Oppia
405 2656 448 2718 ad
467 2653 654 2718 seducendam
669 2654 823 2718 isauriam
843 2657 1011 2720 rnrdiebrem
1029 2657 1195 2722 latuerat:

137 2751 239 2804 tamen
253 2739 335 2803 nulla
349 2741 475 2821 accepit.
523 2738 624 2815 Quam
638 2738 880 2825 cbrsssamysuisse
899 2743 1051 2805 cernetis?
1074 2746 1197 2808 Eadem

129 2825 207 2906 fuit,
222 2847 291 2912 quae
302 2823 463 2910 majoribus
476 2826 583 2890 nostris
596 2827 668 2889 nituit
682 2829 719 2888 de
734 2827 789 2888 bac
803 2848 836 2889 re
856 2827 921 2910 lege
934 2829 1098 2892 sanciendi.
1114 2829 1196 2892 nulla

138 2924 204 2978 erat
219 2913 350 2988 luxuria,
365 2933 432 2996 qua
457 2917 645 2977 cobrcesetur.
691 2912 776 2976 Siart
797 2922 866 2974 ante
887 2913 1002 2978 morbos
1023 2935 1138 2978 neeesse
1152 2925 1197 2978 est

137 3000 272 3084 cogaritos
286 3019 358 3074 esse,
373 3020 461 3083 quam
476 2999 608 3062 remedia
623 3019 744 3073 eorrrms
765 2998 807 3062 sic
826 2999 1006 3080 cupiditates
1018 3000 1101 3080 prius
1114 3011 1197 3066 nata

135 3095 216 3164 sunt,
228 3105 319 3169 quam
335 3085 423 3168 leges,
439 3105 506 3168 quae
519 3085 558 3149 iis
570 3086 688 3148 modium
695 3081 846 3166 facerent.
895 3085 977 3160 Quid
990 3085 1016 3124 ²¹
1028 3086 1123 3172 legem
1136 3088 1195 3150 Li-

136 3172 249 3234 ciniam
274 3171 416 3233 eucitaoit
441 3173 480 3233 de
502 3169 672 3254 quingentis
685 3169 856 3255 jugeribus,
882 3172 939 3235 uisi
959 3172 1067 3262 ingens
1089 3175 1195 3255 cupido

135 3279 229 3342 agras
239 3257 461 3321 continuandi?
487 3258 567 3332 Quid
580 3255 708 3342 ²⁵legem
724 3257 861 3323 Cinciam
880 3260 919 3322 de
939 3260 1026 3322 donis
1040 3267 1071 3321 et
1091 3281 1195 3335 mune·

246 3405 579 3474 ¹procurrrautGron.Cres.
644 3409 809 3460 ¹‘abstineant
818 3413 882 3460 Eeb
947 3410 1013 3462 ¹nec
1024 3413 1088 3462 Eeb

169 3554 200 3598 19
220 3543 255 3594 Ut
264 3560 323 3594 auru
340 3553 365 3594 et
378 3560 489 3609 purpura
496 3545 650 3608 fulgeamus,
681 3547 749 3594 duxit
759 3547 818 3594 duas
828 3546 968 3608 posteriores
975 3547 1079 3596 voculas.

135 3607 227 3676 imnis]
243 3611 344 3674 supple,
355 3612 489 3672 quaesiuere
505 3612 649 3660 mulieribus.
714 3618 745 3659 22
763 3611 857 3672 Infesta
868 3643 874 3656 .
886 3642 893 3656 .
906 3644 913 3658 .
925 3613 999 3673 rigna
1015 3613 1045 3659 ab
1056 3613 1195 3680 Syracusa]

134 3679 189 3726 Vld.
206 3677 307 3725 similem
322 3677 436 3739 loquendi
455 3678 553 3726 formam
570 3691 649 3740 supra,
682 3677 756 3724 Ludit
765 3676 791 3723 iu
802 3674 956 3738 ambiguitate
971 3677 1196 3742 scaturiginum

132 3737 149 3790 1.
162 3743 206 3790 VL
219 3759 241 3791 u.
255 3749 296 3790 to.
682 3747 707 3789 et
725 3742 793 3804 signa
811 3741 931 3797 militaris,
947 3744 971 3788 et
988 3745 1078 3790 statuas
1090 3747 1196 3794 denatat·

166 3807 337 3855 remeatus
354 3807 436 3864 modus
452 3808 593 3870 sumptibus,
606 3823 649 3856 uec
680 3807 777 3856 Statuas
795 3821 865 3866 quem
885 3806 998 3868 plurimes
1019 3809 1147 3860 Marcellus
1166 3813 1196 3859 ab
1285 3851 1287 3858 .

133 3875 240 3922 tmriae
255 3869 301 3936 rie]
318 3871 466 3932 Elegantius,
483 3888 513 3920 ue
531 3873 648 3921 lunaria:
681 3873 910 3934 SyracusisRammn
921 3874 1092 3933 deportaverat.

135 3939 424 4000 mouumentum-lua
433 3939 649 3997 Gronovio,oodsx
713 3944 744 3985 28
759 3933 885 4000 Antqtua]
907 3937 962 3988 Vid.
980 3944 1031 3986 aot.
1053 3940 1083 3988 ad
1102 3940 1195 3990 XXVI.

134 4005 228 4052 suun.
681 4010 721 4050 28.

165 4076 192 4116 21
211 4069 277 4116 Hae
291 4082 335 4130 ego
348 4099 390 4117 ...
403 4084 428 4115 eo
443 4069 497 4130 plus
515 4068 604 4127 tomo,
618 4083 648 4116 ue
711 4073 742 4115 2⁴
758 4069 849 4130 Legem
863 4065 1002 4134 bicinium]
1021 4070 1076 4118 vid.
1090 4067 1161 4116 tvl.
1172 4083 1194 4114 o.

133 4131 301 4195 iliande]
322 4132 457 4181 sufficiebat
474 4133 513 4181 rel
532 4134 592 4192 bec,
610 4133 648 4181 rel
680 4140 723 4182 35.

133 4200 236 4248 illeru-
269 4199 421 4260 Sedpropter
429 4199 559 4264 longiorem
576 4200 648 4247 inter·
712 4206 742 4246 25
759 4200 850 4260 Legem
877 4197 998 4259 Cinctum]
1020 4197 1073 4253 Qua
1098 4202 1194 4256 caretur

132 4266 233 4324 ponium
251 4263 374 4328 periodum
393 4263 484 4322 Livias,
501 4271 530 4312 ut
546 4264 648 4312 claritati
680 4265 926 4328 auriqutrunuequts
937 4265 964 4310 ab
975 4278 1071 4309 causam
1082 4261 1195 4334 orandam

132 4333 274 4386 consuleret,
287 4329 404 4376 &dandas
417 4325 647 4391 relexsupesvsoao
678 4332 805 4390 pecuniam
832 4329 944 4376 muumoe
974 4329 1086 4388 accipiat,
1114 4327 1194 4385 iuquit
