3042 4954
384 199 387 210 ,
450 133 911 204 ΒῙΕΧΧΧΙ.(1ΑΡ.ἩῙ.
1147 193 1149 198 .
1195 153 1217 214 ¹7

194 309 273 376 v11.
297 305 424 375 consui
442 308 477 374 in
498 327 613 394 compo
635 305 757 373 Martio
770 306 942 374 ¹⁶comitiie
965 307 1090 388 habitis,
1112 311 1216 396 priui-
1225 319 1294 370 lic.
1307 320 1362 370 isi.

149 419 248 484 quoin
265 397 427 462 centurias
448 395 483 460 in
505 393 689 482 suffragium
713 394 862 472 mitteret,
878 397 1033 462 concione
1054 389 1256 478 advocatu*
1266 387 1293 434 ⁰·
1306 393 1362 434 ⁹⁰⁰·

148 485 311 569 Ignarare,
326 483 441 634 inippit,
458 483 605 547 uidemini
626 482 712 558 mihi,
731 481 880 561 Quirites,
901 505 972 560 non,
988 487 1088 550 utrum
1109 485 1218 550 bellum

23 633 24 660 ἶ
150 593 195 634 on
209 593 317 654 pacem
331 571 373 634 lm
404 571 483 645 ctis,
499 589 550 633 vos
570 569 701 632 consuli.-
725 571 834 654 (neque
847 571 927 634 enini
941 569 1068 638 liberum
1084 573 1119 636 id
1135 571 1219 638 vobis

23 677 24 701 ¹
146 654 301 741 permittit
314 659 495 740 Philippus,
510 655 565 740 qui
577 665 664 718 terra
684 658 823 740 marique
837 657 944 741 ingeris
957 655 1065 722 bellum
1079 659 1217 738 molitur)

23 819 24 826 ἵ
144 745 313 808 sedulium
328 746 363 808 in
379 743 598 808 Macedoniam
611 743 745 826 legiones
758 745 987 828 transportatis,
998 766 1041 808 an
1055 745 1167 824 boetem
1183 745 1217 810 iri

145 831 276 896 Italiam
302 831 477 914 accipiatis.
523 827 594 892 Hac
614 837 760 912 quantum
782 829 916 908 intersit,
931 831 961 895 si
980 853 1119 916 umquem
1142 842 1218 896 onte

145 919 238 995 alias,
254 919 378 982 Punica
399 926 480 981 certe
495 916 639 1000 proximo
658 913 737 978 bello
758 917 879 998 auperti
903 917 986 983 estis.
1031 917 1111 994 Quis
1136 921 1216 984 enirn

145 1005 279 1085 dubitat,
289 1006 416 1088 quinci
425 1003 606 1088 Segiintinis
616 1001 741 1066 obsessis
748 1002 1041 1086 fidemquenostrom
1053 1007 1217 1088 inplorari·

146 1091 224 1155 tibus
236 1091 363 1176 inpigre
373 1091 540 1154 tulissemus
554 1109 649 1172 opern,
660 1086 773 1152 ”sinit
780 1099 891 1171 patres
905 1093 1004 1156 nostri
1015 1091 1217 1158 Mamertinis

144 1181 293 1253 tulerant,
308 1187 404 1242 totum
420 1179 454 1241 iri
468 1177 663 1260 Hispaniam
681 1177 821 1240 auersum
835 1175 941 1240 bellurn
951 1179 1119 1262 firminus,
1136 1183 1219 1264 quad

145 1267 317 1329 cunctando
331 1285 396 1328 curri
410 1285 523 1328 summa
538 1263 626 1326 clade
639 1263 794 1346 nostrajin
810 1263 937 1326 ltaliam
947 1266 1142 1347 accepimus?
1167 1267 1217 1331 Ne

145 1353 225 1416 illud
238 1353 360 1436 quidem
375 1350 496 1414 diibiiim
510 1359 564 1426 est,
581 1350 656 1434 quiri
670 1349 749 1412 hunc
771 1350 868 1432 ipsum
883 1349 1077 1434 Philippum,
1088 1361 1217 1435 pactum

134 1437 205 1522 jairi
216 1460 278 1522 per
291 1441 409 1523 legatos
422 1438 586 1520 literasque
599 1457 664 1499 nim
679 1435 865 1500 Hannibale
876 1437 910 1500 in
921 1438 1048 1501 ltaliam
1060 1437 1215 1522 trajicere,

144 1527 235 1590 misso
249 1545 314 1589 enm
330 1521 426 1588 classe
442 1520 580 1599 lanino,
596 1521 650 1606 qui
668 1523 751 1584 ultro
765 1521 795 1584 ei
808 1519 916 1586 bellurn
932 1524 1072 1608 inferret,
1090 1525 1124 1588 in
1140 1525 1217 1589 Ma·

143 1613 273 1676 cedonia
299 1611 546 1674 continuerimus.
574 1618 604 1672 et
632 1609 714 1693 qnod
735 1605 807 1672 lunc
817 1607 964 1694 fecimus,
990 1628 1079 1694 quiin
1104 1611 1217 1675 hostem

146 1697 358 1764 Hannibalem
382 1699 415 1761 in
430 1697 530 1761 Italic
544 1694 729 1771 haberemus,
745 1695 781 1758 id
799 1715 888 1772 nunc,
898 1697 990 1778 pulso
1004 1695 1105 1760 Italia
1121 1697 1217 1762 Han·

145 1785 259 1862 nibale‚
276 1785 404 1850 devictis
418 1781 741 1867 Karthaginiensibus,
757 1781 1076 1867 cunctamurfaccre?
1100 1783 1217 1848 Palia-

134 1883 212 1935 ‘inur
224 1872 440 1956 eupugnondis
454 1868 596 1946 Athenis,
611 1870 690 1933 sicut
703 1868 842 1952 Sagunto
863 1871 1069 1954 eipuguauto
1084 1869 1217 1934 Hanni·

145 1957 242 2022 belem
253 1959 346 2042 passi
366 1975 474 2032 sunio,
489 1956 647 2040 segnitiem
669 1963 804 2018 nonnam
827 1955 966 2038 euperiri
986 1977 1096 2040 regern.
1141 1957 1216 2020 Non

145 2045 252 2130 quinto
274 2047 348 2108 inde
368 2063 476 2120 mense,
492 2042 738 2126 quemadmodum
761 2041 801 2104 ob
818 2041 955 2126 Sagunto
971 2041 1148 2120 Hannibal,
1163 2045 1218 2108 sed

145 2133 252 2216 quinto
265 2133 341 2204 inde
354 2131 416 2207 die,
432 2149 523 2214 quam
543 2127 584 2194 ab
601 2128 750 2192 Corintho
771 2128 897 2192 solverit
918 2149 1020 2204 naves,
1037 2129 1071 2191 in
1085 2128 1216 2193 Italicm

106 2219 110 2228 “
142 2219 311 2302 perveniet.
357 2217 409 2280 Ne
417 2215 613 2300 aquaoeritis
624 2211 808 2277 Hannibali
821 2215 1013 2298 Philippum,
1026 2236 1064 2278 ne
1074 2215 1216 2279 Kartha-

142 2305 334 2392 giniensibus
344 2303 552 2374 Macedonas,
569 2299 726 2385 ²⁸Pyrrho
740 2310 821 2364 certe
831 2301 1009 2386 aequabitis:
1026 2302 1103 2376 dico,
1117 2323 1215 2386 quaii-

21 2467 22 2476 χ
145 2402 209 2457 trini
230 2394 279 2456 oel
297 2392 349 2456 oir
370 2393 447 2466 uiro,
463 2390 511 2454 uel
528 2409 604 2474 gens
621 2387 711 2472 genti
726 2397 871 2470 prastat.
919 2387 1056 2451 Minimo
1085 2390 1215 2454 accessio

21 2505 22 2530 ³
96 2501 103 2515 ·
144 2499 261 2562 semper
275 2479 395 2560 Epirus
410 2496 503 2562 regno
519 2474 798 2559 Macedoniaefirit,
811 2485 841 2538 et
854 2475 945 2538 hodie
959 2483 1013 2539 est.
1060 2475 1215 2559 Pelopon·
1320 2481 1325 2488 '

144 2587 245 2630 neuim
260 2574 356 2628 totoni
379 2565 413 2627 iri
427 2563 546 2626 ditione
562 2561 729 2644 Philippus
745 2561 847 2638 hebet,
864 2561 1023 2646 Argosque
1045 2563 1136 2644 ipsos,
1153 2581 1214 2626 non

145 2653 345 2736 ueterescma
358 2651 467 2735 magis,
483 2669 573 2734 quam
587 2657 682 2711 morte
696 2649 818 2732 Pyrrhi
831 2647 1019 2712 nobilitatos.
1064 2647 1214 2714 ”Nostra

145 2760 225 2802 nunc
237 2758 394 2820 compara.
417 2744 531 2821 quinto
546 2735 644 2818 magis
644 2734 813 2821 florentem
827 2735 968 2809 Italiam,
985 2746 1101 2820 quanto
1116 2737 1215 2820 mergis

145 2827 285 2910 integras
300 2845 361 2903 res,
375 2823 470 2888 salvis
484 2821 619 2900 ducibus,
632 2821 729 2885 salcis
750 2829 796 2884 tot
816 2819 1006 2896 exercitibus,
1023 2843 1097 2904 quas
1110 2821 1215 2884 Puni·
1257 2873 1260 2880 ,

143 2933 208 2976 mm
216 2920 328 2994 posteo
343 2909 450 2974 bellum
465 2907 620 2986 absumsit,
635 2907 795 2990 adgressio
808 2906 952 2991 Pyrrhus
973 2915 1075 2970 tomen
1092 2927 1214 2971 concus-

143 3001 196 3079 sit,
207 3008 238 3063 et
249 3000 347 3062 victor
357 3017 457 3079 prope
466 2997 511 3058 ad
523 2995 622 3076 ipsam
633 2991 734 3056 urbem
745 2993 876 3056 licinum
887 2993 989 3055 uenit!
1014 2993 1078 3056 Nec
1093 2992 1214 3056 Taren·

142 3087 207 3150 tini
221 3086 309 3148 inodo
323 3103 437 3168 araque
449 3083 507 3146 illc
520 3081 638 3156 Italia,
655 3101 745 3164 quam
759 3074 904 3162 mojorem
921 3075 1077 3143 Graciam
1086 3090 1211 3159 omont,

144 3183 178 3236 ut
190 3173 340 3256 linguam,
356 3179 392 3233 ut
413 3187 519 3232 nomen
535 3175 650 3232 secutos
670 3167 816 3244 crederes,
831 3167 886 3230 sed
901 3165 1053 3240 Lemurios,
1070 3176 1100 3230 et
1114 3167 1214 3232 Britt-

144 3259 215 3338 lius,
231 3267 263 3322 et
276 3258 410 3348 Samnis,
425 3277 445 3318 a
462 3253 548 3319 nobis
561 3253 745 3339 defecerunt.
791 3253 870 3318 Hac
884 3273 945 3330 vos,
955 3254 984 3317 si
995 3254 1165 3338 Philippus
1178 3256 1212 3320 in

176 3487 209 3530 ΕΘ
226 3481 339 3529 cimino
355 3477 456 3543 habitis]
489 3479 661 3541 Velioieiiige,
694 3479 790 3542 Pprvbo
801 3480 861 3527 dico.
895 3481 1020 3537 Quantum
1038 3481 1076 3527 rrcl
1092 3481 1130 3526 cir
1149 3481 1211 3534 oisc,

146 3551 200 3597 dum
212 3547 333 3596 hibentur
343 3546 454 3593 comitisa
471 3541 509 3593 rel
519 3546 600 3607 potius
612 3545 662 3602 dele
694 3545 733 3592 uel
740 3559 800 3606 gerii
810 3546 882 3606 genti
888 3547 1009 3606 prestat!
1025 3545 1124 3592 Dixerit
1134 3546 1212 3606 primo

145 3629 226 3662 rocem
246 3613 347 3669 nuno,
365 3626 418 3672 quic
435 3611 465 3658 cb
482 3611 574 3658 duobus
592 3611 661 3658 MSS.
695 3611 749 3658 ilios
766 3617 830 3662 certo
847 3625 896 3657 non
913 3612 1063 3658 dubitaturos
1074 3610 1211 3671 Philippum

146 3682 218 3729 ebert
253 3680 293 3726 Sic
308 3679 374 3725 enim
387 3677 505 3724 interdum
523 3677 604 3724 Livius
621 3676 661 3724 rib·
694 3676 785 3737 Pyrrho
803 3691 904 3738 equire.
937 3678 1055 3724 Moxoie
1069 3673 1214 3737 ipie'sepre-

145 3747 221 3794 solute
232 3744 299 3806 loqiii
315 3748 391 3798 emit,
401 3753 430 3790 ui
440 3743 486 3790 hoo
497 3743 548 3804 ipso
561 3742 631 3801 libro,
640 3755 660 3790 s.
695 3743 790 3800 heodit,
802 3743 865 3803 qood
875 3743 1012 3804 Philippum
1022 3745 1102 3801 aquei
1112 3742 1213 3801 Pyrrho,

146 3819 183 3860 5⁰.
202 3811 316 3860 comitiis
324 3809 406 3856 ediles
412 3810 504 3856 curules
515 3809 598 3856 crecti.
696 3822 743 3868 quo
760 3809 832 3869 longe
849 3809 955 3868 superios
970 3813 1014 3856 est.
1047 3808 1143 3871 Pyrrho
1159 3808 1212 3854 dico

21 3909 22 3914 ,
175 3869 660 3937 insicurpmueuureittrcmeritno]
692 3889 746 3920 eum
759 3879 878 3933 equom
891 3874 928 3919 iri.
962 3873 1081 3920 [moreio
1096 3879 1212 3935 quaeum

21 3995 22 4000 ,
144 3945 261 3992 Adversus
278 3931 383 3988 Poeiiosi
402 3941 465 3987 undo
482 3940 576 3986 initium
591 3939 660 4000 primi
692 3939 730 3985 uel
742 3941 782 3984 oi'r
798 3941 858 3994 oi'ro,
870 3939 894 3984 id
910 3943 956 3992 eit,
967 3939 1057 3999 Pyrrho
1068 3939 1210 3999 Philippum

145 4011 224 4058 Punici
235 4009 302 4058 beili.
337 4003 618 4069 †vid.ixvt.supm
692 4004 730 4050 uel
737 4019 798 4064 gens
811 4006 889 4065 genti.
902 4005 927 4050 id
937 4011 981 4058 cit,
993 4004 1211 4062 Macedonicegcoi
1265 4039 1280 4064 o

173 4083 202 4123 is
219 4074 320 4139 Pyrrho
344 4077 406 4118 certe
427 4071 569 4132 rependitis:
598 4071 660 4126 dico,
694 4069 822 4130 Epiroticie
836 4069 956 4131 praelat!
977 4069 1110 4129 Utcumque
1125 4066 1211 4127 probet

143 4139 268 4205 muni]
300 4140 356 4186 tic.
383 4137 519 4183 Gronovius
541 4137 661 4184 Volesiom
695 4135 823 4196 iniitque
836 4141 977 4196 sequuntur.
1191 4153 1193 4160 ⁴

142 4215 232 4258 neuim
251 4202 376 4267 suggerit,
395 4203 489 4263 Pyrria
508 4203 575 4250 dica:
599 4201 662 4260 quod
727 4208 758 4251 99
776 4202 866 4248 Nostra
884 4215 948 4247 nune
970 4193 1091 4259 corripere]
1120 4195 1212 4254 Legen-

142 4274 333 4338 sopieoiendom
353 4269 456 4326 videtur,
477 4273 569 4316 oiutsts
589 4269 662 4315 intei-
694 4269 750 4314 dum
773 4269 867 4316 videtur
888 4281 941 4322 oum
964 4261 1096 4317 Gronovto,
1118 4273 1210 4320 corripe.

140 4345 268 4405 punctione
290 4333 388 4398 vulgisi
411 4334 437 4382 io
459 4334 524 4382 liuoc
548 4334 660 4382 morium:
695 4342 755 4395 rate.

736 4405 793 4460 134
