3126 4978
437 193 533 258 LIB.
561 192 723 257 XXXVII.
748 195 811 255 C'A
823 195 855 256 Ρ.
881 195 954 255 Vll.
1169 203 1229 259 288

166 354 290 444 ⁴dietruu
301 356 373 440 est)¹
385 355 502 427 ddnde
517 357 561 425 ,aa
580 358 740 426 consulem
762 369 928 438 venerant,
942 358 1147 447 deprecantes
1169 375 1307 450 praue
1320 385 1377 435 sar.
1429 413 1448 430 -‚

167 443 297 510 AEtolia.
343 443 537 510 Clementiae
550 467 736 530 responsum
756 445 801 510 ab
816 445 967 512 Africano
980 445 1140 512 tulerunt:
1161 447 1227 534 qui,
1239 446 1307 498 M·
1320 444 1387 498 ms
1436 491 1444 502 s

166 530 193 570 ²¹
204 545 348 596 caussam
358 531 561 617 'relinquendi
575 531 705 598 honeste
713 531 848 598 AEtolici
858 531 936 598 belli
950 550 1106 619 quaerens,
1118 533 1229 599 Asiam

167 630 201 684 et
229 637 335 768 reffm
358 615 555 682 Antiochum
581 618 754 703 spectabat,
779 619 976 770 jusseratpue
1005 617 1229 700 Athenienses,

168 725 235 768 oon
284 704 405 768 omanis
426 702 541 782 solum,
558 716 594 768 ut
614 715 725 788 pacem
744 705 831 770 ¹bello
851 725 919 792 prae
931 717 1047 782 errent,
1063 705 1229 771 sedetiam

167 789 288 856 AEtolis
323 786 524 875 persuadere.¹
567 789 730 868 Celeriter,
760 791 940 858 auctoribus
969 791 1229 871 Atheniensibus,

170 877 320 963 frequens
335 875 377 940 ab
393 875 528 964 Hypata
548 875 667 978 legatio
681 876 867 943 AEtolorum
884 878 989 944 venit:
1018 891 1050 943 et
1070 899 1159 964 spem
1173 900 1231 964 pa-

167 962 216 1028 cis
230 964 275 1044 eis
292 964 503 1028 sermoetiam
515 961 672 1040 Africani,
689 985 782 1050 quem
796 965 936 1048 priorem
958 964 1114 1042 adierunt,
1130 967 1228 1044 auxit,

168 1050 456 1126 commemorantis,
472 1050 584 1114 multae
600 1060 706 1134 gentes
720 1052 903 1136 pupillosque
915 1053 946 1115 iu
961 1051 1117 1134 Hispania
1134 1053 1230 1133 prius,

167 1137 275 1200 omme
288 1135 321 1198 iu
334 1134 453 1217 Africo,
469 1135 602 1216 infidem
616 1157 701 1200 suom
716 1138 841 1202 aarum.
862 1138 894 1202 iu
915 1139 1049 1202 munibus
1066 1159 1098 1202 se
1111 1137 1232 1224 majora

167 1222 330 1322 clementie
354 1222 616 1323 herrignitatisque,
640 1245 732 1308 qaum
756 1223 872 1288 uirtutis
896 1223 1032 1324 bellice,
1042 1235 1232 1290 mommerlo
1278 1251 1282 1256 ·

167 1307 738 1480 sustulissemus,
756 1331 824 1481 tt
845 1331 946 1460 titt
967 1310 1231 1462 ultuma}
1268 1355 1283 1436 1

168 1494 254 1547 rant.
298 1479 350 1545 Eo
376 1494 537 1568 tamquam
563 1503 647 1546 novo
673 1504 770 1567 quum
794 1482 850 1547 icti
871 1419 975 1546 Aetoli
998 1494 1112 1560 essent,
1136 1482 1231 1567 (nihil

168 1569 254 1632 euim
276 1589 336 1632 nec
356 1566 514 1656 legatione
527 1566 779 1646 Atheniensium,
795 1589 854 1633 nee
876 1568 1001 1651 placido
1016 1568 1159 1634 Africani
1182 1591 1231 1634 re·

166 1675 286 1805 spoppp
301 1653 478 1805 phollllmm
487 1653 654 1806 ‘Vigebfim
671 1655 844 1805 referretad
858 1677 931 1720 suos
944 1654 1095 1804 disperunt
1110 1655 1198 1756 velle.

284 1785 293 1804 .
349 1762 365 1804 e
390 1762 470 1806 rum
484 1762 519 1804 ιιι
541 1763 559 1806 e
678 1757 740 1806 tam
756 1761 790 1806 es
831 1763 890 1806 nec
901 1762 990 1806 consi
1002 1762 1069 1805 rum
1080 1763 1120 1806 ex
1187 1762 1231 1806 re·

107 1877 108 1880 ,
169 1828 274 1894 batur.
296 1848 372 1892 narn
391 1849 504 1914 neque,
533 1762 724 1893 undeyhiille
745 1786 898 1892 talehthm
918 1827 1056 1905 daretur,
1079 1741 1229 1906 aalide,

168 1912 1233 2087 ffitffllhtttiltltltlttttt:restittit

168 2105 286 2154 canum
296 2087 473 2173 jusserunt,
488 2099 520 2152 et
534 2100 651 2172 petere,
666 2100 712 2166 ut,
728 2024 846 2158 sigdare
860 2075 933 2152 vere
942 2108 1065 2172 pacem,
1081 2108 1147 2152 non
1162 2099 1233 2152 tan·

168 2187 240 2241 tum
260 2173 437 2252 ostendere,
451 2173 638 2240 frustrantes
652 2195 740 2257 spem
754 2174 954 2252 miserorum,
970 2173 1097 2252 veliem,
1112 2186 1169 2240 aut
1189 2196 1232 2240 ea

169 2283 295 2328 summa
308 2261 453 2347 pecunioe
464 2261 635 2338 demerent,
650 2260 741 2325 ²³am
754 2261 992 2347 permissionem
1008 2273 1102 2326 extra
1112 2251 1232 2326 'trivium

171 2371 311 2435 corpora
324 2347 393 2412 lieri
403 2348 564 2434 juberent.
609 2345 699 2412 Nihil
713 2347 929 2432 impetratum,
943 2358 981 2412 ut
1002 2358 1145 2413 mutaret·
1155 2369 1232 2412 con·
1330 2412 1331 2417 ,

168 2435 296 2501 suiset
322 2457 361 2498 ea
388 2455 515 2520 quoque
543 2433 632 2498 irrita
657 2433 773 2521 legatio
802 2433 933 2499 dimissa
960 2447 1017 2500 est.
1063 2435 1172 2500 Secuti
1200 2446 1233 2500 et
1327 2451 1332 2464 ·

168 2521 381 2588 Athenienses
395 2533 486 2584 sant:
508 2520 702 2672 etAErinceps
718 2520 883 2610 legationis
904 2542 1013 2586 eorum
1031 2512 1233 2586 Echedemus
1336 2527 1337 2532 ’

167 2607 315 2696 fatigatos
329 2617 377 2672 tot
390 2603 523 2693 repulsis
585 2605 676 2684 tolos,
692 2621 724 2673 et
738 2607 969 2693 complorantes
991 2607 1095 2673 inutili
1109 2607 1232 2673 lamen·

168 2697 289 2762 tatione
302 2694 464 2760 fortunam
476 2689 591 2782 gentis,
607 2693 648 2758 ad
662 2715 751 2778 spem
765 2695 941 2770 revocavit3
963 2706 1075 2760 auctor
1088 2694 1231 2760 inducias

168 2803 227 2862 sex
248 2781 404 2848 mensium
426 2780 564 2866 petendi,
580 2791 617 2844 ut
637 2779 757 2868 legatos
784 2779 922 2866 Romam
944 2779 1069 2846 mittere
1094 2793 1231 2864 possent

166 2867 360 2948 Dilatiouem
373 2867 450 2932 nihil
462 2869 506 2932 ad
518 2866 681 2950 praeseutia
694 2866 788 2944 molo,
804 2866 913 2951 quippe
925 2887 994 2952 quae
1004 2867 1112 2930 ultima
1126 2876 1230 2944 esseut,

168 2953 366 3041 odiecarrum.
388 2953 485 3018 leucri
501 2975 557 3036 per
571 2953 679 3017 multos
693 2974 787 3030 rosus,
804 2962 934 3034 ternpore
950 2953 1139 3035 interposito,
1152 2971 1232 3034 prae·

169 3051 269 3106 aetites
290 3042 393 3106 clades
413 3061 510 3122 posse.
553 3041 693 3106 Auctore
708 3037 891 3104 Echedemo
914 3037 1011 3104 iidem
1032 3038 1128 3116 missi,
1144 3038 1232 3124 prius

171 3128 213 3195 P.
234 3128 390 3214 'Scipione
418 3138 587 3207 convento,
617 3147 674 3210 per
703 3148 776 3191 eum
806 3124 950 3191 inducias
978 3125 1129 3212 temporis
1154 3126 1352 3276 {cainonem

197 3215 260 3280 aod
289 3213 450 3300 petebant,
472 3235 493 3277 a
516 3211 647 3278 consule
667 3212 935 3298 impetraverunt:
958 3225 1000 3290 et,
1024 3211 1128 3278 soluta
1148 3235 1170 3276 o
1192 3209 1378 3276 si-¹¹⁰P‘²‘⁸⁰¹·

168 3237 267 3378 dione
280 3298 469 3384 Amphissa,
486 3299 548 3364 Μ’.
559 3299 693 3377 Acilius,
709 3297 826 3365 tradito
845 3298 967 3364 consuli
989 3299 1146 3377 exercitu,
1158 3321 1233 3386 pro·

169 3387 276 3454 vincia
290 3384 443 3454 decessit:
465 3398 499 3450 et
511 3385 632 3450 consul
643 3389 682 3450 ab
698 3384 871 3471 Amphissa
889 3383 1085 3450 Thessaliam
1107 3385 1231 3470 repetit,

172 3489 210 3540 ut
223 3495 281 3560 per
296 3471 521 3549 Macedoniam
537 3471 772 3559 Thraciamque
785 3472 915 3537 duceret
929 3473 963 3537 iu
978 3473 1098 3540 Asiam.
1144 3472 1230 3538 Tum
1241 3488 1297 3539 co..
1308 3487 1373 3535 dueta

171 3559 344 3626 Africanus
370 3558 470 3639 fratri,
485 3559 571 3638 lter,
595 3562 675 3644 quod
695 3560 818 3636 insistis,
841 3561 881 3623 L
902 3560 1009 3642 Scipio,
1035 3581 1093 3646 ego
1117 3554 1368 3645 qaoqaelffllm·

170 3647 322 3731 cdprodo:
345 3647 398 3710 sed
424 3655 516 3710 totum
539 3647 573 3710 id
592 3647 719 3711 uertitur
739 3647 770 3710 in
793 3645 948 3710 voluntate
969 3648 1114 3729 Philippu.
1162 3647 1231 3726 Qui,

206 3861 234 3901 21
255 3855 359 3902 Causam
374 3853 523 3916 relinquendi
536 3854 687 3901 koamteAE-
718 3855 810 3901 Rursus
827 3853 900 3912 dedit,
920 3854 1021 3902 iteravit.
1054 3856 1093 3903 Sic
1109 3853 1243 3920 txx1v2

170 3917 240 3968 talisi
258 3919 325 3982 aeut]
341 3921 459 3968 Nimirum
474 3919 552 3980 'probe
569 3920 687 3980 intellige·
719 3923 792 3980 etc}
808 3919 999 3980 Naanmrtserre
1009 3921 1233 3982 proditiaampro-
1270 3957 1273 3962 .

171 3987 216 4034 bat
229 3986 365 4041 Africanas,
377 3986 457 4048 inquit
469 3985 581 4046 Polybius
598 3986 624 4030 in
640 3985 688 4032 Ex·
720 3987 779 4032 dien
790 3985 853 4032 olim.
872 3985 925 4032 Vid.
938 3991 962 4034 et
973 3987 1024 4034 Cic.
1034 4000 1077 4048 pro
1085 3987 1146 4033 Caes.
1156 3999 1181 4032 n.
1194 3992 1232 4032 84.

172 4057 247 4112 oerpt.
260 4052 319 4114 Leg-
334 4058 370 4100 17.
383 4065 431 4100 ncn
443 4050 469 4098 in
480 4064 508 4097 aa
525 4051 580 4097 belii
597 4050 687 4098 exitum
719 4056 744 4098 et
754 4065 777 4096 n.
791 4057 829 4096 85.

171 4122 199 4164 et
210 4117 316 4170 omnium
329 4129 382 4177 que
391 4117 533 4164 moliebatur
543 4115 595 4163 este
604 4117 687 4174 sitnm,
753 4121 783 4162 28
791 4116 865 4162 *Aut
869 4111 1058 4177 permissionem]
1071 4116 1120 4162 Aut
1129 4113 1233 4160 sinerent

172 4189 203 4228 ut
218 4182 354 4231 AEtalorum
373 4188 468 4238 mntem
485 4182 530 4229 aab
543 4182 629 4242 jugum
640 4182 688 4228 lio-
720 4181 822 4238 AEtolos,
834 4183 890 4228 dum
907 4183 1048 4241 permittunt
1059 4194 1084 4232 se
1095 4178 1168 4224 libero
1184 4179 1233 4224 Ro·

170 4247 239 4296 mani
255 4248 388 4306 mitterent,
400 4248 441 4294 sed
460 4248 486 4293 ia
505 4261 535 4294 ec
551 4248 642 4308 potius,
659 4254 688 4293 ut
720 4259 844 4294 manorum
873 4247 980 4305 arbitrio,
1007 4245 1111 4305 excipere
1146 4243 1234 4292 civium

171 4315 237 4360 victo
247 4313 370 4360 Antiocho
378 4313 460 4360 Asiam
473 4312 615 4360 obtinerent·
721 4325 824 4374 corpora

205 4385 236 4426 22
255 4379 322 4426 Idem
344 4378 407 4426 saud
429 4393 566 4440 responsam
592 4372 688 4437 retulit]
