3136 4982
358 109 367 144 l

436 201 529 262 L1a.
557 195 721 262 XXXVII.
747 203 843 264 CAP.
871 151 989 263 Xlllll.
1184 211 1244 265 315

181 385 317 452 rumque
329 363 472 450 obpressi
482 377 565 434 sunt.
598 363 718 432 Totum
733 365 851 436 deinde
864 367 980 434 laevum
995 387 1096 432 cornu
1111 366 1282 434 inclina-u.
1293 385 1321 432 u
1331 389 1387 432 sor.

180 451 243 526 rit3
273 463 315 528 st,
341 451 476 522 turbatis
499 451 713 530 auxiliaribus,
739 451 793 539 qui
822 454 905 518 inter
933 453 1087 539 equitssl,
1109 466 1141 518 et
1164 451 1387 541 quosss‘cm

181 535 343 621 adpellant
356 537 566 626 phalangitas,
581 552 681 615 erant,
697 540 852 625 usquead
874 540 1012 605 mediam
1026 539 1127 606 aciem
1142 553 1244 606 terror

180 623 335 710 parvenit.
379 625 430 688 Ibi
450 624 544 691 simul
564 625 740 709 perturbati
762 625 898 703 ordines,
914 637 946 690 et
966 626 1126 711 inpeditus
1147 629 1243 690 inter·

180 731 276 776 eursu
293 732 421 776 suorum
438 731 512 778 usus
532 710 767 797 praelongarum
789 712 962 790 hastarum,
979 714 1119 796 (sarissas
1135 712 1251 777 Mace.

181 797 280 872 dones
301 799 429 879 vocant)
450 797 584 866 intulere
606 797 697 884 sign-a
720 799 876 865 Romana
899 797 1050 886 legiones,
1072 812 1103 864 et
1125 799 1191 883 pila
1211 800 1243 862 in

181 883 383 968 perturbatos
396 885 570 969 conjecore.
594 907 634 948 ne
654 884 831 969 interpositi
845 884 972 968 quidem
987 885 1146 971 elephanti
1164 885 1245 948 mili·

183 984 246 1046 tem
264 970 444 1036 Romanum
467 971 677 1050 deterrebant,
692 971 854 1037 adsuetum
870 973 938 1057 jam
959 971 1000 1036 ab
1017 971 1133 1036 Africis
1157 971 1247 1036 bellis

182 1069 215 1122 et
235 1057 334 1122 vitare
352 1057 498 1141 'inpetum
521 1056 645 1134 belluae,
662 1070 693 1122 et
717 1079 757 1122 ex
779 1071 956 1124 transverso
977 1071 1032 1122 aut
1054 1058 1125 1143 pilis
1143 1059 1246 1124 inces-

183 1165 260 1220 sere,
277 1155 341 1223 aut,
356 1143 383 1206 si
399 1143 531 1230 propius
545 1143 651 1211 subire
673 1159 788 1228 posset,
803 1143 947 1228 ³⁰gladio
961 1165 1075 1210 nervos
1097 1145 1245 1210 incidere.

182 1229 254 1295 Jam
279 1228 383 1294 media
404 1230 485 1295 acies
506 1229 571 1294 fere
585 1232 689 1294 omnis
704 1253 721 1293 a
736 1230 839 1298 fronte
862 1243 1018 1314 prostrata
1033 1242 1109 1308 erat,
1125 1246 1157 1295 et
1171 1231 1245 1296 sub·
1254 1242 1335 1289 Medis
1347 1244 1409 1290 scies

183 1315 263 1388 sidia
286 1316 452 1384 circumita
478 1339 497 1384 a
522 1331 613 1404 tergo
628 1316 861 1386 *caedebanturr
884 1339 983 1404 quum
1009 1317 1042 1382 in
1069 1331 1160 1402 parte
1184 1315 1379 1382 aliolf⁰³¹f⁸¹⁸⁴

181 1402 289 1489 hagam
313 1424 454 1480 suorum,
470 1415 503 1468 et
526 1425 627 1488 prope
644 1404 711 1488 jam
735 1402 866 1488 adipes
881 1416 986 1468 castra
999 1403 1168 1468 clamorem
1189 1427 1246 1490 pa·

182 1490 323 1555 nentium
352 1511 510 1574 accepere.
566 1489 714 1576 Namque
739 1489 916 1556 Antiochus
946 1512 965 1554 a
992 1491 1105 1554 dextro
1133 1513 1244 1566 cornu,

183 1597 282 1664 quum
309 1575 354 1643 ibi
379 1575 496 1642 fiducia
521 1575 659 1640 fluminis
684 1576 772 1641 nulla
796 1576 934 1642 subsidia
955 1590 1107 1654 cerneret,
1130 1591 1248 1661 praeter

184 1677 320 1746 quatuor
345 1673 467 1734 turmas
495 1663 648 1750 equitum,
675 1674 707 1729 et
731 1686 793 1740 eas,
818 1663 896 1728 dum
922 1661 1083 1748 adplicant
1108 1687 1141 1727 se
1169 1663 1245 1741 suis,

119 1743 121 1756 '
183 1749 285 1834 ripam
299 1749 465 1827 nudantes,
481 1751 623 1836 inpetum
646 1750 679 1813 iu
694 1771 764 1814 eam
778 1762 901 1834 partem
912 1771 988 1815 cum
1007 1749 1134 1814 auxiliis
1149 1762 1179 1814 et
1195 1771 1245 1814 ca-
1256 1761 1383 1808 sinistrum

184 1835 351 1921 taphracto
365 1837 508 1923 equitatu
527 1837 623 1902 lecit.
639 1857 731 1902 neca
744 1835 849 1904 fronte
872 1849 996 1902 tantum
1015 1836 1163 1914 instabat,
1180 1835 1244 1911 sed,
1255 1841 1328 1903 ΦΨ
1338 1829 1407 1873 ³⁰¹²

183 1922 349 1996 circumito
370 1947 390 1988 a
406 1923 538 1991 flumine
559 1945 671 2003 cornu,
681 1923 748 2008 jam
769 1923 811 1989 ab
829 1923 927 1990 latere
952 1923 1127 2010 urguebatr
1147 1924 1246 1986 donec
1255 1893 1356 2004 ffiffd

182 2006 281 2096 fugati
296 2010 416 2094 equites
430 2009 579 2095 primum,
594 2007 710 2080 deinde
723 2009 860 2094 proximi
880 2009 1023 2096 peditum
1038 2007 1138 2074 effuso
1153 2029 1248 2074 cursu

185 2097 225 2163 ad
241 2110 343 2160 castra
358 2095 513 2181 compulsi
528 2107 610 2162 sunt.

229 2181 365 2250 XLIII.
389 2183 531 2248 Praeerat
551 2183 660 2250 castris
683 2181 734 2248 M.
751 2182 903 2249 AEmilius
929 2183 1075 2249 tribunus
1100 2183 1248 2260 militum,

183 2267 237 2334 M.
253 2268 369 2353 Lepidi
384 2269 477 2348 lilius,
493 2269 547 2355 qui
562 2282 636 2354 post
655 2291 772 2354 paucos
786 2268 908 2334 trunosl
928 2269 1072 2354 pontifex
1088 2271 1251 2334 maximus

185 2353 286 2422 factus
299 2367 357 2420 est.
402 2355 446 2434 Is,
462 2378 526 2440 qua
546 2355 652 2443 lugam
675 2356 824 2422 cernebat
847 2377 987 2432 suorum,
1002 2377 1075 2422 cum
1097 2355 1249 2442 praesidio

184 2441 273 2506 omni
296 2442 456 2518 obcurrit3
480 2454 512 2507 st
535 2454 616 2508 stare
636 2442 751 2527 primo,
774 2441 889 2507 deinde
914 2441 1018 2508 redire
1040 2443 1074 2506 in
1095 2465 1249 2531 pugnam,

180 2527 323 2613 jubebat,
339 2549 488 2614 pavorem
504 2541 536 2594 et
549 2540 676 2613 turpem
689 2527 797 2616 fugam
813 2529 989 2614 increpans.
1013 2529 1117 2596 Miuae
1132 2529 1251 2594 exinde
1325 2545 1329 2553 ’

184 2625 287 2693 eraut,
309 2616 342 2680 in
365 2615 537 2701 perniciem
564 2636 653 2682 suam
678 2637 779 2682 caecos
802 2635 906 2692 ruere,
928 2615 963 2680 ni
985 2616 1072 2680 dicto
1091 2629 1250 2702 parerent.

185 2714 347 2785 postremo
370 2702 428 2767 dat
449 2702 575 2785 signum
599 2701 674 2781 suis,
694 2712 730 2766 ut
754 2700 873 2784 primos
894 2701 1086 2790 fugientium
1113 2703 1250 2779 caedant,

185 2787 312 2854 turbam
326 2787 558 2874 insequentium
574 2787 660 2854 ferro
673 2802 705 2854 et
720 2786 901 2854 vulneribus
914 2787 948 2852 in
965 2787 1075 2852 hostes
1094 2789 1250 2876 redigant.

186 2873 370 2964 Hicmajor
387 2874 482 2940 timor
504 2876 660 2944 minorent
675 2872 761 2939 uicit.
776 2872 907 2958 ancipiti
920 2874 1022 2939 coacti
1037 2886 1124 2940 metu
1144 2875 1252 2959 primo
1289 2901 1290 2906 ¹

185 2959 414 3040 constiterunt3
436 2959 551 3026 deinde
564 2972 596 3028 et
612 2959 675 3045 ipsi
694 2958 855 3026 redierunt
874 2959 907 3024 in
929 2981 1082 3061 pugnam,
1099 2975 1131 3026 et
1145 2959 1252 3024 AEmi·

186 3046 248 3113 lius
263 3069 335 3114 cum
350 3070 408 3112 suo
422 3047 571 3133 prasidio
587 3051 692 3132 (erant
713 3059 819 3114 autem
833 3046 899 3113 duo
916 3045 1016 3112 millia
1031 3047 1171 3112 virorum
1188 3045 1252 3111 lor·

187 3131 280 3215 tium)
298 3133 394 3201 effuse
405 3135 548 3220 sequenti
559 3134 627 3222 regi
636 3134 753 3202 acriter
763 3133 887 3200 restitit.
924 3134 968 3200 Et
979 3135 1117 3212 Attalus,
1131 3133 1252 3199 Eume·

186 3219 237 3286 uis
252 3220 358 3298 frater,
374 3244 393 3284 a
408 3220 521 3287 dextro
535 3241 646 3298 cornu,
663 3243 761 3307 aquo
781 3220 897 3286 laevum
919 3219 1059 3287 hostium
1081 3222 1186 3307 primo
1201 3220 1251 3283 in-

186 3317 264 3392 petu
277 3305 421 3394 firgstum
436 3306 549 3384 fuerat,
559 3321 599 3376 nt
614 3307 655 3375 ab
670 3308 796 3378 sinistro
817 3307 925 3396 lugam
940 3329 1072 3374 suorum
1087 3321 1118 3373 et
1134 3305 1252 3372 tumul·

186 3405 255 3472 tum
277 3394 363 3460 circa
383 3406 486 3462 cestra
507 3393 585 3460 vidit
612 3393 645 3460 in
667 3408 811 3480 tempore
833 3417 906 3460 oum
928 3394 1073 3460 ducentis
1094 3393 1252 3481 equitibus

187 3479 327 3544 advenit.
370 3479 558 3559 Antiochus,
573 3492 741 3568 postquem
756 3492 789 3546 ct
805 3503 868 3559 eos,
885 3504 1021 3567 quorum
1042 3495 1133 3570 terga
1154 3479 1251 3545 modo
1260 3493 1391 3570 Repetam

186 3567 318 3644 uiderat,
334 3579 510 3651 repetentes
532 3589 683 3654 pugnam,
700 3580 732 3633 et
752 3567 848 3636 aliam
866 3580 899 3632 et
920 3591 940 3634 a
962 3570 1070 3634 castris
1084 3582 1117 3634 et
1131 3591 1171 3634 ex
1184 3560 1408 3635 adsultim»

186 3653 376 3728 adfluentem
397 3654 522 3720 turbam
544 3655 719 3744 conspexit,
735 3654 768 3718 in
791 3656 898 3742 fugam
921 3657 1014 3720 vertit
1028 3677 1158 3742 equum.
1203 3625 1366 3719 lta⁶²f⁰⁸¹¹'

187 3751 324 3826 utroque
360 3761 460 3806 cornu
494 3739 629 3806 victores
660 3740 800 3807 Romani
832 3762 890 3824 per
922 3763 1053 3806 aceram
1082 3763 1252 3828 corporum

188 3829 281 3910 (quos
296 3826 329 3890 io
345 3827 449 3894 medio
464 3827 601 3900 maxime
615 3827 682 3892 acie
696 3825 943 3903 cumulaverant,
960 3827 1015 3894 ubi
1029 3839 1061 3892 et
1075 3828 1175 3894 robur
1189 3829 1253 3893 lor-

186 3913 379 3996 tissimorum
401 3913 552 3990 virorum,
568 3926 599 3978 et
620 3936 708 3978 arma
733 3913 886 4006 gravitate
911 3912 1018 4014 sugam
1040 3915 1253 3999 inpedierant)

187 4012 324 4087 pergunt
339 3999 380 4064 ad
395 4013 496 4064 castra
511 3999 700 4085 diripienda.
723 4000 843 4087 equites
865 4002 960 4085 primi
975 4002 1117 4064 omnium
1135 4000 1253 4066 Eume·

186 4085 245 4164 nis,
262 4085 378 4188 deinde
392 4100 424 4150 et
445 4087 525 4152 alius
547 4087 704 4176 equitatus
726 4100 795 4152 toto
820 4087 935 4172 passim
951 4109 1065 4172 campo
1079 4099 1254 4174 sequuntur

263 4238 553 4304 *squamosusque
618 4243 702 4302 ‘facit
715 4241 779 4290 Eretl.
845 4240 858 4276 ‘¹
865 4249 921 4304 port
931 4257 1006 4292 aanor
1013 4257 1102 4306 poam
1112 4233 1178 4292 Eedss
1224 4293 1226 4299 ,

333 4396 365 4437 80
385 4393 470 4439 Gladio
480 4408 564 4440 stercor
574 4389 691 4456 incidere]
712 4393 805 4448 Narrat
815 4393 932 4453 paphiam
944 4391 1107 4452 intelligimus·
1119 4441 1122 4448 .
