3126 4978
341 209 401 264 na
731 199 841 262 riri
870 199 1036 280 urvrp

181 367 317 440 occu.
376 365 426 432 V.
450 363 592 456 Magnus
612 385 710 450 pavor
731 387 769 443 ac
787 365 951 444 tumultus,
968 379 1005 438 ut
1025 366 1059 430 iu
1080 387 1116 432 re
1136 365 1308 452 inprovisa,
1327 361 1399 428 fuit.

181 455 250 506 Μ·
264 460 319 505 ¹⁹⁰·
341 454 535 520 constamine
550 467 666 529 umen,
682 471 778 538 quem
792 453 862 538 quis
875 451 1014 518 factumn
1031 455 1180 532 amera
1194 455 1311 518 intem
1325 449 1401 514 sub·

238 541 240 546 ’
278 591 280 624 2
340 542 388 606 ito
412 540 564 624 periculo,
586 558 685 625 quum
709 538 769 602 viri
788 546 1042 626 propugnarent,
1062 538 1272 604 feminee-tela
1293 535 1401 608 omnis

275 651 278 657 ⁴
341 627 466 715 generis
479 621 620 711 saxaque
637 625 671 689 in
694 645 800 690 muros
862 633 978 704 rerent,
988 628 1076 712 jam·
1089 625 1297 692 multifariam
1308 622 1401 688 scalis·

342 712 503 798 adpositis,
521 712 684 777 urbemeo
696 710 749 776 die
769 710 810 776 dc
822 712 988 778 cuderunt.
1033 713 1166 792 Acilius,
1180 715 1271 813 signo
1290 715 1400 794 re'cep-

341 799 491 884 midam,
506 805 580 863 suos
601 798 634 862 in
654 809 759 864 castra
782 798 888 864 medio
910 797 1009 863 ferme
1029 799 1082 863 die
1103 799 1247 864 reduxit:
1269 810 1306 862 et
1321 809 1402 861 tuuc

342 885 415 952 cibo
436 897 469 950 et
489 885 594 970 quiete
619 883 747 948 refectis·
763 883 959 969 corporibus,
977 885 1161 971 priusquam
1170 885 1202 926 '¹⁸
1211 883 1399 970 pr‘aetoriunt

341 971 525 1050 dimitteret,
541 971 753 1048 denunciavit,
765 981 800 1035 ut
814 981 883 1036 ante
899 971 992 1037 lucem
1000 973 1112 1038 armati
1122 974 1286 1057 paratique
1296 975 1401 1034 meent.

341 1059 399 1124 nisi
411 1068 586 1146 expugnata
599 1058 949 1135 artasceos'tncanra
961 1081 1020 1123 non
1033 1061 1231 1123 redactltrun.
1276 1054 1401 1122 Eodem

343 1157 494 1234 tempore,
510 1165 575 1231 quo
596 1143 707 1230 pridie,
729 1143 874 1229 pluribus
894 1143 972 1208 locis
993 1145 1172 1232 adgressus,
1188 1165 1284 1230 quum
1300 1142 1401 1225 'oppi-

342 1231 443 1298 danos
460 1232 528 1318 jam
549 1231 638 1308 vires,
654 1232 721 1318 jam
743 1229 815 1308 teia,
826 1231 894 1316 jem
918 1231 1119 1296 antcomnia
1140 1231 1265 1296 animus
1285 1229 1400 1294 defice·

343 1331 401 1396 ret,
424 1318 509 1384 intra
529 1336 647 1402 paucas
671 1316 766 1381 boras
789 1317 901 1382 urbem
925 1317 1018 1402 cepit.
1064 1318 1126 1396 Ibi,
1148 1317 1263 1403 partim
1289 1315 1400 1381 diven-

342 1405 418 1482 dita,
434 1404 550 1489 partim
569 1402 668 1469 divisa
687 1403 807 1488 praeda,
823 1403 990 1468 consilium
1009 1403 1163 1482 habitum,
1186 1404 1262 1491 quid
1285 1401 1401 1467 deinde

298 1483 308 1497 '
342 1490 468 1558 faceret.
514 1490 644 1556 Nemini
671 1491 712 1555 ad
738 1490 938 1575 Naupactum
964 1491 1015 1554 iti'
1027 1491 1155 1576 placuit,
1176 1501 1333 1576 occupato
1359 1487 1401 1553 a'd

262 1578 264 1582 ’
345 1578 499 1644 Coracem
515 1577 556 1642 ab
570 1575 684 1642 AEtolis
699 1579 790 1642 saltu.
817 1598 858 1641 ne
871 1585 976 1642 tamen
992 1579 1101 1665 segnia
1117 1577 1226 1641 aestiva
1240 1589 1352 1656 essem,
1368 1587 1401 1639 et

343 1663 446 1730 AEtoli
469 1685 534 1728 non
556 1665 754 1749 impetratam
779 1684 889 1748 pacem
914 1663 955 1728 ab
983 1676 1093 1728 senatu
1118 1661 1322 1728 nibilominus
1344 1682 1402 1747 per

181 1763 310 1826 Amputat
344 1773 431 1816 suam
453 1750 688 1824 cunctationem
709 1749 871 1826 habereut,
893 1750 1223 1835 obpugnare'Acilius
1249 1747 1401 1834 Amphis·

182 1830 327 1892 ΨΜ
344 1859 411 1904 sam
434 1839 554 1902 statuit.
575 1837 619 1902 ab
640 1835 796 1904 Heraclea
817 1857 876 1920 per
901 1837 1023 1901 Oiitam
1038 1838 1195 1902 exercitus
1214 1859 1253 1901 eo
1275 1835 1403 1902 ductus:

344 1924 453 2001 Quum
477 1923 518 1988 ad
541 1922 659 1988 moenia
684 1934 785 1988 castra
806 1921 971 2006 posuisset,
993 1943 1058 1986 non
1080 1943 1209 2002 corona,
1231 1924 1311 1988 sicut
1337 1921 1402 1991 La·

343 2011 451 2087 miam,
466 2009 521 2074 sed
535 2009 683 2092 operibus
697 2007 782 2093 obpu
829 2029 883 2074 are
897 2007 1007 2073 urbem
1023 2022 1069 2074 est
1083 2009 1233 2075 adortus.¹
1251 2005 1401 2074 Pluribus

344 2095 440 2160 simul
454 2095 531 2159 locis
553 2094 632 2158 aries
653 2029 896 2170 admovehdtum
919 2107 950 2159 et
971 2116 1068 2181 quum
1089 2105 1293 2182 quaterentur
1306 2095 1401 2171 muri,

278 2207 281 2213 ·
344 2180 423 2246 nibil
438 2181 585 2246 adversus
600 2180 626 2222 ¹⁹
634 2180 696 2246 tale
717 2179 1088 2269 machinationis¹genus
1109 2203 1231 2268 parare,
1247 2194 1302 2247 aut
1315 2201 1402 2247 com-

343 2267 468 2334 minisci
482 2267 635 2354 oppidani
656 2267 862 2333 conabantur.
884 2269 986 2331 omnis
1003 2290 1072 2353 spes
1094 2269 1127 2331 in
1147 2270 1243 2333 armis
1255 2281 1287 2332 et
1301 2267 1402 2334 auda-

344 2355 393 2420 cia
414 2367 490 2423 crat
512 2353 887 2438 eruptionibustcrebris
901 2366 932 2418 et
954 2357 1103 2418 stationes
1123 2353 1272 2434 hostium,
1294 2366 1326 2420 et
1348 2365 1403 2420 eos
1465 2425 1468 2428 ,

343 2441 438 2529 ipsos,
526 2441 610 2510 circa
624 2462 722 2526 opera
735 2453 767 2506 et
780 2441 942 2506 machinas
956 2453 1056 2518 erant,
1072 2443 1252 2509 turbabant.

152 2607 154 2610 ι
182 2539 238 2588 cna
248 2538 338 2601 inpra-
387 2463 585 2592 V1.qh¹dultis
599 2539 703 2593 tamen
719 2525 797 2592 locis
812 2548 921 2592 murus
940 2526 1088 2592 decussus
1109 2541 1187 2608 erat,
1201 2550 1300 2615 quum
1315 2525 1403 2592 adla-

182 2605 413 2720 ppim'ttum
443 2624 500 2692 est,
530 2629 750 2692 successorem,
777 2613 957 2699 Apolloniae
984 2614 1129 2698 exposito
1164 2615 1316 2692 exercitu,
1345 2635 1405 2700 per

345 2701 482 2788 Epirum
509 2723 548 2766 ac
567 2699 763 2765 Thessaliam
786 2700 903 2765 venire.
945 2699 1067 2764 ²⁰Cutn
1089 2700 1240 2765 tredecim
1263 2701 1404 2764 millibus

343 2787 486 2874 peditum
506 2801 539 2852 et
560 2787 740 2875 quingentis
763 2787 919 2873 equitibus
941 2787 1059 2851 consul·
1078 2787 1232 2853 veniebat.
1275 2787 1348 2852 Jarn
1369 2787 1404 2850 iu

342 2875 446 2944 sinum
464 2872 639 2939 Maliacum
656 2887 800 2938 venerat:
824 2887 856 2938 et
877 2873 1045 2958 praemissis
1069 2873 1245 2960 Hypatam,
1283 2875 1316 2938 ui
1340 2887 1404 2938 tra·

343 2961 419 3027 dere
443 2960 555 3026 urbem
584 2960 738 3036 ‘uberent
757 2971 929 3047 postquam
955 2981 1139 3044 responsum
1166 2975 1223 3042 est,
1239 2897 1327 3038 nihil,
1343 2959 1405 3024 nisi

343 3071 385 3114 ex
398 3048 561 3114 communi
622 3047 759 3112 telorum
774 3045 1073 3124 decreto,facturos;
1095 3068 1136 3112 ne
1157 3060 1278 3112 teneret
1299 3069 1332 3111 se
1345 3045 1404 3110 ob-

342 3135 498 3223 pugnatio
525 3133 679 3221 Hypatae,
705 3131 849 3198 nondum
875 3132 1047 3218 Amphissa
1075 3147 1211 3218 recepta,
1237 3134 1406 3220 praemisso

343 3225 442 3286 fratre
460 3220 624 3298 Africano,
640 3218 843 3304 Amphissam
866 3218 963 3283 ducit.
1010 3219 1077 3284 Sub
1099 3219 1269 3285 adventum
1292 3241 1404 3284 eorum

342 3307 508 3394 oppidani,
528 3307 640 3372 relicta
660 3306 748 3384 urbe,
770 3306 848 3392 (jam
867 3304 950 3370 enim
974 3327 1089 3392 magna
1109 3329 1151 3371 ex
1173 3303 1263 3392 parte
1284 3306 1406 3371 nudata
1455 3325 1458 3330 “
1550 3319 1551 3330 ’

343 3394 505 3459 moenibus
534 3394 617 3474 erat)
644 3393 677 3456 in
701 3415 816 3470 arcem,
843 3413 938 3478 quam
966 3393 1244 3480 inexpugnabilem
1273 3392 1403 3470 babent,

344 3501 454 3544 ornnes
469 3481 582 3545 armati
596 3491 690 3566 atque
705 3480 840 3543 inermes
861 3488 1052 3544 concessere.
1097 3479 1218 3544 Consul
1234 3501 1290 3546 sex
1303 3479 1406 3543 millia

250 3583 258 3630 t
344 3565 442 3632 ferme
467 3587 616 3652 passuum
647 3565 722 3630 iude
746 3565 851 3650 posuit
879 3578 989 3630 castra.
1013 3589 1051 3630 eo
1076 3565 1173 3653 legati
1198 3567 1405 3632 Athenienses

298 3677 309 3688 ·
345 3653 489 3740 primuni
506 3652 548 3736 ad
572 3653 608 3717 P.
627 3652 818 3737 Scipionem,
834 3673 1044 3740 praegressum
1065 3675 1190 3739 agmen,
1217 3651 1311 3734 (sicut
1332 3663 1406 3718 autc

377 3766 505 3855 ‘jusmod-
518 3793 672 3841 Gremcrcv.
727 3783 935 3853 soppugnatc'ona'c
946 3792 1014 3838 Cret.
1073 3792 1304 3854 ‘emptionibusque
1315 3793 1376 3842 uae.

380 3919 858 3987 rs⁸Praetortundtntttern1tuu.nat.
890 3933 929 3970 tro
944 3925 1034 3972 Victor.
1051 3925 1174 3982 exhibant,
1193 3925 1235 3987 qui
1251 3927 1316 3972 cirea
1335 3938 1406 3986 opera

344 3991 428 4046 ,tzod
439 3990 509 4037 XXI.
521 3996 562 4037 ⁶4.
755 4033 760 4045 ,
891 3991 1110 4038 “machinatione-r
1125 3998 1202 4049 erant,
1214 4004 1262 4038 non
1272 3992 1405 4038 machinae.

344 4084 348 4096 ·
378 4062 407 4105 19
426 4057 490 4102 Tale
504 4055 690 4116 oppugnationis
708 4053 797 4116 genae]
820 4054 859 4101 Sic
891 4055 1149 4114 Scdparuruintcrest.

344 4121 431 4168 bebere
458 4121 558 4180 scriptos
585 4125 688 4168 testatur·
714 4120 858 4167 Gronovius.
924 4126 955 4166 20
974 4122 1033 4166 Com
1044 4123 1156 4168 tredecim
1165 4121 1270 4168 utititas
1285 4116 1405 4183 pediturn]

343 4187 422 4248 Vulgo
432 4188 631 4233 machinationis:
649 4185 857 4245 qoaevoxetalto·
889 4184 928 4230 Sic
944 4185 1077 4232 emendavit
1095 4187 1212 4242 Sigonius.
1244 4187 1325 4232 Antea
1342 4187 1406 4246 lege·

342 4252 412 4300 lercrl'
438 4258 540 4312 poterut,
561 4253 640 4298 minut
665 4256 744 4296 tamen
772 4250 858 4296 idonea
889 4249 960 4296 batur
981 4265 1034 4296 cum
1056 4252 1131 4298 tribas
1155 4251 1261 4298 millium
1278 4251 1404 4312 peditam

254 4359 261 4374 ,
343 4317 399 4362 huic
410 4317 462 4364 loco
479 4317 530 4368 sisa
541 4321 585 4364 est.
607 4315 692 4366 :Paulo
708 4315 771 4360 luftu
786 4315 856 4360 iidem
889 4316 960 4374 maia,
972 4321 1000 4362 ut
1010 4317 1130 4364 constabit
1147 4317 1266 4378 superiora
1281 4317 1406 4378 relegenti·

340 4382 433 4434 codices
459 4382 614 4440 Gronovicui,
626 4381 789 4429 consentiente
802 4394 857 4428 uos·
889 4381 940 4428 bus.
1006 4423 1010 4430 .
1395 4407 1401 4414 -
