3136 4982
323 467 600 554 ΕΡΙΤΟΜΕ
636 462 810 554 LIBRI
845 468 1054 558 XXXIX

529 681 787 752 ’ᾖφ-

170 859 240 946 Μ.
256 875 473 942 AEnrrnrus
497 875 605 956 comat
630 846 798 962 Lemnon
825 877 966 956 subnecte,
992 878 1074 942 uam
1102 899 1123 942 a
1146 879 1222 944 nn-

167 961 264 1028 eentio
292 984 385 1048 usqne
407 962 574 1028 Ariminum
598 965 773 1046 perductam
795 963 954 1028 Flaminia
994 966 1085 1028 unait.
1129 965 1223 1029 Initia

167 1047 305 1126 maerin,
336 1050 573 1116 introductum
602 1050 734 1112 exercitu
758 1047 903 1127 Asiatico,
933 987 1111 1132 referuntur.
1165 1052 1222 1115 Li·

163 1155 264 1218 gures,
281 1136 452 1220 quicumque
473 1136 553 1199 eitra
567 1133 757 1217 Apenninum
779 1145 874 1214 aaut,
889 1135 1004 1202 subacti
1017 1145 1095 1200 sum.
1139 1138 1223 1202 Bac·
1311 1203 1314 1208 ,

166 1221 307 1285 ebarralia
327 1242 443 1296 socrum
460 1221 607 1301 Groeeunr,
625 1221 785 1304 etquidem
807 1231 991 1302 nocturnum,
1007 1222 1149 1286 scelerum
1163 1217 1224 1287 om·

166 1302 462 1384 niam'seminarinm,
477 1329 567 1392 quum
588 1309 631 1371 oct
651 1307 781 1392 ingentis
794 1308 889 1372 turba
902 1305 1132 1392 conjurationem
1157 1331 1225 1390 per·
1255 1310 1260 1316 ’
1298 1387 1300 1394 ¹

121 1392 123 1394 ’
167 1394 303 1470 venisset,
320 1415 341 1458 a
357 1394 473 1461 consule
494 1394 718 1479 investigatum,
734 1401 763 1456 et
783 1393 944 1458 multorum
963 1415 1055 1475 pana
1076 1395 1224 1458 subletum

169 1489 223 1546 est.
265 1480 298 1545 A
318 1480 481 1546 censoribus
501 1481 544 1543 L.
563 1479 683 1544 Valerio
705 1477 817 1545 Flacco
838 1489 867 1543 et
881 1479 950 1545 ιΜ.
965 1480 1075 1546 Porcio
1100 1482 1223 1559 (bronze,

168 1575 196 1629 et
207 1565 276 1630 belli
289 1577 318 1629 et
331 1567 414 1648 pacis
427 1565 540 1631 artibus
558 1566 701 1640 monimo,
716 1574 814 1630 motas
832 1575 877 1630 est
889 1577 994 1630 senatu
1008 1567 1050 1631 L.
1067 1566 1226 1643 Quinctius

167 1652 367 1728 Flamininus,
387 1651 424 1716 T.
437 1650 688 1732 Quinctiisrater,
704 1674 737 1716 eo
751 1652 841 1737 qnod,
857 1672 946 1736 qurum
959 1651 1094 1718 Galliam
1103 1654 1225 1735 promn-

168 1738 246 1802 eiam
261 1738 363 1802 consrrl
383 1740 558 1818 obtinuerat,
572 1737 722 1824 ²rogatus
735 1739 766 1802 in
781 1739 946 1804 conuiuiaa
963 1737 1104 1822 Pltilippo
1112 1741 1224 1819 Poeno,

120 1903 124 1910 ι
169 1846 255 1910 quem
270 1825 403 1900 amabat,
418 1835 513 1890 scorto
527 1825 628 1905 nobili,
646 1823 773 1910 Gallum
795 1826 952 1908 quemdam
971 1845 1029 1888 sua
1043 1847 1134 1890 manu
1148 1827 1224 1890 oeci·

168 1913 272 1975 dant:
293 1912 364 1988 siue,
380 1921 413 1974 ut
428 1911 553 1996 quidam
569 1911 768 1987 tradiderunt,
790 1932 882 1976 unum
903 1933 942 1976 ex
963 1911 1118 1976 domitatis
1130 1913 1226 1976 securi

163 2007 360 2079 pertusant,
374 2007 500 2084 rogatus
513 2019 534 2062 a
544 1997 700 2062 meretrice
715 1996 905 2075 Ptocectna,
922 1996 1005 2081 cujus
1019 2018 1122 2063 amore
1136 2000 1224 2080 depe·

168 2084 257 2150 ribot.
302 2083 415 2148 Ecstm
435 2084 467 2148 in
489 2105 556 2148 eum
571 2083 620 2147 M.
633 2081 762 2148 Catonis
774 2083 882 2148 oratio.
929 2081 1026 2165 Scipio
1040 2083 1159 2148 literni
1172 2085 1225 2148 de-

169 2171 266 2234 cessit.
309 2173 366 2247 Et,
382 2179 538 2254 tamquam
546 2169 696 2256 jungente
700 2167 836 2249 fortuna
851 2168 930 2233 eirea
944 2169 1023 2232 idem
1038 2179 1152 2252 tempus
1166 2173 1226 2236 bero
1306 2211 1310 2222 ‚

160 2252 276 2336 sunere
305 2256 502 2320 unanimorum
530 2257 668 2333 virenon,
695 2255 864 2330 Hannibal,
891 2275 911 2317 o
936 2256 1052 2320 Prusia
1077 2257 1228 2342 Bithynia

169 2364 251 2427 rege,
266 2343 309 2406 ael
323 2364 420 2426 quem,
435 2343 512 2408 uicto
521 2340 679 2419 Antioelto,
689 2337 872 2426 confugerat,
885 2361 975 2424 quum
989 2342 1147 2414 dederetur
1157 2345 1225 2409 Ro-

169 2428 277 2506 manis,
297 2429 349 2514 qui
374 2429 417 2491 ael
437 2429 658 2511 exposcendum
678 2426 761 2490 illum
781 2425 817 2490 T.
836 2425 1007 2502 Quinctium
1023 2427 1228 2493 Flamininum

167 2517 319 2590 miserant,
334 2535 444 2579 neuma
465 2513 523 2576 sibi
544 2523 666 2578 mortem
682 2513 832 2577 conscivit.
873 2513 1082 2596 Philopoemen
1101 2536 1226 2598 quoquo,

167 2601 439 2678 drmAcbaeorum
455 2601 501 2664 uir
523 2600 679 2674 unanimus,
695 2620 715 2662 a
730 2599 893 2662 Messeniis
915 2600 1084 2664 interemtus
1105 2623 1225 2678 ueneno,

168 2708 260 2770 quum
278 2688 318 2751 ab
338 2687 375 2751 iis
395 2686 470 2750 bello
491 2696 598 2767 captus
619 2695 703 2748 esset.
738 2685 868 2749 Colonia
880 2682 1053 2762 'Potentim
1069 2697 1097 2750 et
1110 2689 1226 2750 Pisou-

167 2795 245 2850 ram,
262 2783 291 2836 et
306 2773 440 2850 Mutina,
456 2781 487 2834 et
501 2773 621 2836 Parma
645 2773 782 2834 deducta
803 2780 878 2834 sunt.
924 2771 1078 2839 Praeterea
1099 2793 1147 2836 res
1168 2775 1224 2836 ael·

168 2881 269 2923 vermes
284 2860 444 2924 Celtiberos
455 2879 595 2944 prospere
607 2867 720 2942 gestas,
736 2867 764 2920 et
777 2857 861 2920 initio
876 2877 1055 2940 caussasque
1069 2857 1138 2920 belli
1149 2859 1225 2920 Ma·

162 2939 300 3009 ¹ceeloniei
314 2945 460 3020 continet,
484 2941 567 3029 eujus
580 2945 667 3028 origo
680 2943 859 3030 indeflnait,
875 2944 955 3026 quod
968 2942 1129 3024 Philippus
1141 2965 1225 3028 agre

161 3027 295 3111 serebat,
307 3051 430 3117 regnum
443 3051 527 3096 suum
541 3030 666 3094 inminui
680 3049 701 3091 a
717 3029 871 3105 Romanis,
887 3037 917 3092 et
931 3030 1009 3114 quood
1022 3037 1187 3115 cogeretur,
1203 3046 1225 3095 a

175 3117 339 3183 turcatos
352 3117 478 3202 abismre
493 3117 561 3181 locis
571 3115 717 3200 prasidio
731 3116 882 3179 deducere.

205 3315 214 3354 1
233 3307 271 3356 M.
284 3307 368 3355 Porcio
376 3307 465 3356 Getone
476 3340 483 3354 .
496 3340 502 3354 .
513 3307 629 3369 monimo]
641 3308 682 3354 Li·
714 3305 824 3376 Sigonius¹
846 3305 893 3368 legi
907 3306 1010 3364 jusserat
1028 3305 1150 3363 Potentia,
1162 3308 1226 3367 quod

169 3371 205 3418 bri
215 3365 335 3420 habebunt
344 3375 382 3420 vir
428 3373 556 3420 munimen.
577 3374 681 3420 Mutavit
713 3385 798 3419 nomeu
810 3372 836 3416 in
852 3372 901 3417 suit
919 3371 985 3417 tibris
997 3370 1090 3432 reperiri
1109 3371 1224 3419 affirmate

171 3437 291 3500 Sigonius,
310 3444 339 3485 ut
358 3439 395 3485 heu
415 3440 494 3485 leudes
511 3439 536 3484 iu
555 3439 681 3496 cutonem,
713 3435 876 3484 etuaseutitur
887 3436 1141 3496 quoqutVettciuclib.
1154 3436 1225 3485 Lubi

161 3503 436 3554 .nonin1.Quinuuu
451 3503 568 3550 cuderent.
587 3503 619 3548 Et
630 3504 681 3563 qui·
714 3503 742 3549 de
755 3501 853 3548 coloniis
870 3502 925 3558 ugit.
958 3500 1160 3562 Pliniutquoque
1176 3503 1224 3548 Po·

169 3561 335 3616 demAudrenu
350 3567 680 3627 hubetmnuinmfledomit·
713 3569 794 3614 tentia
803 3567 869 3614 urbii
884 3567 910 3612 in
928 3565 1014 3614 Piceno
1029 3566 1174 3615 mentionem
1191 3569 1225 3616 iu·
1251 3591 1252 3594 ¹

169 3634 202 3680 tit
212 3631 238 3680 ri
248 3635 307 3680 niro.
713 3634 756 3690 cit,
769 3632 783 3678 l.
797 3632 842 3678 111.
854 3637 926 3678 c..18.
943 3631 988 3680 Sed
999 3632 1059 3678 idem
1070 3632 1157 3680 ibidem
1168 3633 1226 3681 Pul·

202 3699 345 3760 ottogari.
360 3699 387 3744 in
404 3699 679 3762 connioi01Dunspust·
711 3697 1031 3760 lentinorquuquenppelltt.
1059 3698 1140 3749 Quum
1152 3699 1226 3762 igitur

171 3777 245 3810 remus
263 3777 331 3810 voees
351 3764 486 3824 ndjrtcimus,
504 3779 561 3826 quus
578 3770 603 3816 et
614 3764 681 3826 Sigo-
713 3765 736 3810 in
751 3763 837 3810 Piceno
857 3761 944 3809 suerint
962 3767 986 3810 et
996 3763 1112 3810 Potentia
1126 3767 1152 3810 et
1167 3765 1224 3812 Pol·

171 3827 224 3875 uiur
240 3829 266 3875 iu
283 3828 399 3876 veteribus
418 3829 492 3888 tibris,
509 3835 534 3876 et
545 3831 681 3878 Gronovius
712 3829 786 3875 lentie
797 3827 876 3884 urbes,
887 3827 952 3874 nullu
961 3829 1029 3876 nobit
1041 3843 1092 3876 eme
1105 3829 1166 3876 tutio
1174 3829 1225 3878 vitu

169 3893 197 3939 iu
213 3893 289 3940 tribus
300 3893 369 3941 MSS.
381 3899 472 3941 exstare
488 3899 614 3943 testantur.
647 3895 681 3942 Et
712 3899 759 3951 eit,
777 3907 819 3952 eur
829 3897 931 3940 veterem
947 3893 1018 3954 hujus
1034 3895 1080 3942 loct
1097 3893 1224 3942 lectionem

169 3959 289 4005 connectit
299 3958 390 4016 Livius,
401 3959 462 4007 infru
473 3976 492 4006 e.
505 3965 544 4007 42.
713 3957 894 4020 repudiaremus.
926 3959 1061 4022 campanus
1079 3963 1160 4006 tumen
1181 3959 1224 4007 hn-

161 4083 165 4090 ,
200 4030 216 4070 3
233 4023 365 4087 Pollentia]
384 4025 422 4073 Sic
438 4027 527 4074 hubent
542 4025 599 4073 olim
615 4023 680 4072 editi.
712 4023 753 4072 bet
763 4024 885 4072 Potentia.
