3104 4976
339 205 396 276 tas
720 208 830 292 riri
859 207 999 270 ttvrr

176 395 313 446 masse.
339 374 507 462 Purpureo
529 373 609 442 alter
623 372 747 440 'consul
768 372 1002 460 l⁸per't'ribum
1032 371 1218 457 Sappiniam
1241 372 1274 436 iu
1298 369 1400 438 Boios

175 461 245 516 Mt
259 463 315 512 ¹⁸⁶·
336 461 432 528 venit.
476 461 548 528 Jsrn
575 473 679 528 castro
704 457 825 526 Mutilo
846 458 1133 546 adpropinquabat,
1155 458 1399 545 quum3veritus

336 569 378 614 ue
394 547 662 614 intercluderetur
685 547 776 612 simul
799 570 819 611 a
841 545 929 612 Boiis
945 545 1189 646 Liguribusque,
1205 544 1315 610 eadem
1334 545 1398 622 vis,

323 635 402 721 ‘qua
421 633 608 713 adduxerat,
624 632 761 711 reduxit,
778 645 810 698 et
832 653 949 720 niagno
973 630 1108 696 crreuhu
1132 653 1190 716 per
1209 644 1328 717 aperta,
1344 653 1398 696 ea-

337 729 416 808 que*
428 731 498 788 tuta
518 720 598 797 loca,
613 719 655 786 ed
676 719 829 808 collegam
851 716 1003 804 pervenit.
1025 717 1098 782 dein
1116 718 1236 803 junctis
1247 717 1400 784 exerciti·r

174 827 281 887 unqe
339 809 396 874 bus
416 807 556 892 primmu
572 807 727 872 Boiorum
746 825 859 893 agrum
883 827 983 891 usqne
1005 803 1045 869 ad
1060 803 1221 868 Felsinam
1243 804 1398 889 oppidum

175 891 314 940 ⁰⁰⁸·¹³⁰¹⁰·
337 893 524 978 populantes
546 907 802 982 peragraverunt.
840 889 889 956 Ea
912 892 997 968 urbs,
1013 901 1179 976 ceteraque
1203 889 1340 968 castella,
1366 901 1401 956 et

173 969 308 1087 &affl
338 977 410 1046 Boii
425 979 492 1046 fere
515 1001 636 1060 omnes,
650 990 767 1065 praeter
802 990 995 1055 uvantutem,
1010 996 1083 1064 qum
1102 977 1268 1061 predandi
1291 999 1402 1044 caussa

335 1065 370 1132 in
391 1067 487 1133 armis
511 1081 589 1142 erat,
606 1071 695 1152 (tunc
717 1066 749 1130 in
776 1001 880 1130 devias
905 1064 997 1128 silvas
1018 1066 1200 1146 recesserat)
1213 1065 1248 1128 in
1262 1062 1400 1128 deditio-

334 1165 426 1218 nem·
446 1164 612 1220 venerunt.
665 1153 704 1218 ln
733 1151 869 1238 Liguras
896 1149 1010 1214 deinde
1037 1149 1201 1216 traductus
1229 1149 1401 1215 exercitum

337 1237 412 1304 Boii
437 1239 652 1329 neglegentius
673 1252 819 1303 coactum
843 1258 958 1323 agmen
985 1236 1216 1314 Romanorum,
1239 1236 1315 1323 quia
1337 1236 1399 1321 ipsi

336 1324 451 1410 procul
475 1326 581 1394 abesse
595 1325 788 1402 viderentur,
803 1323 964 1410 inproviso
986 1321 1190 1409 adgressuros
1204 1345 1238 1387 se
1253 1323 1326 1401 rati,
1341 1343 1402 1408 per·

337 1411 479 1480 occultos
501 1412 598 1478 saltus
624 1411 723 1478 secuti
744 1424 827 1476 sunt.
851 1419 930 1496 quos
948 1429 1013 1478 non
1029 1409 1145 1494 adepti,
1164 1409 1253 1474 Pado
1267 1422 1401 1495 repente

335 1497 469 1565 navibus
497 1499 638 1584 trajecto,
666 1497 781 1562 Leevos
812 1498 996 1584 Libuosque
1024 1517 1121 1582 quum
1159 1507 1400 1580 pervastassent,

335 1583 504 1652 redeuntes
519 1584 594 1650 inde
607 1585 633 1625 ⁸⁹
645 1584 800 1666 Ligurum
814 1591 957 1649 extremo
971 1582 1044 1660 line,
1060 1603 1134 1646 curn
1147 1583 1263 1670 agresti
1278 1583 1400 1667 proeda,

335 1669 370 1736 in
381 1692 496 1758 agmen
512 1671 658 1738 incidunt
674 1671 865 1736 Romanum.
910 1668 1053 1734 Celerius
1067 1668 1219 1754 proelium
1233 1669 1402 1754 acriusque

117 1786 121 1794 ·
176 1766 312 1846 morantur
335 1758 550 1837 commissum,
566 1779 662 1845 quam
677 1757 703 1822 si
717 1769 860 1841 tempore
872 1756 1006 1842 locoque
1026 1755 1066 1819 ad
1090 1767 1249 1820 certamen
1262 1754 1402 1820 destina-

175 1834 296 1882 ΝΜ·
335 1844 385 1922 tis,
399 1845 587 1930 praeparatis
611 1843 724 1908 animis
748 1841 988 1908 concurrissent.
1034 1841 1093 1916 lbi,
1117 1855 1267 1928 quantam
1280 1841 1345 1906 vim
1359 1841 1402 1906 ad

336 1929 545 2005 stimulandos
570 1930 692 1995 animos
720 1929 767 1994 ira
796 1929 935 2005 haberet,
958 1926 1116 2013 adparuit.
1138 1949 1212 1993 nam
1234 1931 1281 1992 ita
1301 1926 1401 1992 caedis

335 2017 447 2100 magis,
474 2037 569 2102 quam
598 2014 749 2092 victoriae,
780 2014 864 2080 avidi
889 2026 1074 2101 pugnarunt
1104 2013 1253 2093 Romani,
1285 2027 1320 2079 ut
1347 2014 1403 2080 vix

335 2100 487 2166 nuncium
503 2100 601 2166 cladis
620 2101 705 2166 hosti
725 2100 948 2188 relinquerent.
993 2099 1048 2165 Ob
1063 2123 1114 2166 eas
1130 2123 1178 2166 res
1191 2115 1306 2189 gestas,
1321 2123 1402 2164 con-

337 2185 442 2252 tulum
462 2186 561 2254 literis
578 2187 715 2254 Romam
729 2187 854 2266 adlatis,
869 2187 1056 2273 supplicatio
1070 2186 1103 2252 in
1117 2187 1259 2252 triduum
1274 2186 1404 2252 decreta

175 2292 303 2346 sinaitas
338 2285 395 2340 est.
442 2274 537 2338 Brevi
558 2286 628 2359 post
643 2273 978 2340 Marcellus·Romam
1001 2273 1097 2350 venit,
1114 2272 1357 2360 triumphusque
1370 2273 1402 2337 ei

174 2355 456 2448 c⁰⁸·“lt'1lntsgno
485 2381 639 2426 consensu
667 2360 799 2428 Petrum
829 2373 876 2427 est
904 2361 1060 2426 decretus.
1117 2359 1341 2446 Triumphauit
1368 2360 1403 2424 in

173 2422 240 2485 ’Μ’
338 2447 523 2534 magistratu
553 2447 594 2512 de
620 2447 806 2514 Insubribus
833 2447 1113 2532 Comensibusque.
1162 2448 1315 2511 Boiorum
1344 2447 1403 2510 tri·

336 2533 450 2619 umphi
463 2557 562 2634 'spem
584 2534 715 2622 collegae
740 2534 884 2621 reliquit:
907 2535 983 2619 quis
996 2533 1246 2684 toipsifflproprie
1274 2531 1405 2598 adversa

360 2641 447 2708 ugus
462 2641 494 2684 rn
510 2643 548 2685 ea
566 2635 661 2708 gente
684 2635 840 2698 evenerat,
856 2620 988 2704 collegae
1009 2641 1080 2684 secu
1127 2643 1154 2684 a.
1201 2618 1310 2684 Multa
1328 2641 1403 2704 spo-

336 2642 381 2771 lla
395 2707 531 2774 hostium
547 2707 678 2792 captivis
692 2708 850 2792 carpentis
865 2707 1019 2782 traducta,
1037 2708 1135 2771 multu
1150 2706 1404 2794 militariasigna

336 2792 411 2872 lata,
427 2793 535 2858 ⁹¹oeris
556 2808 696 2862 trecenta
718 2796 829 2882 viginti
852 2793 959 2870 millia,
974 2793 1132 2878 9²argenti
1153 2793 1249 2880 bigati
1265 2792 1405 2858 ducenta

338 2878 470 2980 triginta
491 2893 628 2966 quatuor
648 2881 758 2946 millia.
781 2882 813 2944 in
830 2881 949 2964 pedites
962 2879 1101 2966 singulos
1115 2879 1180 2945 dati
1194 2879 1404 2968 9³octingenti

337 2987 428 3032 aerrs:
451 2967 567 3048 triplex
621 2968 678 3032 uiti
692 2968 945 3053 centuriarique.

174 3060 309 3109 Antinum
383 3053 584 3118 XXXVIII.
637 3053 730 3118 odem
754 3075 839 3118 anno
865 3051 1042 3118 Antiochus
1070 3073 1139 3128 rex,
1165 3073 1262 3138 quum
1292 3051 1402 3116 hiber·

174 3127 331 3205 ΛΜΨ·
339 3153 444 3206 nasset
465 3139 596 3225 Ephesi,
618 3161 728 3204 omnes
754 3139 840 3204 Asiae
865 3139 1007 3203 civitates
1032 3140 1065 3202 in
1092 3139 1253 3224 antiquam
1274 3135 1403 3224 imperii

175 3206 231 3306 {ff
239 3199 297 3239 ''t''
339 3225 509 3290 formulam
530 3227 673 3326 redigere
694 3239 742 3291 est
766 3238 914 3290 conatus:
937 3225 1073 3312 reliquas
1096 3224 1234 3310 quidem,
1250 3237 1305 3290 aut
1327 3227 1403 3311 quin

297 3310 304 3326 '
338 3312 416 3378 locis
430 3312 533 3398 planis
547 3324 658 3398 posrtae
672 3324 771 3390 erent,
787 3324 843 3378 aut
860 3311 933 3398 quia
946 3331 1058 3398 parum
1075 3311 1232 3376 moenibus
1246 3312 1405 3400 armisque

541 3437 633 3498 ‘esque
643 3435 717 3481 Gron·
730 3433 797 3481 Cres.
991 3435 1001 3464 ⁸
1012 3431 1127 3481 ditiones
1135 3433 1201 3481 Eed.

372 3539 402 3580 90
420 3533 469 3580 Per
495 3513 584 3579 sribrlm
611 3529 766 3596 Sappins'am]
793 3533 855 3584 Qua
887 3538 989 3594 quatuor
1007 3529 1098 3595 sulus]
1117 3533 1234 3580 Denarios
1255 3539 1361 3580 994000.
1378 3534 1403 3580 id

339 3598 445 3646 Umbria
456 3603 565 3660 pareest.
592 3599 647 3646 vit.
660 3599 817 3645 LXXXI-e.
830 3604 854 3646 9.
887 3602 935 3656 est,
954 3611 1043 3646 marcas
1064 3599 1157 3658 argenti
1183 3602 1300 3646 nostrates
1328 3603 1403 3648 8656.

281 3712 285 3720 ,
373 3671 403 3713 09
420 3664 543 3724 &gerum
560 3670 664 3712 extremo
673 3664 738 3726 fiae]
759 3666 803 3711 Per
813 3678 853 3710 ex·
886 3663 1140 3713 cumduahnsuneiis.

338 3733 428 3774 tremos
436 3728 549 3786 Ligurum
561 3729 628 3778 lines.
661 3729 700 3776 Sic
714 3731 728 3775 Ι.
741 3730 786 3776 IX.
797 3745 817 3775 c.
830 3733 854 3778 6.
920 3734 950 3776 90
972 3729 1113 3790 octingenti
1123 3724 1190 3790 aris]
1206 3729 1268 3790 lege
1282 3743 1336 3776 cum
1346 3727 1405 3778 Gla-

339 3793 374 3842 as
380 3793 457 3854 finem
472 3792 627 3854 comparans
660 3795 693 3842 Et
709 3789 854 3842 LXXXIV.
887 3807 958 3841 resno
967 3800 991 3841 et
1003 3794 1137 3852 Gronovic,
1146 3796 1261 3854 octogeni.
1288 3795 1406 3848 (incon

340 3872 361 3906 c.
373 3859 413 3904 56.
429 3857 548 3904 Pisanum
552 3859 634 3918 fiaenr.
662 3858 855 3908 Videtnotad
887 3859 974 3919 nehus,
986 3860 1026 3920 qui
1037 3861 1114 3921 priore
1130 3873 1194 3907 anno
1204 3860 1233 3906 de
1243 3859 1327 3908 iisdem
1345 3861 1405 3910 Gal·

339 3921 447 3970 XXXV.
461 3930 500 3973 97.
512 3923 582 3972 inira.
888 3925 917 3971 iis
928 3925 1123 3987 triumphaverat,
1136 3929 1293 3986 septuagenos
1307 3931 1404 3974 nutum

373 3987 489 4048 9001110Ι
505 3987 613 4054 proprie]
636 3988 685 4051 Ipsi
708 4003 812 4036 seorsum
831 3993 856 4038 et
887 3990 940 4038 estis
960 3991 1072 4038 diviserat
1093 3990 1217 4038 militibus.
1249 3991 1304 4038 Viri.
1322 4005 1405 4052 supra,

341 4052 477 4116 speciatim:
496 4055 559 4114 quod
577 4055 668 4102 Gallice
685 4054 857 4114 diceremus,?s
888 4061 961 4104 ass.
994 4057 1125 4117 Aepostea
1139 4056 1265 4114 Quintius,
1284 4057 1341 4103 duta
1361 4058 1405 4106 tri-

340 4121 378 4166 ias*
383 4119 598 4181 pertransiremus.
887 4122 988 4182 ampliat
1004 4122 1033 4168 de
1047 4123 1167 4182 Phiiippo,
1183 4122 1286 4170 damnas
1297 4127 1323 4170 et
1333 4123 1403 4182 qnia·

374 4191 404 4234 st
422 4185 494 4232 AErs's
523 4191 629 4232 trecenta
653 4185 746 4246 viginti
766 4181 856 4249 aridia]
889 4200 1024 4246 quageuos5
1049 4187 1076 4232 L.
1098 4187 1185 4247 Scipio,
1208 4201 1237 4232 ex
1259 4188 1327 4245 Asia,
1346 4202 1406 4247 qua·

341 4249 402 4298 Eam
419 4263 534 4298 summam
554 4251 606 4298 seris
623 4251 766 4298 estimantur
778 4265 855 4312 parem
889 4253 1016 4313 dringenos
1031 4252 1114 4300 dedere
1130 4251 1254 4300 militibus.
1274 4253 1406 4310 ,Octoeeui

342 4315 427 4364 mareis
439 4317 532 4378 argenti
546 4315 691 4363 nostratibus
705 4322 760 4364 500.
889 4317 941 4364 aris
953 4322 1010 4364 sunt
1021 4325 1076 4366 ecto
1089 4319 1188 4378 deuerti,
1200 4318 1224 4366 tt
1238 4323 1287 4376 est,
1298 4331 1348 4372 una
1356 4321 1407 4368 iere

375 4385 406 4429 99
424 4381 531 4441 Argenti
546 4382 627 4443 bigati
643 4381 741 4430 ducenta
752 4383 862 4444 triginta
891 4383 983 4445 argenti
993 4383 1071 4432 uncia.
