<?xml version="1.0" encoding="UTF-8"?>
<!DOCTYPE html PUBLIC "-//W3C//DTD XHTML 1.0 Transitional//EN"
    "http://www.w3.org/TR/xhtml1/DTD/xhtml1-transitional.dtd">
<html xmlns="http://www.w3.org/1999/xhtml" xml:lang="en" lang="en">
 <head>
  <title>
</title>
<meta http-equiv="Content-Type" content="text/html;charset=utf-8" />
  <meta name='ocr-system' content='tesseract 3.04.00' />
  <meta name='ocr-capabilities' content='ocr_page ocr_carea ocr_par ocr_line ocrx_word'/>
</head>
<body>
  <div class='ocr_page' id='page_1' title='image "./tliviipatavinih04crevgoog_0345.png"; bbox 0 0 3136 4982; ppageno 0'>
   <div class='ocr_carea' id='block_1_1' title="bbox 389 179 1051 262">
    <p class='ocr_par' dir='ltr' id='par_1_1' title="bbox 389 179 1051 262">
     <span class='ocr_line' id='line_1_1' title="bbox 389 179 1051 262; baseline 0.008 -5"><span class='ocrx_word' id='word_1_1' title='bbox 389 201 447 260; x_wconf 78' lang='lat' dir='ltr'><strong>aaa</strong></span> <span class='ocrx_word' id='word_1_2' title='bbox 538 179 541 187; x_wconf 79' lang='grc'><strong>“</strong></span> <span class='ocrx_word' id='word_1_3' title='bbox 685 232 689 240; x_wconf 91' lang='grc'>-</span> <span class='ocrx_word' id='word_1_4' title='bbox 773 199 1051 262; x_wconf 78' lang='lat' dir='ltr'><strong>arrrnrvrr</strong></span> 
     </span>
    </p>
   </div>
   <div class='ocr_carea' id='block_1_2' title="bbox 177 353 1518 3572">
    <p class='ocr_par' dir='ltr' id='par_1_2' title="bbox 230 353 1430 455">
     <span class='ocr_line' id='line_1_2' title="bbox 230 353 1430 455; baseline 0.003 -33"><span class='ocrx_word' id='word_1_5' title='bbox 230 375 299 425; x_wconf 81' lang='lat' dir='ltr'><strong>uc.</strong></span> <span class='ocrx_word' id='word_1_6' title='bbox 310 381 364 426; x_wconf 82' lang='lat' dir='ltr'><strong>asa.</strong></span> <span class='ocrx_word' id='word_1_7' title='bbox 392 366 541 451; x_wconf 82' lang='lat' dir='ltr'><strong>perpauci</strong></span> <span class='ocrx_word' id='word_1_8' title='bbox 556 353 634 431; x_wconf 85' lang='lat' dir='ltr'><strong>cum</strong></span> <span class='ocrx_word' id='word_1_9' title='bbox 644 365 773 431; x_wconf 82' lang='lat' dir='ltr'><strong>Zenone</strong></span> <span class='ocrx_word' id='word_1_10' title='bbox 786 367 827 431; x_wconf 91' lang='lat' dir='ltr'><strong>ad</strong></span> <span class='ocrx_word' id='word_1_11' title='bbox 842 379 949 455; x_wconf 81' lang='lat' dir='ltr'><strong>regem</strong></span> <span class='ocrx_word' id='word_1_12' title='bbox 964 373 1141 432; x_wconf 87' lang='lat' dir='ltr'><strong>evaserunt.</strong></span> <span class='ocrx_word' id='word_1_13' title='bbox 1163 365 1311 452; x_wconf 76' lang='lat' dir='ltr'><strong>⁶postero</strong></span> <span class='ocrx_word' id='word_1_14' title='bbox 1324 364 1371 430; x_wconf 87' lang='lat' dir='ltr'><strong>die</strong></span> <span class='ocrx_word' id='word_1_15' title='bbox 1381 376 1430 449; x_wconf 84' lang='lat' dir='ltr'><strong>ptr</strong></span> 
     </span>
    </p>

    <p class='ocr_par' dir='ltr' id='par_1_3' title="bbox 177 443 1518 3396">
     <span class='ocr_line' id='line_1_3' title="bbox 228 443 1341 538; baseline 0.002 -23"><span class='ocrx_word' id='word_1_16' title='bbox 228 443 259 488; x_wconf 73' lang='lat'><strong>⁴⁴⁵</strong></span> <span class='ocrx_word' id='word_1_17' title='bbox 269 443 296 491; x_wconf 61' lang='grc' dir='ltr'><strong>Θ·</strong></span> <span class='ocrx_word' id='word_1_18' title='bbox 312 451 364 494; x_wconf 77' lang='lat'><strong>¹⁸⁹·</strong></span> <span class='ocrx_word' id='word_1_19' title='bbox 391 451 533 517; x_wconf 77' lang='lat' dir='ltr'><strong>inducias</strong></span> <span class='ocrx_word' id='word_1_20' title='bbox 547 452 719 538; x_wconf 88' lang='lat' dir='ltr'><strong>sepeliendi</strong></span> <span class='ocrx_word' id='word_1_21' title='bbox 733 475 833 518; x_wconf 72' lang='lat' dir='ltr'><strong>caesos</strong></span> <span class='ocrx_word' id='word_1_22' title='bbox 847 467 987 538; x_wconf 82' lang='lat' dir='ltr'><strong>potestas</strong></span> <span class='ocrx_word' id='word_1_23' title='bbox 1001 453 1082 519; x_wconf 86' lang='lat' dir='ltr'><strong>iacta</strong></span> <span class='ocrx_word' id='word_1_24' title='bbox 1094 467 1152 519; x_wconf 90' lang='lat' dir='ltr'><strong>est.</strong></span> <span class='ocrx_word' id='word_1_25' title='bbox 1244 495 1248 502; x_wconf 91' lang='lat'><em>-</em></span> <span class='ocrx_word' id='word_1_26' title='bbox 1335 516 1341 526; x_wconf 82' lang='grc'><em>,</em></span> 
     </span>
     <span class='ocr_line' id='line_1_4' title="bbox 434 538 1431 642; baseline -0.005 -39"><span class='ocrx_word' id='word_1_27' title='bbox 434 538 499 603; x_wconf 93' lang='lat' dir='ltr'><strong>Ill.</strong></span> <span class='ocrx_word' id='word_1_28' title='bbox 525 539 742 625; x_wconf 79' lang='lat' dir='ltr'><strong>Amynander,</strong></span> <span class='ocrx_word' id='word_1_29' title='bbox 757 542 941 625; x_wconf 76' lang='lat' dir='ltr'><strong>recuperato</strong></span> <span class='ocrx_word' id='word_1_30' title='bbox 955 563 1065 642; x_wconf 70' lang='lat' dir='ltr'><strong>regno,</strong></span> <span class='ocrx_word' id='word_1_31' title='bbox 1082 539 1200 628; x_wconf 85' lang='lat' dir='ltr'><strong>legatos</strong></span> <span class='ocrx_word' id='word_1_32' title='bbox 1213 540 1288 604; x_wconf 74' lang='lat' dir='ltr'><strong>let·</strong></span> <span class='ocrx_word' id='word_1_33' title='bbox 1309 539 1431 602; x_wconf 78' lang='lat' dir='ltr'><strong>Romam</strong></span> 
     </span>
     <span class='ocr_line' id='line_1_5' title="bbox 368 626 1442 712; baseline -0.006 -22"><span class='ocrx_word' id='word_1_34' title='bbox 368 659 372 665; x_wconf 82' lang='lat'><strong>·</strong></span> <span class='ocrx_word' id='word_1_35' title='bbox 391 626 433 690; x_wconf 90' lang='lat' dir='ltr'><strong>ad</strong></span> <span class='ocrx_word' id='word_1_36' title='bbox 447 639 601 706; x_wconf 88' lang='lat' dir='ltr'><strong>senatum,</strong></span> <span class='ocrx_word' id='word_1_37' title='bbox 616 638 648 690; x_wconf 84' lang='lat' dir='ltr'><strong>et</strong></span> <span class='ocrx_word' id='word_1_38' title='bbox 662 626 703 690; x_wconf 89' lang='lat' dir='ltr'><strong>ad</strong></span> <span class='ocrx_word' id='word_1_39' title='bbox 720 626 883 710; x_wconf 74' lang='lat' dir='ltr'><strong>Scipiones</strong></span> <span class='ocrx_word' id='word_1_40' title='bbox 898 627 929 690; x_wconf 92' lang='lat' dir='ltr'><strong>in</strong></span> <span class='ocrx_word' id='word_1_41' title='bbox 947 628 1067 706; x_wconf 75' lang='lat' dir='ltr'><strong>Asiam,</strong></span> <span class='ocrx_word' id='word_1_42' title='bbox 1079 627 1197 712; x_wconf 80' lang='lat' dir='ltr'><strong>Ephesi</strong></span> <span class='ocrx_word' id='word_1_43' title='bbox 1213 638 1282 711; x_wconf 88' lang='lat' dir='ltr'><strong>post</strong></span> <span class='ocrx_word' id='word_1_44' title='bbox 1296 644 1442 711; x_wconf 82' lang='lat' dir='ltr'><strong>magnum</strong></span> 
     </span>
     <span class='ocr_line' id='line_1_6' title="bbox 392 711 1432 797; baseline -0.004 -20"><span class='ocrx_word' id='word_1_45' title='bbox 392 733 464 777; x_wconf 90' lang='lat' dir='ltr'><strong>cum</strong></span> <span class='ocrx_word' id='word_1_46' title='bbox 488 711 650 778; x_wconf 88' lang='lat' dir='ltr'><strong>Antiocho</strong></span> <span class='ocrx_word' id='word_1_47' title='bbox 672 712 820 797; x_wconf 90' lang='lat' dir='ltr'><strong>proelium</strong></span> <span class='ocrx_word' id='word_1_48' title='bbox 844 727 1012 790; x_wconf 81' lang='lat' dir='ltr'><strong>morantes,</strong></span> <span class='ocrx_word' id='word_1_49' title='bbox 1036 713 1128 778; x_wconf 85' lang='lat' dir='ltr'><strong>misit.</strong></span> <span class='ocrx_word' id='word_1_50' title='bbox 1175 712 1288 778; x_wconf 80' lang='lat' dir='ltr'><strong>Pacem</strong></span> <span class='ocrx_word' id='word_1_51' title='bbox 1310 712 1432 796; x_wconf 87' lang='lat' dir='ltr'><strong>petebat,</strong></span> 
     </span>
     <span class='ocr_line' id='line_1_7' title="bbox 371 798 1433 886; baseline 0 -28"><span class='ocrx_word' id='word_1_52' title='bbox 371 853 373 858; x_wconf 90' lang='lat'><strong>.</strong></span> <span class='ocrx_word' id='word_1_53' title='bbox 390 799 626 884; x_wconf 80' lang='lat' dir='ltr'><strong>excusabatque</strong></span> <span class='ocrx_word' id='word_1_54' title='bbox 641 822 716 876; x_wconf 89' lang='lat' dir='ltr'><strong>sesa,</strong></span> <span class='ocrx_word' id='word_1_55' title='bbox 733 798 820 885; x_wconf 89' lang='lat' dir='ltr'><strong>quod</strong></span> <span class='ocrx_word' id='word_1_56' title='bbox 833 822 892 885; x_wconf 89' lang='lat' dir='ltr'><strong>per</strong></span> <span class='ocrx_word' id='word_1_57' title='bbox 908 799 1034 866; x_wconf 85' lang='lat' dir='ltr'><strong>AEtolos</strong></span> <span class='ocrx_word' id='word_1_58' title='bbox 1056 812 1268 886; x_wconf 81' lang='lat' dir='ltr'><strong>recuperasset</strong></span> <span class='ocrx_word' id='word_1_59' title='bbox 1281 809 1433 885; x_wconf 86' lang='lat' dir='ltr'><strong>paternum</strong></span> 
     </span>
     <span class='ocr_line' id='line_1_8' title="bbox 229 881 1433 973; baseline -0.004 -24"><span class='ocrx_word' id='word_1_60' title='bbox 229 889 536 970; x_wconf 55' lang='lat' dir='ltr'><strong>AE{olidus-ragnum.</strong></span> <span class='ocrx_word' id='word_1_61' title='bbox 583 885 768 973; x_wconf 90' lang='lat' dir='ltr'><strong>Philippum</strong></span> <span class='ocrx_word' id='word_1_62' title='bbox 791 885 964 950; x_wconf 86' lang='lat' dir='ltr'><strong>incusabat.</strong></span> <span class='ocrx_word' id='word_1_63' title='bbox 1011 885 1113 952; x_wconf 82' lang='lat' dir='ltr'><strong>AEtoli</strong></span> <span class='ocrx_word' id='word_1_64' title='bbox 1138 907 1181 951; x_wconf 85' lang='lat' dir='ltr'><strong>ex</strong></span> <span class='ocrx_word' id='word_1_65' title='bbox 1201 881 1433 951; x_wconf 88' lang='lat' dir='ltr'><strong>Athamaniain</strong></span> 
     </span>
     <span class='ocr_line' id='line_1_9' title="bbox 228 955 1434 1068; baseline -0.005 -33"><span class='ocrx_word' id='word_1_66' title='bbox 228 955 374 1068; x_wconf 53' lang='lat' dir='ltr'><strong>{fflssdm</strong></span> <span class='ocrx_word' id='word_1_67' title='bbox 391 971 623 1055; x_wconf 84' lang='lat' dir='ltr'><strong>Amphilochos</strong></span> <span class='ocrx_word' id='word_1_68' title='bbox 643 971 777 1057; x_wconf 83' lang='lat' dir='ltr'><strong>proiecti</strong></span> <span class='ocrx_word' id='word_1_69' title='bbox 798 985 882 1048; x_wconf 89' lang='lat' dir='ltr'><strong>sunt,</strong></span> <span class='ocrx_word' id='word_1_70' title='bbox 906 986 938 1038; x_wconf 91' lang='lat' dir='ltr'><strong>et</strong></span> <span class='ocrx_word' id='word_1_71' title='bbox 959 974 1088 1059; x_wconf 51' lang='lat' dir='ltr'><strong>mappis</strong></span> <span class='ocrx_word' id='word_1_72' title='bbox 1113 973 1211 1059; x_wconf 87' lang='lat' dir='ltr'><strong>partis</strong></span> <span class='ocrx_word' id='word_1_73' title='bbox 1233 973 1387 1037; x_wconf 87' lang='lat' dir='ltr'><strong>voluntate</strong></span> <span class='ocrx_word' id='word_1_74' title='bbox 1407 968 1434 1030; x_wconf 91' lang='lat' dir='ltr'><strong>in</strong></span> 
     </span>
     <span class='ocr_line' id='line_1_10' title="bbox 228 1036 1436 1149; baseline -0.006 -27"><span class='ocrx_word' id='word_1_75' title='bbox 228 1036 359 1149; x_wconf 38' lang='lat' dir='ltr'><strong>aupald*</strong></span> <span class='ocrx_word' id='word_1_76' title='bbox 385 1059 438 1145; x_wconf 83' lang='lat' dir='ltr'><strong>jus</strong></span> <span class='ocrx_word' id='word_1_77' title='bbox 462 1059 674 1146; x_wconf 88' lang='lat' dir='ltr'><strong>ditionemque</strong></span> <span class='ocrx_word' id='word_1_78' title='bbox 699 1071 799 1124; x_wconf 89' lang='lat' dir='ltr'><strong>totam</strong></span> <span class='ocrx_word' id='word_1_79' title='bbox 826 1059 1016 1146; x_wconf 88' lang='lat' dir='ltr'><strong>redegerunt</strong></span> <span class='ocrx_word' id='word_1_80' title='bbox 1040 1072 1178 1149; x_wconf 85' lang='lat' dir='ltr'><strong>gentem.</strong></span> <span class='ocrx_word' id='word_1_81' title='bbox 1224 1055 1436 1144; x_wconf 84' lang='lat' dir='ltr'><strong>Amphilochia</strong></span> 
     </span>
     <span class='ocr_line' id='line_1_11' title="bbox 276 1141 1436 1232; baseline -0.004 -23"><span class='ocrx_word' id='word_1_82' title='bbox 276 1165 278 1178; x_wconf 77' lang='lat'>¹</span> <span class='ocrx_word' id='word_1_83' title='bbox 390 1161 524 1229; x_wconf 83' lang='lat' dir='ltr'><strong>recepta,</strong></span> <span class='ocrx_word' id='word_1_84' title='bbox 551 1151 638 1230; x_wconf 89' lang='lat' dir='ltr'><strong>(nam</strong></span> <span class='ocrx_word' id='word_1_85' title='bbox 663 1145 763 1210; x_wconf 87' lang='lat' dir='ltr'><strong>fuerat</strong></span> <span class='ocrx_word' id='word_1_86' title='bbox 792 1149 952 1232; x_wconf 88' lang='lat' dir='ltr'><strong>quondam</strong></span> <span class='ocrx_word' id='word_1_87' title='bbox 981 1146 1178 1228; x_wconf 83' lang='lat' dir='ltr'><strong>AEtolorum)</strong></span> <span class='ocrx_word' id='word_1_88' title='bbox 1204 1144 1314 1216; x_wconf 86' lang='lat' dir='ltr'><strong>eadem</strong></span> <span class='ocrx_word' id='word_1_89' title='bbox 1339 1141 1436 1228; x_wconf 87' lang='lat' dir='ltr'><strong>speia</strong></span> 
     </span>
     <span class='ocr_line' id='line_1_12' title="bbox 275 1229 1437 1320; baseline -0.005 -24"><span class='ocrx_word' id='word_1_90' title='bbox 275 1247 283 1276; x_wconf 67' lang='lat'><strong>⁵</strong></span> <span class='ocrx_word' id='word_1_91' title='bbox 387 1231 596 1316; x_wconf 74' lang='lat' dir='ltr'><strong>Aperantiam</strong></span> <span class='ocrx_word' id='word_1_92' title='bbox 610 1232 882 1297; x_wconf 87' lang='lat' dir='ltr'><strong>transcenderunt.</strong></span> <span class='ocrx_word' id='word_1_93' title='bbox 904 1255 941 1298; x_wconf 86' lang='lat' dir='ltr'><strong>ea</strong></span> <span class='ocrx_word' id='word_1_94' title='bbox 956 1255 1082 1320; x_wconf 90' lang='lat' dir='ltr'><strong>quoque</strong></span> <span class='ocrx_word' id='word_1_95' title='bbox 1096 1255 1211 1320; x_wconf 85' lang='lat' dir='ltr'><strong>magna</strong></span> <span class='ocrx_word' id='word_1_96' title='bbox 1226 1254 1267 1296; x_wconf 88' lang='lat' dir='ltr'><strong>ex</strong></span> <span class='ocrx_word' id='word_1_97' title='bbox 1282 1243 1368 1315; x_wconf 89' lang='lat' dir='ltr'><strong>parte</strong></span> <span class='ocrx_word' id='word_1_98' title='bbox 1380 1229 1437 1314; x_wconf 87' lang='lat' dir='ltr'><strong>siue</strong></span> 
     </span>
     <span class='ocr_line' id='line_1_13' title="bbox 389 1315 1437 1406; baseline -0.004 -25"><span class='ocrx_word' id='word_1_99' title='bbox 389 1320 562 1384; x_wconf 86' lang='lat' dir='ltr'><strong>certamine</strong></span> <span class='ocrx_word' id='word_1_100' title='bbox 577 1321 609 1382; x_wconf 92' lang='lat' dir='ltr'><strong>in</strong></span> <span class='ocrx_word' id='word_1_101' title='bbox 625 1319 816 1384; x_wconf 89' lang='lat' dir='ltr'><strong>deditionem</strong></span> <span class='ocrx_word' id='word_1_102' title='bbox 829 1319 925 1384; x_wconf 91' lang='lat' dir='ltr'><strong>venit.</strong></span> <span class='ocrx_word' id='word_1_103' title='bbox 970 1319 1113 1405; x_wconf 88' lang='lat' dir='ltr'><strong>Dolopes</strong></span> <span class='ocrx_word' id='word_1_104' title='bbox 1133 1339 1308 1406; x_wconf 86' lang='lat' dir='ltr'><strong>numquam</strong></span> <span class='ocrx_word' id='word_1_105' title='bbox 1323 1315 1437 1382; x_wconf 80' lang='lat' dir='ltr'><strong>AEtolo·</strong></span> 
     </span>
     <span class='ocr_line' id='line_1_14' title="bbox 389 1405 1437 1491; baseline -0.003 -24"><span class='ocrx_word' id='word_1_106' title='bbox 389 1425 461 1468; x_wconf 90' lang='lat' dir='ltr'><strong>rum</strong></span> <span class='ocrx_word' id='word_1_107' title='bbox 475 1405 617 1471; x_wconf 84' lang='lat' dir='ltr'><strong>fuerant:</strong></span> <span class='ocrx_word' id='word_1_108' title='bbox 643 1406 784 1491; x_wconf 90' lang='lat' dir='ltr'><strong>Philippi</strong></span> <span class='ocrx_word' id='word_1_109' title='bbox 799 1419 900 1472; x_wconf 89' lang='lat' dir='ltr'><strong>orant.</strong></span> <span class='ocrx_word' id='word_1_110' title='bbox 923 1405 956 1469; x_wconf 93' lang='lat' dir='ltr'><strong>hi</strong></span> <span class='ocrx_word' id='word_1_111' title='bbox 973 1407 1109 1488; x_wconf 90' lang='lat' dir='ltr'><strong>primum</strong></span> <span class='ocrx_word' id='word_1_112' title='bbox 1125 1409 1162 1470; x_wconf 91' lang='lat' dir='ltr'><strong>ad</strong></span> <span class='ocrx_word' id='word_1_113' title='bbox 1179 1427 1268 1470; x_wconf 90' lang='lat' dir='ltr'><strong>arma</strong></span> <span class='ocrx_word' id='word_1_114' title='bbox 1283 1423 1437 1468; x_wconf 87' lang='lat' dir='ltr'><strong>concurre·</strong></span> 
     </span>
     <span class='ocr_line' id='line_1_15' title="bbox 389 1490 1437 1578; baseline -0.002 -24"><span class='ocrx_word' id='word_1_115' title='bbox 389 1503 481 1556; x_wconf 88' lang='lat' dir='ltr'><strong>runt:</strong></span> <span class='ocrx_word' id='word_1_116' title='bbox 505 1509 654 1570; x_wconf 88' lang='lat' dir='ltr'><strong>ceterum,</strong></span> <span class='ocrx_word' id='word_1_117' title='bbox 683 1509 847 1578; x_wconf 87' lang='lat' dir='ltr'><strong>postquam</strong></span> <span class='ocrx_word' id='word_1_118' title='bbox 873 1491 1105 1576; x_wconf 89' lang='lat' dir='ltr'><strong>Amphilochos</strong></span> <span class='ocrx_word' id='word_1_119' title='bbox 1128 1515 1200 1557; x_wconf 86' lang='lat' dir='ltr'><strong>curn</strong></span> <span class='ocrx_word' id='word_1_120' title='bbox 1229 1490 1346 1557; x_wconf 83' lang='lat' dir='ltr'><strong>AEtolis</strong></span> <span class='ocrx_word' id='word_1_121' title='bbox 1373 1509 1437 1560; x_wconf 80' lang='lat' dir='ltr'><strong>esse,</strong></span> 
     </span>
     <span class='ocr_line' id='line_1_16' title="bbox 387 1575 1438 1666; baseline -0.005 -25"><span class='ocrx_word' id='word_1_122' title='bbox 387 1575 559 1666; x_wconf 85' lang='lat' dir='ltr'><strong>fugamque</strong></span> <span class='ocrx_word' id='word_1_123' title='bbox 581 1601 622 1643; x_wconf 86' lang='lat' dir='ltr'><strong>ex</strong></span> <span class='ocrx_word' id='word_1_124' title='bbox 642 1580 837 1644; x_wconf 79' lang='lat' dir='ltr'><strong>Athamania</strong></span> <span class='ocrx_word' id='word_1_125' title='bbox 861 1579 1012 1664; x_wconf 91' lang='lat' dir='ltr'><strong>Philippi,</strong></span> <span class='ocrx_word' id='word_1_126' title='bbox 1029 1593 1061 1644; x_wconf 91' lang='lat' dir='ltr'><strong>et</strong></span> <span class='ocrx_word' id='word_1_127' title='bbox 1082 1582 1199 1644; x_wconf 89' lang='lat' dir='ltr'><strong>caedem</strong></span> <span class='ocrx_word' id='word_1_128' title='bbox 1222 1577 1361 1664; x_wconf 87' lang='lat' dir='ltr'><strong>praesidii</strong></span> <span class='ocrx_word' id='word_1_129' title='bbox 1381 1575 1438 1660; x_wconf 88' lang='lat' dir='ltr'><strong>ejus</strong></span> 
     </span>
     <span class='ocr_line' id='line_1_17' title="bbox 388 1663 1440 1751; baseline -0.004 -23"><span class='ocrx_word' id='word_1_130' title='bbox 388 1686 547 1750; x_wconf 89' lang='lat' dir='ltr'><strong>accepere,</strong></span> <span class='ocrx_word' id='word_1_131' title='bbox 564 1680 595 1731; x_wconf 89' lang='lat' dir='ltr'><strong>et</strong></span> <span class='ocrx_word' id='word_1_132' title='bbox 612 1666 673 1750; x_wconf 91' lang='lat' dir='ltr'><strong>ipsi</strong></span> <span class='ocrx_word' id='word_1_133' title='bbox 697 1689 717 1730; x_wconf 91' lang='lat' dir='ltr'><strong>a</strong></span> <span class='ocrx_word' id='word_1_134' title='bbox 736 1665 884 1751; x_wconf 92' lang='lat' dir='ltr'><strong>Philippo</strong></span> <span class='ocrx_word' id='word_1_135' title='bbox 906 1667 945 1729; x_wconf 92' lang='lat' dir='ltr'><strong>ad</strong></span> <span class='ocrx_word' id='word_1_136' title='bbox 969 1665 1096 1731; x_wconf 86' lang='lat' dir='ltr'><strong>AEtolos</strong></span> <span class='ocrx_word' id='word_1_137' title='bbox 1115 1666 1281 1732; x_wconf 87' lang='lat' dir='ltr'><strong>deliciunt.</strong></span> <span class='ocrx_word' id='word_1_138' title='bbox 1327 1663 1440 1740; x_wconf 83' lang='lat' dir='ltr'><strong>Quibus</strong></span> 
     </span>
     <span class='ocr_line' id='line_1_18' title="bbox 387 1751 1441 1904; baseline -0.009 -87"><span class='ocrx_word' id='word_1_139' title='bbox 387 1752 596 1838; x_wconf 89' lang='lat' dir='ltr'><strong>circumjectis</strong></span> <span class='ocrx_word' id='word_1_140' title='bbox 615 1752 764 1840; x_wconf 87' lang='lat' dir='ltr'><strong>gentibus</strong></span> <span class='ocrx_word' id='word_1_141' title='bbox 780 1752 847 1836; x_wconf 90' lang='lat' dir='ltr'><strong>jam</strong></span> <span class='ocrx_word' id='word_1_142' title='bbox 870 1752 1009 1904; x_wconf 71' lang='lat' dir='ltr'><strong>undique</strong></span> <span class='ocrx_word' id='word_1_143' title='bbox 1030 1776 1062 1815; x_wconf 90' lang='lat' dir='ltr'><strong>se</strong></span> <span class='ocrx_word' id='word_1_144' title='bbox 1078 1777 1096 1816; x_wconf 91' lang='lat' dir='ltr'><strong>a</strong></span> <span class='ocrx_word' id='word_1_145' title='bbox 1113 1751 1347 1818; x_wconf 87' lang='lat' dir='ltr'><strong>Macedonibus</strong></span> <span class='ocrx_word' id='word_1_146' title='bbox 1366 1759 1441 1846; x_wconf 82' lang='lat' dir='ltr'><strong>tutps</strong></span> 
     </span>
     <span class='ocr_line' id='line_1_19' title="bbox 275 1836 1440 1921; baseline -0.007 -17"><span class='ocrx_word' id='word_1_147' title='bbox 275 1919 277 1921; x_wconf 15' lang='grc' dir='ltr'>Ι</span> <span class='ocrx_word' id='word_1_148' title='bbox 321 1857 325 1870; x_wconf 84' lang='grc'><em>·</em></span> <span class='ocrx_word' id='word_1_149' title='bbox 386 1839 590 1904; x_wconf 86' lang='lat' dir='ltr'><strong>credentibus</strong></span> <span class='ocrx_word' id='word_1_150' title='bbox 605 1861 681 1915; x_wconf 84' lang='lat' dir='ltr'><strong>esse,</strong></span> <span class='ocrx_word' id='word_1_151' title='bbox 699 1839 814 1903; x_wconf 87' lang='lat' dir='ltr'><strong>AEtolis</strong></span> <span class='ocrx_word' id='word_1_152' title='bbox 830 1838 915 1903; x_wconf 85' lang='lat' dir='ltr'><strong>fama</strong></span> <span class='ocrx_word' id='word_1_153' title='bbox 936 1863 955 1903; x_wconf 89' lang='lat' dir='ltr'><strong>a</strong></span> <span class='ocrx_word' id='word_1_154' title='bbox 978 1838 1088 1916; x_wconf 88' lang='lat' dir='ltr'><strong>fertur,</strong></span> <span class='ocrx_word' id='word_1_155' title='bbox 1106 1838 1302 1904; x_wconf 80' lang='lat' dir='ltr'><strong>Antiochum</strong></span> <span class='ocrx_word' id='word_1_156' title='bbox 1324 1837 1356 1900; x_wconf 91' lang='lat' dir='ltr'><strong>in</strong></span> <span class='ocrx_word' id='word_1_157' title='bbox 1373 1836 1440 1900; x_wconf 84' lang='lat' dir='ltr'><strong>Asta</strong></span> 
     </span>
     <span class='ocr_line' id='line_1_20' title="bbox 344 1925 1440 2010; baseline -0.004 -23"><span class='ocrx_word' id='word_1_158' title='bbox 344 1926 346 1941; x_wconf 90' lang='lat'>&#39;</span> <span class='ocrx_word' id='word_1_159' title='bbox 388 1926 507 1988; x_wconf 87' lang='lat' dir='ltr'><strong>uictum</strong></span> <span class='ocrx_word' id='word_1_160' title='bbox 523 1926 563 1989; x_wconf 93' lang='lat' dir='ltr'><strong>ab</strong></span> <span class='ocrx_word' id='word_1_161' title='bbox 582 1926 744 1988; x_wconf 89' lang='lat' dir='ltr'><strong>Romanis.</strong></span> <span class='ocrx_word' id='word_1_162' title='bbox 767 1947 827 1988; x_wconf 91' lang='lat' dir='ltr'><strong>nec</strong></span> <span class='ocrx_word' id='word_1_163' title='bbox 842 1926 887 1989; x_wconf 91' lang='lat' dir='ltr'><strong>ita</strong></span> <span class='ocrx_word' id='word_1_164' title='bbox 900 1925 1001 1990; x_wconf 88' lang='lat' dir='ltr'><strong>multo</strong></span> <span class='ocrx_word' id='word_1_165' title='bbox 1017 1938 1088 2010; x_wconf 83' lang='lat' dir='ltr'><strong>post</strong></span> <span class='ocrx_word' id='word_1_166' title='bbox 1105 1925 1200 2009; x_wconf 83' lang='lat' dir='ltr'><strong>legati</strong></span> <span class='ocrx_word' id='word_1_167' title='bbox 1215 1925 1258 1990; x_wconf 89' lang='lat' dir='ltr'><strong>ab</strong></span> <span class='ocrx_word' id='word_1_168' title='bbox 1276 1926 1379 1990; x_wconf 75' lang='lat' dir='ltr'><strong>Roma</strong></span> <span class='ocrx_word' id='word_1_169' title='bbox 1398 1941 1440 1983; x_wconf 80' lang='lat' dir='ltr'><strong>re·</strong></span> 
     </span>
     <span class='ocr_line' id='line_1_21' title="bbox 194 2008 1518 2098; baseline -0.002 -23"><span class='ocrx_word' id='word_1_170' title='bbox 194 2089 198 2095; x_wconf 22' lang='grc' dir='ltr'><strong><em>ι</em></strong></span> <span class='ocrx_word' id='word_1_171' title='bbox 387 2010 476 2075; x_wconf 89' lang='lat' dir='ltr'><strong>diere</strong></span> <span class='ocrx_word' id='word_1_172' title='bbox 491 2012 559 2074; x_wconf 91' lang='lat' dir='ltr'><strong>sine</strong></span> <span class='ocrx_word' id='word_1_173' title='bbox 574 2033 629 2096; x_wconf 92' lang='lat' dir='ltr'><strong>spe</strong></span> <span class='ocrx_word' id='word_1_174' title='bbox 649 2010 747 2096; x_wconf 87' lang='lat' dir='ltr'><strong>pacis,</strong></span> <span class='ocrx_word' id='word_1_175' title='bbox 764 2009 976 2098; x_wconf 88' lang='lat' dir='ltr'><strong>Fulviumque</strong></span> <span class='ocrx_word' id='word_1_176' title='bbox 997 2012 1157 2077; x_wconf 88' lang='lat' dir='ltr'><strong>consulem</strong></span> <span class='ocrx_word' id='word_1_177' title='bbox 1181 2013 1367 2076; x_wconf 86' lang='lat' dir='ltr'><strong>nunciantes</strong></span> <span class='ocrx_word' id='word_1_178' title='bbox 1383 2008 1441 2094; x_wconf 83' lang='lat' dir='ltr'><strong>jan</strong></span> <span class='ocrx_word' id='word_1_179' title='bbox 1517 2021 1518 2024; x_wconf 76' lang='grc'>’</span> 
     </span>
     <span class='ocr_line' id='line_1_22' title="bbox 297 2095 1442 2184; baseline -0.004 -24"><span class='ocrx_word' id='word_1_180' title='bbox 297 2139 299 2144; x_wconf 68' lang='lat'><strong>,</strong></span> <span class='ocrx_word' id='word_1_181' title='bbox 388 2119 460 2161; x_wconf 91' lang='lat' dir='ltr'><strong>cum</strong></span> <span class='ocrx_word' id='word_1_182' title='bbox 479 2098 629 2162; x_wconf 57' lang='lat' dir='ltr'><strong>&gt;exercitu</strong></span> <span class='ocrx_word' id='word_1_183' title='bbox 654 2097 823 2184; x_wconf 89' lang='lat' dir='ltr'><strong>trajecisse.</strong></span> <span class='ocrx_word' id='word_1_184' title='bbox 871 2097 935 2162; x_wconf 87' lang='lat' dir='ltr'><strong>His</strong></span> <span class='ocrx_word' id='word_1_185' title='bbox 961 2099 1072 2177; x_wconf 87' lang='lat' dir='ltr'><strong>territi,</strong></span> <span class='ocrx_word' id='word_1_186' title='bbox 1099 2099 1188 2184; x_wconf 89' lang='lat' dir='ltr'><strong>prius</strong></span> <span class='ocrx_word' id='word_1_187' title='bbox 1210 2099 1254 2163; x_wconf 93' lang='lat' dir='ltr'><strong>ab</strong></span> <span class='ocrx_word' id='word_1_188' title='bbox 1284 2095 1397 2162; x_wconf 87' lang='lat' dir='ltr'><strong>Rhodo</strong></span> <span class='ocrx_word' id='word_1_189' title='bbox 1415 2102 1442 2155; x_wconf 91' lang='lat' dir='ltr'><strong>et</strong></span> 
     </span>
     <span class='ocr_line' id='line_1_23' title="bbox 177 2180 1441 2270; baseline -0.004 -23"><span class='ocrx_word' id='word_1_190' title='bbox 177 2189 181 2214; x_wconf 64' lang='lat'><strong>³</strong></span> <span class='ocrx_word' id='word_1_191' title='bbox 388 2183 525 2248; x_wconf 78' lang='lat' dir='ltr'><strong>Athenis</strong></span> <span class='ocrx_word' id='word_1_192' title='bbox 540 2183 752 2270; x_wconf 84' lang='lat' dir='ltr'><strong>legationibus</strong></span> <span class='ocrx_word' id='word_1_193' title='bbox 766 2184 888 2262; x_wconf 88' lang='lat' dir='ltr'><strong>excitis,</strong></span> <span class='ocrx_word' id='word_1_194' title='bbox 905 2197 941 2250; x_wconf 90' lang='lat' dir='ltr'><strong>ut</strong></span> <span class='ocrx_word' id='word_1_195' title='bbox 962 2207 1019 2270; x_wconf 89' lang='lat' dir='ltr'><strong>per</strong></span> <span class='ocrx_word' id='word_1_196' title='bbox 1032 2186 1254 2250; x_wconf 86' lang='lat' dir='ltr'><strong>auctoritatem</strong></span> <span class='ocrx_word' id='word_1_197' title='bbox 1279 2180 1441 2248; x_wconf 85' lang='lat' dir='ltr'><strong>civitatium</strong></span> 
     </span>
     <span class='ocr_line' id='line_1_24' title="bbox 386 2267 1518 2356; baseline -0.005 -22"><span class='ocrx_word' id='word_1_198' title='bbox 386 2292 499 2334; x_wconf 88' lang='lat' dir='ltr'><strong>earum</strong></span> <span class='ocrx_word' id='word_1_199' title='bbox 512 2293 579 2334; x_wconf 85' lang='lat' dir='ltr'><strong>suae</strong></span> <span class='ocrx_word' id='word_1_200' title='bbox 593 2293 701 2356; x_wconf 87' lang='lat' dir='ltr'><strong>preces</strong></span> <span class='ocrx_word' id='word_1_201' title='bbox 715 2293 819 2355; x_wconf 90' lang='lat' dir='ltr'><strong>nuper</strong></span> <span class='ocrx_word' id='word_1_202' title='bbox 832 2271 1007 2356; x_wconf 73' lang='lat' dir='ltr'><strong>repudiatae</strong></span> <span class='ocrx_word' id='word_1_203' title='bbox 1027 2271 1196 2340; x_wconf 84' lang='lat' dir='ltr'><strong>faciliorem</strong></span> <span class='ocrx_word' id='word_1_204' title='bbox 1212 2271 1336 2336; x_wconf 86' lang='lat' dir='ltr'><strong>aditum</strong></span> <span class='ocrx_word' id='word_1_205' title='bbox 1351 2267 1389 2334; x_wconf 91' lang='lat' dir='ltr'><strong>ad</strong></span> <span class='ocrx_word' id='word_1_206' title='bbox 1402 2287 1442 2330; x_wconf 85' lang='lat' dir='ltr'><strong>se·</strong></span> <span class='ocrx_word' id='word_1_207' title='bbox 1517 2287 1518 2304; x_wconf 58' lang='lat'><strong>³</strong></span> 
     </span>
     <span class='ocr_line' id='line_1_25' title="bbox 386 2356 1518 2443; baseline -0.004 -23"><span class='ocrx_word' id='word_1_208' title='bbox 386 2371 497 2422; x_wconf 90' lang='lat' dir='ltr'><strong>natum</strong></span> <span class='ocrx_word' id='word_1_209' title='bbox 521 2357 683 2435; x_wconf 87' lang='lat' dir='ltr'><strong>haberent,</strong></span> <span class='ocrx_word' id='word_1_210' title='bbox 710 2358 869 2443; x_wconf 87' lang='lat' dir='ltr'><strong>principes</strong></span> <span class='ocrx_word' id='word_1_211' title='bbox 884 2360 1000 2440; x_wconf 74' lang='lat' dir='ltr'><strong>&#39;gentis</strong></span> <span class='ocrx_word' id='word_1_212' title='bbox 1021 2359 1068 2423; x_wconf 70' lang='lat' dir='ltr'><strong>&#39;ad</strong></span> <span class='ocrx_word' id='word_1_213' title='bbox 1095 2359 1283 2424; x_wconf 90' lang='lat' dir='ltr'><strong>tentandum</strong></span> <span class='ocrx_word' id='word_1_214' title='bbox 1310 2356 1442 2421; x_wconf 84' lang='lat' dir='ltr'><strong>ultimam</strong></span> <span class='ocrx_word' id='word_1_215' title='bbox 1499 2360 1518 2394; x_wconf 47' lang='lat' dir='ltr'><strong>&#39;i</strong></span> 
     </span>
     <span class='ocr_line' id='line_1_26' title="bbox 387 2440 1442 2530; baseline 0.005 -23"><span class='ocrx_word' id='word_1_216' title='bbox 387 2457 476 2530; x_wconf 87' lang='lat' dir='ltr'><strong>spem</strong></span> <span class='ocrx_word' id='word_1_217' title='bbox 493 2445 631 2510; x_wconf 86' lang='lat' dir='ltr'><strong>Romam</strong></span> <span class='ocrx_word' id='word_1_218' title='bbox 654 2445 824 2509; x_wconf 85' lang='lat' dir='ltr'><strong>miserunt:</strong></span> <span class='ocrx_word' id='word_1_219' title='bbox 848 2444 963 2526; x_wconf 80' lang='lat' dir='ltr'><strong>⁸nihil,</strong></span> <span class='ocrx_word' id='word_1_220' title='bbox 979 2444 1150 2510; x_wconf 89' lang='lat' dir='ltr'><strong>ne·bcllum</strong></span> <span class='ocrx_word' id='word_1_221' title='bbox 1172 2443 1340 2520; x_wconf 89' lang='lat' dir='ltr'><strong>haberent,</strong></span> <span class='ocrx_word' id='word_1_222' title='bbox 1354 2440 1442 2528; x_wconf 79' lang='lat' dir='ltr'><strong>priua</strong></span> 
     </span>
     <span class='ocr_line' id='line_1_27' title="bbox 226 2523 1442 2618; baseline -0.004 -23"><span class='ocrx_word' id='word_1_223' title='bbox 226 2539 325 2618; x_wconf 68' lang='lat' dir='ltr'><strong>Fulvia·</strong></span> <span class='ocrx_word' id='word_1_224' title='bbox 361 2603 367 2617; x_wconf 92' lang='lat'><strong>.</strong></span> <span class='ocrx_word' id='word_1_225' title='bbox 388 2551 484 2616; x_wconf 89' lang='lat' dir='ltr'><strong>quam</strong></span> <span class='ocrx_word' id='word_1_226' title='bbox 499 2533 815 2616; x_wconf 85' lang='lat' dir='ltr'><strong>peueinconspectu</strong></span> <span class='ocrx_word' id='word_1_227' title='bbox 829 2530 928 2596; x_wconf 89' lang='lat' dir='ltr'><strong>hostis</strong></span> <span class='ocrx_word' id='word_1_228' title='bbox 950 2544 1028 2612; x_wconf 91' lang='lat' dir='ltr'><strong>erat,</strong></span> <span class='ocrx_word' id='word_1_229' title='bbox 1042 2531 1268 2616; x_wconf 78' lang='lat' dir='ltr'><strong>praemcditati.</strong></span> <span class='ocrx_word' id='word_1_230' title='bbox 1302 2531 1385 2595; x_wconf 71' lang='lat' dir='ltr'><strong>dam</strong></span> <span class='ocrx_word' id='word_1_231' title='bbox 1399 2523 1442 2590; x_wconf 83' lang='lat' dir='ltr'><strong>M·</strong></span> 
     </span>
     <span class='ocr_line' id='line_1_28' title="bbox 226 2606 1444 2704; baseline -0.007 -22"><span class='ocrx_word' id='word_1_232' title='bbox 226 2606 530 2695; x_wconf 49' lang='lat' dir='ltr'><strong>herlu-uulnus,</strong></span> <span class='ocrx_word' id='word_1_233' title='bbox 561 2617 773 2703; x_wconf 88' lang='lat' dir='ltr'><strong>Apolloniam·</strong></span> <span class='ocrx_word' id='word_1_234' title='bbox 797 2619 938 2682; x_wconf 88' lang='lat' dir='ltr'><strong>exercitu</strong></span> <span class='ocrx_word' id='word_1_235' title='bbox 966 2619 1111 2704; x_wconf 85' lang='lat' dir='ltr'><strong>trajecto,</strong></span> <span class='ocrx_word' id='word_1_236' title='bbox 1139 2639 1213 2682; x_wconf 90' lang='lat' dir='ltr'><strong>cum</strong></span> <span class='ocrx_word' id='word_1_237' title='bbox 1246 2619 1444 2704; x_wconf 87' lang='lat' dir='ltr'><strong>Epirotarum</strong></span> 
     </span>
     <span class='ocr_line' id='line_1_29' title="bbox 226 2685 1444 2790; baseline -0.004 -23"><span class='ocrx_word' id='word_1_238' title='bbox 226 2685 262 2719; x_wconf 80' lang='lat'><strong>¹⁰⁸</strong></span> <span class='ocrx_word' id='word_1_239' title='bbox 387 2705 584 2790; x_wconf 86' lang='lat' dir='ltr'><strong>principibus</strong></span> <span class='ocrx_word' id='word_1_240' title='bbox 610 2704 819 2782; x_wconf 88' lang='lat' dir='ltr'><strong>consultabat,</strong></span> <span class='ocrx_word' id='word_1_241' title='bbox 846 2705 1073 2769; x_wconf 83' lang='lat' dir='ltr'><strong>audebellum</strong></span> <span class='ocrx_word' id='word_1_242' title='bbox 1099 2705 1267 2789; x_wconf 88' lang='lat' dir='ltr'><strong>inciperet.</strong></span> <span class='ocrx_word' id='word_1_243' title='bbox 1315 2697 1444 2788; x_wconf 83' lang='lat' dir='ltr'><strong>Epirotis</strong></span> 
     </span>
     <span class='ocr_line' id='line_1_30' title="bbox 389 2781 1445 2880; baseline -0.005 -26"><span class='ocrx_word' id='word_1_244' title='bbox 389 2791 594 2856; x_wconf 85' lang='lat' dir='ltr'><strong>&#39;Ambraciam</strong></span> <span class='ocrx_word' id='word_1_245' title='bbox 609 2790 754 2878; x_wconf 87' lang='lat' dir='ltr'><strong>placebat</strong></span> <span class='ocrx_word' id='word_1_246' title='bbox 769 2791 912 2880; x_wconf 85' lang='lat' dir='ltr'><strong>adgredi,</strong></span> <span class='ocrx_word' id='word_1_247' title='bbox 928 2813 1001 2879; x_wconf 89' lang='lat' dir='ltr'><strong>quae</strong></span> <span class='ocrx_word' id='word_1_248' title='bbox 1015 2805 1084 2856; x_wconf 89' lang='lat' dir='ltr'><strong>tum</strong></span> <span class='ocrx_word' id='word_1_249' title='bbox 1104 2791 1328 2857; x_wconf 83' lang='lat' dir='ltr'><strong>contribuerat</strong></span> <span class='ocrx_word' id='word_1_250' title='bbox 1345 2809 1378 2854; x_wconf 93' lang='lat' dir='ltr'><strong>se</strong></span> <span class='ocrx_word' id='word_1_251' title='bbox 1397 2781 1445 2849; x_wconf 67' lang='lat' dir='ltr'><strong>rh*-</strong></span> 
     </span>
     <span class='ocr_line' id='line_1_31' title="bbox 387 2875 1444 2960; baseline -0.004 -18"><span class='ocrx_word' id='word_1_252' title='bbox 387 2877 470 2942; x_wconf 82' lang='lat' dir='ltr'><strong>tolis.</strong></span> <span class='ocrx_word' id='word_1_253' title='bbox 481 2879 552 2943; x_wconf 58' lang='lat' dir='ltr'><strong>*siue</strong></span> <span class='ocrx_word' id='word_1_254' title='bbox 566 2881 609 2942; x_wconf 83' lang='lat' dir='ltr'><strong>ad</strong></span> <span class='ocrx_word' id='word_1_255' title='bbox 620 2881 762 2943; x_wconf 83' lang='lat' dir='ltr'><strong>tuendum</strong></span> <span class='ocrx_word' id='word_1_256' title='bbox 777 2901 845 2942; x_wconf 89' lang='lat' dir='ltr'><strong>eom</strong></span> <span class='ocrx_word' id='word_1_257' title='bbox 855 2882 869 2920; x_wconf 49' lang='grc' dir='ltr'><strong>Β</strong></span> <span class='ocrx_word' id='word_1_258' title='bbox 881 2882 1012 2951; x_wconf 67' lang='lat' dir='ltr'><strong>rumitant</strong></span> <span class='ocrx_word' id='word_1_259' title='bbox 1023 2879 1138 2958; x_wconf 83' lang='lat' dir='ltr'><strong>AEtolr&#39;,</strong></span> <span class='ocrx_word' id='word_1_260' title='bbox 1150 2889 1273 2960; x_wconf 86' lang='lat' dir='ltr'><strong>opertus</strong></span> <span class='ocrx_word' id='word_1_261' title='bbox 1281 2875 1364 2944; x_wconf 68' lang='lat' dir='ltr'><strong>dicu</strong></span> <span class='ocrx_word' id='word_1_262' title='bbox 1373 2893 1444 2940; x_wconf 88' lang='lat' dir='ltr'><strong>cum·</strong></span> 
     </span>
     <span class='ocr_line' id='line_1_32' title="bbox 386 2965 1445 3048; baseline 0.001 -21"><span class='ocrx_word' id='word_1_263' title='bbox 386 2979 441 3048; x_wconf 81' lang='lat' dir='ltr'><strong>pus</strong></span> <span class='ocrx_word' id='word_1_264' title='bbox 456 2968 498 3030; x_wconf 85' lang='lat' dir='ltr'><strong>ud</strong></span> <span class='ocrx_word' id='word_1_265' title='bbox 511 2966 709 3030; x_wconf 81' lang='lat' dir='ltr'><strong>dimicandum</strong></span> <span class='ocrx_word' id='word_1_266' title='bbox 725 2985 807 3029; x_wconf 80' lang='lat' dir='ltr'><strong>esse.-</strong></span> <span class='ocrx_word' id='word_1_267' title='bbox 821 2965 891 3030; x_wconf 65' lang='lat' dir='ltr'><strong>:siue</strong></span> <span class='ocrx_word' id='word_1_268' title='bbox 905 2967 1108 3029; x_wconf 82' lang='lat' dir='ltr'><strong>detrectarent</strong></span> <span class='ocrx_word' id='word_1_269' title='bbox 1121 2974 1287 3045; x_wconf 81' lang='lat' dir='ltr'><strong>certamen,</strong></span> <span class='ocrx_word' id='word_1_270' title='bbox 1302 2965 1445 3047; x_wconf 62' lang='lat' dir='ltr'><strong>obpugne-</strong></span> 
     </span>
     <span class='ocr_line' id='line_1_33' title="bbox 285 3048 1446 3136; baseline -0.003 -22"><span class='ocrx_word' id='word_1_271' title='bbox 285 3065 290 3072; x_wconf 81' lang='grc'><strong>“</strong></span> <span class='ocrx_word' id='word_1_272' title='bbox 387 3052 495 3116; x_wconf 83' lang='lat' dir='ltr'><strong>tionem</strong></span> <span class='ocrx_word' id='word_1_273' title='bbox 501 3051 576 3134; x_wconf 86' lang='lat' dir='ltr'><strong>sore</strong></span> <span class='ocrx_word' id='word_1_274' title='bbox 590 3053 671 3116; x_wconf 77' lang='lat' dir='ltr'><strong>harad</strong></span> <span class='ocrx_word' id='word_1_275' title='bbox 684 3048 841 3136; x_wconf 79' lang='lat' dir='ltr'><strong>difficilem.</strong></span> <span class='ocrx_word' id='word_1_276' title='bbox 871 3073 939 3115; x_wconf 85' lang='lat' dir='ltr'><strong>uum</strong></span> <span class='ocrx_word' id='word_1_277' title='bbox 955 3061 984 3115; x_wconf 90' lang='lat' dir='ltr'><strong>et</strong></span> <span class='ocrx_word' id='word_1_278' title='bbox 996 3053 1117 3134; x_wconf 82' lang='lat' dir='ltr'><strong>copiam</strong></span> <span class='ocrx_word' id='word_1_279' title='bbox 1128 3051 1160 3114; x_wconf 84' lang='lat' dir='ltr'><strong>in</strong></span> <span class='ocrx_word' id='word_1_280' title='bbox 1178 3052 1446 3136; x_wconf 61' lang='lat' dir='ltr'><strong>propinquo‘mute·</strong></span> 
     </span>
     <span class='ocr_line' id='line_1_34' title="bbox 386 3138 1444 3223; baseline 0 -21"><span class='ocrx_word' id='word_1_281' title='bbox 386 3139 442 3202; x_wconf 83' lang='lat' dir='ltr'><strong>riae</strong></span> <span class='ocrx_word' id='word_1_282' title='bbox 456 3141 497 3202; x_wconf 85' lang='lat' dir='ltr'><strong>ad</strong></span> <span class='ocrx_word' id='word_1_283' title='bbox 512 3153 641 3223; x_wconf 80' lang='lat' dir='ltr'><strong>aggeres</strong></span> <span class='ocrx_word' id='word_1_284' title='bbox 655 3138 831 3202; x_wconf 70' lang='lat' dir='ltr'><strong>excitandos</strong></span> <span class='ocrx_word' id='word_1_285' title='bbox 846 3147 875 3201; x_wconf 87' lang='lat' dir='ltr'><strong>et</strong></span> <span class='ocrx_word' id='word_1_286' title='bbox 886 3149 984 3203; x_wconf 85' lang='lat' dir='ltr'><strong>cetera</strong></span> <span class='ocrx_word' id='word_1_287' title='bbox 995 3156 1086 3220; x_wconf 85' lang='lat' dir='ltr'><strong>opera</strong></span> <span class='ocrx_word' id='word_1_288' title='bbox 1096 3139 1177 3202; x_wconf 74' lang='lat' dir='ltr'><strong>essa:</strong></span> <span class='ocrx_word' id='word_1_289' title='bbox 1201 3148 1231 3201; x_wconf 88' lang='lat' dir='ltr'><strong>et</strong></span> <span class='ocrx_word' id='word_1_290' title='bbox 1245 3138 1444 3202; x_wconf 71' lang='lat' dir='ltr'><strong>Arethousa</strong></span> 
     </span>
     <span class='ocr_line' id='line_1_35' title="bbox 387 3214 1448 3310; baseline -0.003 -24"><span class='ocrx_word' id='word_1_291' title='bbox 387 3225 604 3310; x_wconf 81' lang='lat' dir='ltr'><strong>navigabilem·</strong></span> <span class='ocrx_word' id='word_1_292' title='bbox 616 3246 745 3306; x_wconf 72' lang='lat' dir='ltr'><strong>omnem,</strong></span> <span class='ocrx_word' id='word_1_293' title='bbox 764 3234 961 3308; x_wconf 71' lang='lat' dir='ltr'><strong>opportunum</strong></span> <span class='ocrx_word' id='word_1_294' title='bbox 987 3228 1029 3288; x_wconf 87' lang='lat' dir='ltr'><strong>ad</strong></span> <span class='ocrx_word' id='word_1_295' title='bbox 1051 3227 1278 3307; x_wconf 81' lang='lat' dir='ltr'><strong>comportanda,</strong></span> <span class='ocrx_word' id='word_1_296' title='bbox 1302 3243 1371 3308; x_wconf 78' lang='lat' dir='ltr'><strong>qttae</strong></span> <span class='ocrx_word' id='word_1_297' title='bbox 1390 3214 1448 3283; x_wconf 77' lang='lat' dir='ltr'><strong>usti</strong></span> 
     </span>
     <span class='ocr_line' id='line_1_36' title="bbox 386 3305 1447 3396; baseline -0.002 -22"><span class='ocrx_word' id='word_1_298' title='bbox 386 3312 458 3388; x_wconf 79' lang='lat' dir='ltr'><strong>rint,</strong></span> <span class='ocrx_word' id='word_1_299' title='bbox 471 3321 580 3394; x_wconf 69' lang='lat' dir='ltr'><strong>praeter</strong></span> <span class='ocrx_word' id='word_1_300' title='bbox 594 3311 663 3393; x_wconf 85' lang='lat' dir='ltr'><strong>ipso</strong></span> <span class='ocrx_word' id='word_1_301' title='bbox 677 3311 913 3395; x_wconf 77' lang='lat' dir='ltr'><strong>moeaicfluerer</strong></span> <span class='ocrx_word' id='word_1_302' title='bbox 937 3321 967 3374; x_wconf 86' lang='lat' dir='ltr'><strong>et</strong></span> <span class='ocrx_word' id='word_1_303' title='bbox 981 3319 1114 3374; x_wconf 76' lang='lat' dir='ltr'><strong>astarem</strong></span> <span class='ocrx_word' id='word_1_304' title='bbox 1137 3321 1241 3392; x_wconf 86' lang='lat' dir='ltr'><strong>aptum</strong></span> <span class='ocrx_word' id='word_1_305' title='bbox 1257 3313 1304 3376; x_wconf 87' lang='lat' dir='ltr'><strong>rei</strong></span> <span class='ocrx_word' id='word_1_306' title='bbox 1316 3305 1447 3396; x_wconf 62' lang='lat' dir='ltr'><strong>gerenda</strong></span> 
     </span>
    </p>

    <p class='ocr_par' dir='ltr' id='par_1_4' title="bbox 384 3395 1257 3483">
     <span class='ocr_line' id='line_1_37' title="bbox 384 3395 1257 3483; baseline 0.003 -24"><span class='ocrx_word' id='word_1_307' title='bbox 384 3398 501 3460; x_wconf 79' lang='lat' dir='ltr'><strong>adessa.</strong></span> <span class='ocrx_word' id='word_1_308' title='bbox 524 3395 574 3461; x_wconf 90' lang='lat' dir='ltr'><strong>his</strong></span> <span class='ocrx_word' id='word_1_309' title='bbox 588 3413 824 3483; x_wconf 83' lang='lat' dir='ltr'><strong>persuaserunt,</strong></span> <span class='ocrx_word' id='word_1_310' title='bbox 842 3398 877 3461; x_wconf 85' lang='lat' dir='ltr'><strong>rit</strong></span> <span class='ocrx_word' id='word_1_311' title='bbox 891 3413 949 3481; x_wconf 83' lang='lat' dir='ltr'><strong>per</strong></span> <span class='ocrx_word' id='word_1_312' title='bbox 963 3397 1098 3481; x_wconf 87' lang='lat' dir='ltr'><strong>Epirum</strong></span> <span class='ocrx_word' id='word_1_313' title='bbox 1114 3396 1257 3462; x_wconf 83' lang='lat' dir='ltr'><strong>duceret.</strong></span> 
     </span>
    </p>

    <p class='ocr_par' dir='ltr' id='par_1_5' title="bbox 430 3473 1447 3572">
     <span class='ocr_line' id='line_1_38' title="bbox 430 3473 1447 3572; baseline -0.008 -26"><span class='ocrx_word' id='word_1_314' title='bbox 430 3482 489 3548; x_wconf 81' lang='lat' dir='ltr'><strong>tv.</strong></span> <span class='ocrx_word' id='word_1_315' title='bbox 514 3484 657 3562; x_wconf 88' lang='lat' dir='ltr'><strong>Consuli,</strong></span> <span class='ocrx_word' id='word_1_316' title='bbox 674 3485 715 3548; x_wconf 90' lang='lat' dir='ltr'><strong>ad</strong></span> <span class='ocrx_word' id='word_1_317' title='bbox 730 3484 934 3550; x_wconf 85' lang='lat' dir='ltr'><strong>Ambraciam</strong></span> <span class='ocrx_word' id='word_1_318' title='bbox 946 3483 1138 3561; x_wconf 88' lang='lat' dir='ltr'><strong>advenienti,</strong></span> <span class='ocrx_word' id='word_1_319' title='bbox 1151 3483 1263 3572; x_wconf 84' lang='lat' dir='ltr'><strong>magni</strong></span> <span class='ocrx_word' id='word_1_320' title='bbox 1279 3481 1385 3570; x_wconf 87' lang='lat' dir='ltr'><strong>operis</strong></span> <span class='ocrx_word' id='word_1_321' title='bbox 1397 3473 1447 3541; x_wconf 92' lang='lat' dir='ltr'><strong>ob·</strong></span> 
     </span>
    </p>
   </div>
   <div class='ocr_carea' id='block_1_3' title="bbox 684 3657 1151 3709">
    <p class='ocr_par' dir='ltr' id='par_1_6' title="bbox 684 3657 1151 3709">
     <span class='ocr_line' id='line_1_39' title="bbox 684 3657 1151 3709; baseline -0.006 -1"><span class='ocrx_word' id='word_1_322' title='bbox 684 3664 729 3708; x_wconf 69' lang='lat' dir='ltr'><strong>²et</strong></span> <span class='ocrx_word' id='word_1_323' title='bbox 740 3659 784 3708; x_wconf 83' lang='lat' dir='ltr'><strong>del.</strong></span> <span class='ocrx_word' id='word_1_324' title='bbox 797 3662 874 3709; x_wconf 87' lang='lat' dir='ltr'><strong>Gran.</strong></span> <span class='ocrx_word' id='word_1_325' title='bbox 940 3657 1014 3707; x_wconf 74' lang='lat' dir='ltr'><strong>brom</strong></span> <span class='ocrx_word' id='word_1_326' title='bbox 1025 3659 1070 3708; x_wconf 86' lang='lat' dir='ltr'><strong>dal.</strong></span> <span class='ocrx_word' id='word_1_327' title='bbox 1082 3659 1151 3706; x_wconf 78' lang='lat' dir='ltr'><strong>cm.</strong></span> 
     </span>
    </p>
   </div>
   <div class='ocr_carea' id='block_1_4' title="bbox 295 3803 1518 4458">
    <p class='ocr_par' dir='ltr' id='par_1_7' title="bbox 385 3793 1518 3934">
     <span class='ocr_line' id='line_1_40' title="bbox 417 3803 1518 3872; baseline -0.004 -16"><span class='ocrx_word' id='word_1_328' title='bbox 417 3807 433 3856; x_wconf 75' lang='grc'><strong>6</strong></span> <span class='ocrx_word' id='word_1_329' title='bbox 449 3808 547 3856; x_wconf 78' lang='lat' dir='ltr'><strong>Postero</strong></span> <span class='ocrx_word' id='word_1_330' title='bbox 556 3805 605 3871; x_wconf 83' lang='lat' dir='ltr'><strong>die]</strong></span> <span class='ocrx_word' id='word_1_331' title='bbox 621 3811 824 3868; x_wconf 79' lang='lat' dir='ltr'><strong>Andreas,ettrea</strong></span> <span class='ocrx_word' id='word_1_332' title='bbox 831 3811 904 3871; x_wconf 82' lang='lat' dir='ltr'><strong>scrip·</strong></span> <span class='ocrx_word' id='word_1_333' title='bbox 968 3817 983 3859; x_wconf 87' lang='lat'><strong>7</strong></span> <span class='ocrx_word' id='word_1_334' title='bbox 1000 3809 1037 3856; x_wconf 84' lang='lat' dir='ltr'><strong>Et</strong></span> <span class='ocrx_word' id='word_1_335' title='bbox 1057 3803 1170 3872; x_wconf 72' lang='lat' dir='ltr'><strong>amam]</strong></span> <span class='ocrx_word' id='word_1_336' title='bbox 1189 3807 1225 3854; x_wconf 83' lang='lat' dir='ltr'><strong>Et</strong></span> <span class='ocrx_word' id='word_1_337' title='bbox 1243 3806 1387 3867; x_wconf 77' lang='lat' dir='ltr'><strong>adjecimus,</strong></span> <span class='ocrx_word' id='word_1_338' title='bbox 1402 3811 1450 3846; x_wconf 65' lang='grc' dir='ltr'><strong>Μ’·</strong></span> <span class='ocrx_word' id='word_1_339' title='bbox 1517 3845 1518 3870; x_wconf 55' lang='lat'><strong>,</strong></span> 
     </span>
     <span class='ocr_line' id='line_1_41' title="bbox 385 3871 1389 3934; baseline -0.007 -13"><span class='ocrx_word' id='word_1_340' title='bbox 385 3875 415 3932; x_wconf 85' lang='lat' dir='ltr'><strong>ti,</strong></span> <span class='ocrx_word' id='word_1_341' title='bbox 428 3888 492 3922; x_wconf 86' lang='lat' dir='ltr'><strong>unua</strong></span> <span class='ocrx_word' id='word_1_342' title='bbox 507 3875 558 3922; x_wconf 78' lang='lat' dir='ltr'><strong>Jac-</strong></span> <span class='ocrx_word' id='word_1_343' title='bbox 574 3875 707 3934; x_wconf 73' lang='lat' dir='ltr'><strong>Gronovio‚</strong></span> <span class='ocrx_word' id='word_1_344' title='bbox 718 3875 903 3932; x_wconf 77' lang='lat' dir='ltr'><strong>alteri-icamia</strong></span> <span class='ocrx_word' id='word_1_345' title='bbox 935 3875 1027 3922; x_wconf 81' lang='lat' dir='ltr'><strong>toribus</strong></span> <span class='ocrx_word' id='word_1_346' title='bbox 1035 3875 1135 3922; x_wconf 65' lang='lat' dir='ltr'><strong>Thoan:</strong></span> <span class='ocrx_word' id='word_1_347' title='bbox 1142 3879 1167 3920; x_wconf 85' lang='lat' dir='ltr'><strong>at</strong></span> <span class='ocrx_word' id='word_1_348' title='bbox 1178 3875 1243 3921; x_wconf 88' lang='lat' dir='ltr'><strong>Vict.</strong></span> <span class='ocrx_word' id='word_1_349' title='bbox 1257 3871 1389 3920; x_wconf 70' lang='lat' dir='ltr'><strong>codicibus.</strong></span> 
     </span>
    </p>

    <p class='ocr_par' dir='ltr' id='par_1_8' title="bbox 295 3939 1453 4196">
     <span class='ocr_line' id='line_1_42' title="bbox 295 3939 1452 4002; baseline -0.004 -12"><span class='ocrx_word' id='word_1_350' title='bbox 295 3981 305 3990; x_wconf 85' lang='lat'><strong>.</strong></span> <span class='ocrx_word' id='word_1_351' title='bbox 384 3939 613 4001; x_wconf 80' lang='lat' dir='ltr'><strong>iuspectua,tertius</strong></span> <span class='ocrx_word' id='word_1_352' title='bbox 629 3947 711 3989; x_wconf 74' lang='lat' dir='ltr'><strong>uuatm</strong></span> <span class='ocrx_word' id='word_1_353' title='bbox 727 3941 789 3988; x_wconf 77' lang='lat' dir='ltr'><strong>Vrct</strong></span> <span class='ocrx_word' id='word_1_354' title='bbox 807 3955 850 4002; x_wconf 87' lang='lat' dir='ltr'><strong>pro</strong></span> <span class='ocrx_word' id='word_1_355' title='bbox 865 3941 903 3989; x_wconf 84' lang='lat' dir='ltr'><strong>his</strong></span> <span class='ocrx_word' id='word_1_356' title='bbox 969 3939 1217 3998; x_wconf 61' lang='lat' dir='ltr'><strong>militaturum</strong></span> <span class='ocrx_word' id='word_1_357' title='bbox 1233 3939 1452 3994; x_wconf 61' lang='lat' dir='ltr'><strong>adamum·</strong></span> 
     </span>
     <span class='ocr_line' id='line_1_43' title="bbox 384 3991 1452 4068; baseline -0.01 -15"><span class='ocrx_word' id='word_1_358' title='bbox 384 4005 476 4053; x_wconf 81' lang='lat' dir='ltr'><strong>duabus</strong></span> <span class='ocrx_word' id='word_1_359' title='bbox 487 4006 585 4054; x_wconf 79' lang='lat' dir='ltr'><strong>rnatum</strong></span> <span class='ocrx_word' id='word_1_360' title='bbox 601 4007 714 4055; x_wconf 85' lang='lat' dir='ltr'><strong>exhibent</strong></span> <span class='ocrx_word' id='word_1_361' title='bbox 723 4013 813 4066; x_wconf 77' lang='lat' dir='ltr'><strong>pastea.</strong></span> <span class='ocrx_word' id='word_1_362' title='bbox 832 4006 902 4064; x_wconf 85' lang='lat' dir='ltr'><strong>Sane,</strong></span> <span class='ocrx_word' id='word_1_363' title='bbox 935 4001 1058 4068; x_wconf 69' lang='lat' dir='ltr'><strong>medicant]</strong></span> <span class='ocrx_word' id='word_1_364' title='bbox 1075 4005 1157 4056; x_wconf 82' lang='lat' dir='ltr'><strong>Quum</strong></span> <span class='ocrx_word' id='word_1_365' title='bbox 1168 4003 1229 4051; x_wconf 86' lang='lat' dir='ltr'><strong>nihil</strong></span> <span class='ocrx_word' id='word_1_366' title='bbox 1246 4001 1417 4065; x_wconf 76' lang='lat' dir='ltr'><strong>praecavissent</strong></span> <span class='ocrx_word' id='word_1_367' title='bbox 1426 3991 1452 4039; x_wconf 74' lang='lat' dir='ltr'><strong>ad</strong></span> 
     </span>
     <span class='ocr_line' id='line_1_44' title="bbox 383 4063 1452 4131; baseline -0.007 -13"><span class='ocrx_word' id='word_1_368' title='bbox 383 4072 481 4118; x_wconf 78' lang='lat' dir='ltr'><strong>duelli</strong></span> <span class='ocrx_word' id='word_1_369' title='bbox 498 4072 640 4128; x_wconf 70' lang='lat' dir='ltr'><strong>Macedones</strong></span> <span class='ocrx_word' id='word_1_370' title='bbox 657 4070 682 4118; x_wconf 90' lang='lat' dir='ltr'><strong>iu</strong></span> <span class='ocrx_word' id='word_1_371' title='bbox 699 4071 845 4118; x_wconf 85' lang='lat' dir='ltr'><strong>Athamania</strong></span> <span class='ocrx_word' id='word_1_372' title='bbox 864 4086 900 4118; x_wconf 90' lang='lat' dir='ltr'><strong>re·</strong></span> <span class='ocrx_word' id='word_1_373' title='bbox 933 4071 1118 4131; x_wconf 83' lang='lat' dir='ltr'><strong>impetrandum,</strong></span> <span class='ocrx_word' id='word_1_374' title='bbox 1134 4085 1165 4117; x_wconf 86' lang='lat' dir='ltr'><strong>na</strong></span> <span class='ocrx_word' id='word_1_375' title='bbox 1183 4069 1228 4116; x_wconf 84' lang='lat' dir='ltr'><strong>sibi</strong></span> <span class='ocrx_word' id='word_1_376' title='bbox 1249 4069 1344 4117; x_wconf 87' lang='lat' dir='ltr'><strong>bellum</strong></span> <span class='ocrx_word' id='word_1_377' title='bbox 1364 4063 1452 4110; x_wconf 69' lang='lat' dir='ltr'><strong>interm</strong></span> 
     </span>
     <span class='ocr_line' id='line_1_45' title="bbox 382 4126 1453 4196; baseline -0.008 -12"><span class='ocrx_word' id='word_1_378' title='bbox 382 4142 533 4196; x_wconf 76' lang='lat' dir='ltr'><strong>manserunt,</strong></span> <span class='ocrx_word' id='word_1_379' title='bbox 560 4137 624 4184; x_wconf 82' lang='lat' dir='ltr'><strong>haud</strong></span> <span class='ocrx_word' id='word_1_380' title='bbox 648 4137 717 4188; x_wconf 78' lang='lat' dir='ltr'><strong>facila</strong></span> <span class='ocrx_word' id='word_1_381' title='bbox 744 4135 899 4194; x_wconf 72' lang='lat' dir='ltr'><strong>intelligetur,</strong></span> <span class='ocrx_word' id='word_1_382' title='bbox 933 4143 983 4195; x_wconf 89' lang='lat' dir='ltr'><strong>tur,</strong></span> <span class='ocrx_word' id='word_1_383' title='bbox 994 4138 1156 4184; x_wconf 85' lang='lat' dir='ltr'><strong>doneccorea</strong></span> <span class='ocrx_word' id='word_1_384' title='bbox 1167 4135 1274 4182; x_wconf 82' lang='lat' dir='ltr'><strong>adducta</strong></span> <span class='ocrx_word' id='word_1_385' title='bbox 1284 4126 1453 4191; x_wconf 63' lang='lat' dir='ltr'><strong>assumunt·-</strong></span> 
     </span>
    </p>

    <p class='ocr_par' dir='ltr' id='par_1_9' title="bbox 338 4193 1452 4264">
     <span class='ocr_line' id='line_1_46' title="bbox 338 4193 1452 4264; baseline -0.006 -15"><span class='ocrx_word' id='word_1_386' title='bbox 338 4225 340 4232; x_wconf 40' lang='grc' dir='ltr'><em>ν</em></span> <span class='ocrx_word' id='word_1_387' title='bbox 383 4203 502 4262; x_wconf 86' lang='lat' dir='ltr'><strong>quomodo</strong></span> <span class='ocrx_word' id='word_1_388' title='bbox 518 4203 536 4248; x_wconf 89' lang='lat' dir='ltr'><strong>ii</strong></span> <span class='ocrx_word' id='word_1_389' title='bbox 550 4203 591 4262; x_wconf 89' lang='lat' dir='ltr'><strong>qui</strong></span> <span class='ocrx_word' id='word_1_390' title='bbox 608 4218 649 4262; x_wconf 89' lang='lat' dir='ltr'><strong>per</strong></span> <span class='ocrx_word' id='word_1_391' title='bbox 665 4203 789 4262; x_wconf 79' lang='lat' dir='ltr'><strong>Gomphos</strong></span> <span class='ocrx_word' id='word_1_392' title='bbox 808 4204 832 4248; x_wconf 91' lang='lat' dir='ltr'><strong>in</strong></span> <span class='ocrx_word' id='word_1_393' title='bbox 850 4203 902 4249; x_wconf 79' lang='lat' dir='ltr'><strong>Ma·</strong></span> <span class='ocrx_word' id='word_1_394' title='bbox 934 4203 966 4250; x_wconf 82' lang='lat' dir='ltr'><strong>tis</strong></span> <span class='ocrx_word' id='word_1_395' title='bbox 986 4217 1046 4264; x_wconf 87' lang='lat' dir='ltr'><strong>pena</strong></span> <span class='ocrx_word' id='word_1_396' title='bbox 1065 4205 1090 4248; x_wconf 90' lang='lat' dir='ltr'><strong>in</strong></span> <span class='ocrx_word' id='word_1_397' title='bbox 1109 4205 1243 4263; x_wconf 76' lang='lat' dir='ltr'><strong>comptam</strong></span> <span class='ocrx_word' id='word_1_398' title='bbox 1264 4201 1337 4246; x_wconf 82' lang='lat' dir='ltr'><strong>foret</strong></span> <span class='ocrx_word' id='word_1_399' title='bbox 1372 4193 1452 4262; x_wconf 72' lang='lat' dir='ltr'><strong>Mirum</strong></span> 
     </span>
    </p>

    <p class='ocr_par' dir='ltr' id='par_1_10' title="bbox 310 4259 1452 4458">
     <span class='ocr_line' id='line_1_47' title="bbox 310 4259 1452 4332; baseline -0.008 -18"><span class='ocrx_word' id='word_1_400' title='bbox 310 4289 312 4294; x_wconf 31' lang='lat' dir='ltr'><strong>c</strong></span> <span class='ocrx_word' id='word_1_401' title='bbox 381 4269 504 4316; x_wconf 73' lang='lat' dir='ltr'><strong>oedouim</strong></span> <span class='ocrx_word' id='word_1_402' title='bbox 529 4269 559 4316; x_wconf 80' lang='lat' dir='ltr'><strong>ad</strong></span> <span class='ocrx_word' id='word_1_403' title='bbox 586 4265 724 4329; x_wconf 87' lang='lat' dir='ltr'><strong>Philippum</strong></span> <span class='ocrx_word' id='word_1_404' title='bbox 746 4271 902 4326; x_wconf 84' lang='lat' dir='ltr'><strong>recrrrrarant,</strong></span> <span class='ocrx_word' id='word_1_405' title='bbox 935 4273 981 4326; x_wconf 85' lang='lat' dir='ltr'><strong>cat,</strong></span> <span class='ocrx_word' id='word_1_406' title='bbox 1000 4268 1124 4332; x_wconf 72' lang='lat' dir='ltr'><strong>sigonium</strong></span> <span class='ocrx_word' id='word_1_407' title='bbox 1142 4268 1169 4316; x_wconf 83' lang='lat' dir='ltr'><strong>in</strong></span> <span class='ocrx_word' id='word_1_408' title='bbox 1188 4281 1213 4316; x_wconf 82' lang='lat' dir='ltr'><strong>ra</strong></span> <span class='ocrx_word' id='word_1_409' title='bbox 1231 4270 1287 4313; x_wconf 76' lang='lat' dir='ltr'><strong>tam</strong></span> <span class='ocrx_word' id='word_1_410' title='bbox 1309 4264 1374 4312; x_wconf 75' lang='lat' dir='ltr'><strong>olm</strong></span> <span class='ocrx_word' id='word_1_411' title='bbox 1390 4259 1452 4306; x_wconf 61' lang='lat' dir='ltr'><strong>hul·</strong></span> 
     </span>
     <span class='ocr_line' id='line_1_48' title="bbox 381 4334 1004 4394; baseline 0.005 -17"><span class='ocrx_word' id='word_1_412' title='bbox 381 4334 505 4393; x_wconf 81' lang='lat' dir='ltr'><strong>potueriat</strong></span> <span class='ocrx_word' id='word_1_413' title='bbox 515 4339 608 4394; x_wconf 74' lang='lat' dir='ltr'><strong>postero</strong></span> <span class='ocrx_word' id='word_1_414' title='bbox 625 4335 664 4381; x_wconf 82' lang='lat' dir='ltr'><strong>die</strong></span> <span class='ocrx_word' id='word_1_415' title='bbox 680 4347 733 4380; x_wconf 90' lang='lat' dir='ltr'><strong>cum</strong></span> <span class='ocrx_word' id='word_1_416' title='bbox 747 4335 902 4394; x_wconf 79' lang='lat' dir='ltr'><strong>Amynandro</strong></span> <span class='ocrx_word' id='word_1_417' title='bbox 934 4337 1004 4382; x_wconf 68' lang='lat' dir='ltr'><strong>mssa.</strong></span> 
     </span>
     <span class='ocr_line' id='line_1_49' title="bbox 381 4397 901 4458; baseline -0.002 -13"><span class='ocrx_word' id='word_1_418' title='bbox 381 4398 477 4458; x_wconf 78' lang='lat' dir='ltr'><strong>paciaci.</strong></span> <span class='ocrx_word' id='word_1_419' title='bbox 501 4399 591 4446; x_wconf 43' lang='lat' dir='ltr'><strong>*Nimia</strong></span> <span class='ocrx_word' id='word_1_420' title='bbox 605 4405 642 4446; x_wconf 86' lang='lat' dir='ltr'><strong>eat</strong></span> <span class='ocrx_word' id='word_1_421' title='bbox 655 4400 760 4448; x_wconf 87' lang='lat' dir='ltr'><strong>locorum</strong></span> <span class='ocrx_word' id='word_1_422' title='bbox 780 4397 901 4448; x_wconf 76' lang='lat' dir='ltr'><strong>distantia.</strong></span> 
     </span>
    </p>
   </div>
   <div class='ocr_carea' id='block_1_5' title="bbox 0 0 1590 4982">
    <p class='ocr_par' dir='ltr' id='par_1_11' title="bbox 0 0 1590 4982">
     <span class='ocr_line' id='line_1_50' title="bbox 0 0 1590 4982; baseline 0 0"><span class='ocrx_word' id='word_1_423' title='bbox 0 0 1590 4982; x_wconf 95' lang='lat' dir='ltr'><strong> </strong></span> 
     </span>
    </p>
   </div>
  </div>
 </body>
</html>
