3104 4976
297 181 352 243 roo
678 178 788 238 r1r1
817 177 951 279 urvrt
1001 144 1006 152 ’

136 357 166 404 u.
178 355 271 406 cast.
294 345 472 431 itasutura,
485 347 574 408 duret
587 344 728 427 quinque,
741 365 814 428 quos
828 345 1009 428 imperatori
1019 345 1160 412 Romano
1168 347 1351 430 placuisset,

135 421 166 468 Α·
176 421 206 468 ⁰·
218 425 272 470 ¹⁹⁵·
285 432 391 516 filium
405 434 439 496 in
453 432 615 496 litatum.-
631 439 660 492 et
674 429 828 526 ”talenta
842 441 958 496 centurn
972 435 1099 517 argenti¹
1109 434 1314 516 inpraesenti,
1323 443 1367 496 et.

295 518 520 604 quinquaginta
534 517 652 579 talenta
666 517 700 579 itt
714 518 848 601 singulos
857 537 958 583 annos
966 539 1027 601 per
1039 539 1137 583 annos
1149 529 1226 583 octo.
1338 549 1349 578 κ.

134 605 192 656 Non
202 607 253 684 1³¹¹·
338 601 499 669 XXXVl.
523 600 608 666 Haec
623 601 944 688 'conscripta,'eastris
965 609 1006 688 p'
1048 603 1096 668 ius
1117 608 1227 670 urbem
1250 603 1355 684 motis,

115 673 249 786 ἓξὲξ
298 689 560 754 Lacedaemonem
584 686 762 752 mittuntur.
784 709 843 752 nec
866 709 940 752 sane
959 690 1014 776 qui
1037 691 1131 777 quam
1153 711 1263 755 eorum
1278 689 1354 754 satia

296 774 442 861 placebat
463 786 615 859 tyrannot
642 773 702 836 nisi
722 773 819 858 quod,
842 785 959 860 praeter
981 796 1079 860 spem,
1102 776 1355 841 reducendorum
1399 821 1400 826 η

297 860 443 928 exsulum
464 860 584 924 mentio
603 859 691 924 nulla
711 859 794 924 facta
817 873 897 925 erat.
926 863 1063 926 maxime
1083 873 1189 927 autem
1210 863 1353 926 omnium

296 969 335 1012 ea
358 968 408 1012 res
432 945 633 1026 obtendebat,
658 945 744 1031 quod
773 957 805 1010 et
832 965 938 1025 naves,
963 958 995 1011 et
1019 948 1188 1014 maritimae
1212 949 1354 1013 civitates

292 1033 433 1099 ademtae
447 1043 547 1097 eraut.
592 1033 709 1097 Fuerat
729 1043 834 1096 autem
850 1031 879 1096 ei
899 1053 1016 1133 magno
1032 1033 1148 1099 fructui
1169 1055 1266 1113 mare,
1285 1055 1354 1098 om-

268 1143 273 1156 ·
297 1141 371 1185 nem
396 1141 484 1184 oram
509 1117 647 1183 Mateaer
668 1117 865 1204 praedatoriis
889 1122 1026 1184 navrbus‘
1045 1119 1190 1186 infartam
1215 1121 1354 1198 habenti.

293 1207 491 1292 juventutem
520 1219 674 1290 praeterea
702 1204 872 1270 civitatium
898 1227 1006 1269 earum
1029 1205 1070 1270 ad
1099 1207 1355 1293 supplementum

298 1291 393 1380 longe
418 1293 531 1376 optimi
556 1291 678 1373 generis
700 1289 836 1356 militum
862 1289 1009 1357 babebat.
1054 1291 1127 1357 Has
1150 1292 1355 1369 conditiones,

298 1399 490 1464 quamquam
516 1377 585 1460 ipae
607 1377 640 1462 in
665 1389 785 1440 secreto
806 1376 1000 1443 volutaverat
1019 1399 1094 1443 cum
1119 1379 1238 1460 amicis,
1259 1379 1357 1467 vulgo

137 1473 276 1534 Nequam
299 1477 404 1530 tamen
425 1484 534 1528 omnes
555 1462 638 1527 lama
661 1461 815 1539 ferebant,
830 1463 963 1541 ²⁹vanis,
978 1475 1014 1528 ut
1035 1463 1076 1529 ad
1090 1477 1226 1530 ceteram
1247 1465 1355 1543 fidem,

137 1540 345 1616 eid'³”“⁰¹¹¹³⁸·sic
358 1549 400 1616 ad
414 1561 534 1614 secreta
555 1547 700 1636 tegenda,
715 1548 884 1614 satellitum
909 1551 1068 1700 repletum
1092 1551 1234 1638 ingeniis.
1252 1581 1258 1608 ι
1280 1551 1356 1616 Non

298 1649 363 1704 tam
377 1637 485 1701 omnia
499 1635 648 1712 universi,
661 1657 757 1720 quam
771 1656 820 1716 ea,
835 1657 944 1720 quaea
981 1657 1137 1724 quemque
1150 1638 1355 1723 pertinerent,

297 1723 413 1811 singuli
428 1722 608 1807 carpebant.
630 1723 685 1807 qui
705 1721 850 1804 exsulum
865 1723 1013 1809 conjuges
1028 1723 1061 1786 in
1084 1724 1286 1788 matrimonio
1301 1725 1357 1789 bai

294 1810 426 1885 bebant,
442 1822 496 1873 aut
517 1830 558 1874 ex
582 1807 674 1871 bonis
694 1827 805 1871 eorum
827 1805 945 1893 aliquid
966 1809 1180 1893 possederant,
1196 1823 1355 1897 tamquam

297 1895 456 1970 amissuri,
470 1914 535 1958 non
554 1893 719 1969 reddituri,
734 1891 991 1980 indignabantur.
1014 1895 1108 1960 servis
1122 1895 1261 1961 liberatis
1274 1921 1294 1962 a
1307 1909 1356 1982 ty-

298 2003 401 2046 ranno
424 2001 491 2044 non
512 1978 603 2043 irrita
625 1977 721 2042 modo
742 1977 847 2044 littura
867 1979 1007 2058 libertas,
1029 1981 1085 2046 sed
1108 1982 1207 2047 multo
1227 1981 1354 2060 foedior,

178 2131 186 2144 ,
298 2089 393 2154 quam
415 2065 521 2130 fuisset
542 2078 626 2142 ante,
646 2065 777 2129 servitus
800 2064 1003 2130 redeuntibus
1023 2068 1058 2131 in
1079 2067 1232 2134 iratorum
1252 2068 1356 2132 domi·

298 2173 413 2218 uorum
446 2163 634 2237 potestatem
666 2163 739 2216 ante
766 2148 888 2216 oculos.
903 2151 1139 2220 obversabatur.
1173 2156 1357 2220 mercenarii

298 2238 413 2306 milites
434 2251 465 2302 et
485 2237 588 2323 pretia
611 2236 733 2302 militiae
755 2258 865 2302 casura
889 2237 924 2301 in
945 2259 1021 2324 pace
1042 2261 1127 2328 aegre
1150 2241 1305 2323 ferebant,
1323 2255 1357 2308 et

299 2324 438 2390 reditum
452 2324 512 2389 sibi
534 2321 657 2388 nullum
679 2345 746 2389 esse
764 2323 797 2387 in
813 2323 951 2390 divitates
965 2325 1126 2408 videbant,
1140 2325 1278 2392 inlensas
1292 2335 1357 2392 non

298 2412 441 2498 tyrannia
456 2433 505 2474 rna
529 2411 567 2486 is,
582 2431 677 2496 quam
693 2409 877 2500 satellitibus
892 2431 1012 2476 eorum.
1129 2425 1131 2430 “

341 2433 529 2562 XXXVIi.
553 2496 638 2560 Haec
660 2495 742 2560 inter
764 2497 921 2582 septimo
941 2498 972 2562 in
992 2499 1117 2564 circulis
1138 2509 1275 2574 serentes
1293 2498 1356 2564 fre-

296 2603 400 2648 mere:
423 2583 537 2648 deinde
558 2581 598 2646 ad
617 2603 706 2646 arma
726 2581 832 2651 subito
850 2582 1074 2650 discurrerunt.
1118 2583 1195 2661 Quo
1219 2585 1365 2652 tumultu-

297 2667 1358 2758 mmmmmmmmmfflfflmmmmmmm

297 2755 482 2820 concionem
494 2753 646 2820 advocari
649 2754 754 2840 jussit.
770 2753 825 2819 ubi
839 2777 938 2842 quum
952 2779 999 2834 ea,
1010 2779 1083 2859 quae
1098 2757 1328 2842 imperarentur
1338 2782 1360 2824 a

299 2842 464 2919 Romanis,
479 2842 681 2926 exposuisset,
696 2855 728 2907 et
748 2841 895 2928 graviora
909 2855 1001 2928 atque
1015 2843 1197 2932 rudigniora
1210 2843 1357 2928 quaedam

296 2927 376 2992 falso
386 2927 580 3005 adfinxisset,
592 2926 676 2992 etad
691 2927 824 3016 singula,
834 2950 920 2994 nunc
932 2931 970 2994 ab
981 2929 1144 3005 universis,
1153 2950 1239 2994 nunc
1250 2952 1270 2994 a
1283 2951 1357 3014 par·

268 3055 276 3061 -
297 3014 382 3088 tibus
396 3015 568 3090 concionis,
583 3012 855 3092 ”adclamaretum
871 3014 1084 3104 interrogarit,
1099 3014 1184 3089 Quid
1192 3037 1223 3080 se
1232 3037 1358 3100 respon·

298 3103 422 3165 deread
431 3122 478 3178 ea,
488 3099 877 3185 autquidfacerevellent?
895 3100 1285 3187 Propcunavoceomnest,
1295 3102 1358 3168 Ni·

298 3188 346 3250 tit
354 3188 546 3270 respondere,
558 3186 666 3249 bellum
673 3186 932 3274 gerijuaserunt.
948 3201 979 3251 et
989 3209 1049 3272 pro
1060 3209 1092 3252 se
1102 3186 1244 3275 quisque,
1254 3188 1361 3275 qualia

298 3271 471 3338 multitudo
485 3271 576 3351 solet,
590 3270 710 3335 bonum
725 3271 866 3335 animum
880 3271 1007 3350 habere,
1023 3284 1055 3338 et
1075 3273 1157 3338 bene
1171 3295 1297 3360 sperare
1305 3275 1360 3361 ju·

298 3358 527 3443 bentesfortes
539 3357 706 3444 firtonum
727 3356 885 3506 arip‘uuare,
901 3358 1036 3438 aiebant.
1081 3359 1146 3424 His
1159 3359 1288 3426 vocibus
1310 3363 1359 3426 in-

298 3443 411 3512 citatus
425 3457 588 3530 tyrannus,
597 3455 629 3507 et
640 3442 758 3507 Antioc
783 3463 837 3508 um
848 3443 1360 3534 AEtolosqueadjuturospronun-

297 3529 380 3610 ciat3
403 3544 435 3596 et
456 3528 515 3594 sibi
531 3530 570 3594 ad
594 3527 790 3593 obsidionem
812 3531 1025 3598 sustinendam
1045 3532 1210 3619 copiarum
1229 3531 1362 3600 adfatim

297 3639 376 3682 esse.
422 3614 594 3680 Exciderat
615 3615 703 3700 pacis
721 3615 842 3680 mentio
856 3640 896 3682 ex
909 3619 1050 3686 omnium
1064 3619 1189 3696 animis,
1204 3630 1237 3684 et
1250 3621 1285 3684 in
1298 3632 1361 3686 sta·

297 3703 399 3768 tiones
419 3720 486 3767 non
505 3701 597 3767 ultra
609 3701 747 3788 quieturi
761 3700 955 3768 discurrunt.
1001 3704 1181 3771 Paucorum
1206 3705 1361 3770 lacessen-

297 3789 377 3854 tiu'm
392 3789 540 3854 excursio
554 3799 587 3852 et
601 3787 712 3852 emissa
727 3788 836 3874 jacula
857 3789 1017 3876 extemplo
1030 3802 1082 3882 etr
1099 3791 1253 3895 &panis
1266 3790 1359 3857 dubi·
1406 3814 1408 3819 ·

530 3925 1193 4012 nmmmrmffl,

330 4092 361 4134 at
380 4086 481 4136 Tartara
491 4095 585 4136 tentam
596 4088 704 4154 argutati]
719 4091 812 4138 Marcet
844 4096 869 4140 at
880 4092 910 4138 in·
920 4092 1003 4142 ceteris
1017 4091 1098 4149 rebus,
1108 4095 1134 4139 et
1144 4089 1267 4154 speeiffim
1278 4086 1308 4136 td
1322 4100 1361 4134 ar·

297 4157 414 4200 nostrate·
427 4159 500 4204 9875.
518 4155 701 4216 Quiaqttaginta
714 4154 813 4204 rotata.
844 4169 903 4203 cana
913 4157 1022 4218 tegenda.
1072 4199 1074 4206 .

296 4219 538 4268 Marciacum-cum
550 4219 746 4280 quatuorunclit.
877 4229 909 4270 30
925 4219 1119 4285 Acclamareiur]
1145 4224 1189 4270 Per
1212 4216 1363 4281 ,indlgmllo-

328 4279 481 4346 aarVaate]
496 4285 577 4336 Quum
594 4281 723 4331 satellitum
736 4285 811 4344 regic-
846 4299 907 4334 uem.

296 4359 349 4397 rum
366 4347 462 4412 ingenia
476 4363 542 4397 rann
556 4351 586 4395 ct'
597 4350 664 4398 fluxe
682 4347 736 4396 lidc't
752 4348 811 4409 sint,
