3104 4976
238 191 363 254 ,ome
689 171 816 255 'Ttul
843 171 986 246 Ltvir

143 349 211 420 ussc
225 376 282 422 sss.
301 359 398 438 perte
409 333 507 428 Acie,
522 351 632 434 quique
653 349 693 412 ub
715 349 835 434 regibus
853 353 1013 426 uenissent,
1030 347 1198 434 audissent,
1241 347 1307 418 Hae
1320 349 1375 416 Iev‘

32 473 36 476 ·
142 439 173 484 A·
186 439 213 484 θ·
229 443 282 488 ¹9³·
349 438 450 512 tiones
465 456 485 499 e
500 437 537 502 C.
555 435 722 500 Scribonio
743 448 880 520 preetore
903 437 1025 500 urbano
1046 437 1080 498 in
1099 450 1247 501 senatum‘
1265 439 1365 502 intro·

331 535 413 589 uctae
426 535 515 597 sunt;
541 521 737 608 benigneque
751 523 897 586 omuibus
915 543 1112 606 responsum.
1150 524 1233 588 Cum
1249 524 1367 588 Antio-

306 611 369 676 cho
394 609 469 695 quia
494 608 620 693 longior
643 608 830 693 disceptatio
854 622 930 684 erat,
951 608 1059 673 decem
1085 609 1205 696 legatis,
1228 631 1376 696 quorum*

306 719 379 782 pars
394 695 427 758 in
442 693 527 772 Asis,
544 707 598 758 aut
613 694 824 780 Lysimachiae
844 693 929 778 apud
951 702 1057 782 regem
1072 693 1206 772 suerent,
1221 696 1366 782 deiegute

306 796 361 848 est.
406 779 447 846 T.
464 779 617 860 Quinctio
640 781 836 857 mundatum,
862 795 909 860 ut,
933 779 1082 846 adhibitis
1112 780 1197 863 iis3l
1238 792 1363 846 storum

306 869 388 953 regis
410 867 508 932 verbu
532 867 667 944 audiret,
690 866 956 953 responderetque
977 866 1026 944 iis,
1052 889 1124 954 quse
1147 889 1187 932 ex
1198 805 1367 956 &dignitate

305 969 401 1042 utque
416 953 550 1018 utilitate
563 953 674 1039 populi
690 953 826 1017 Romani
847 953 1031 1038 responderi
1052 963 1189 1038 possent.
1232 953 1366 1042 Menip-

305 1064 366 1127 pus
381 1051 413 1106 et
436 1039 640 1128 Hegesianax
663 1041 822 1126 principes
843 1042 939 1126 regies
960 1039 1125 1128 legationis
1148 1052 1247 1106 erunt.
1271 1041 1367 1106 exiis

141 1131 225 1178 ⁰ffi2i⁰
234 1133 296 1194 ΙΨ·
307 1128 489 1212 Menippus,
504 1129 657 1212 Iguorare
681 1147 723 1207 se,
738 1125 829 1202 dixit,
843 1129 990 1212 quidnam
1009 1129 1155 1210 perplexi
1174 1148 1230 1192 sua
1251 1129 1370 1213 legatio

141 1202 219 1311 {iffi
231 1197 281 1244 ΑΨ
304 1216 439 1290 iuberet,
460 1235 549 1298 quum
572 1212 843 1296 simpliciterfflud
863 1215 1030 1276 amicitiam
1050 1215 1215 1296 petendum
1230 1213 1375 1298 jecmgene'

216 1294 223 1308 '
305 1303 433 1386 dumque
447 1301 619 1364 societatem
639 1301 798 1365 venisseut.
843 1301 919 1363 Esse
940 1308 1042 1363 autem
1056 1301 1122 1362 tria
1132 1319 1249 1385 genera
1259 1301 1369 1384 sude·

303 1409 380 1465 rum,
397 1387 503 1472 quibus
518 1388 601 1449 iuter
613 1407 645 1451 se
653 1387 883 1467 paciscerentur
896 1387 1052 1449 amicitias
1061 1387 1201 1450 ciuitates
1214 1406 1377 1470 regesque*

234 1499 236 1504 ·
308 1475 430 1554 Unum,
441 1493 529 1556 quum
544 1472 622 1535 bello
636 1474 725 1536 uictis
740 1473 913 1536 dicerentur
926 1474 1015 1557 leges.
1037 1471 1090 1534 ubi
1110 1475 1189 1536 emim
1204 1475 1307 1536 omniu
1322 1475 1378 1550 ei,¹

302 1561 358 1644 qui
371 1561 467 1623 armis
484 1559 556 1641 pius
565 1567 678 1641 posset,
694 1559 801 1623 dedite
818 1567 924 1636 esseut,
941 1577 1009 1642 qua
1022 1580 1062 1621 eu
1076 1558 1116 1621 iis
1129 1557 1240 1622 haime
1261 1561 1364 1636 uictos,

303 1647 410 1731 quibus
423 1645 551 1709 multari
565 1666 614 1708 eos
628 1646 713 1725 uelit,
730 1643 889 1726 ipsiusjus
899 1653 992 1727 atque
1005 1644 1168 1708 arbitrium
1183 1665 1254 1708 esse.
1277 1644 1365 1709 Atte-

301 1729 379 1810 rum,
396 1752 484 1817 quum
493 1753 591 1814 pares
605 1731 681 1794 delio
700 1730 913 1814 aquosoedere
928 1733 962 1794 im
970 1751 1079 1812 pacem
1093 1739 1183 1815 atque
1196 1732 1366 1795 amicitiam

210 1833 215 1846 ¹
302 1821 450 1883 uenirent.
473 1827 544 1881 tuuc
558 1819 637 1880 emim
648 1818 748 1899 repeti
757 1817 903 1900 reddique
909 1837 969 1898 per
982 1819 1275 1895 conuentiomemres,
1288 1827 1328 1895 et,
1337 1820 1371 1881 si
1476 1843 1480 1850 ¹

301 1925 430 1989 quarum
445 1903 570 1967 turbata
581 1903 658 1965 betto
668 1903 816 1984 possessio
825 1905 877 1978 sit,
889 1923 941 1966 eus
951 1911 1006 1965 cut
1020 1923 1058 1965 er
1059 1903 1203 1988 formeria
1206 1901 1295 1987 juris
1308 1923 1368 1967 au·

199 2003 204 2014 ’
301 1992 390 2075 tiqui,
407 1999 462 2052 cut
476 2011 514 2052 eu
522 1990 629 2071 partis
637 1989 793 2072 utriusque
802 1990 952 2052 commodo
962 1991 1109 2072 componi.
1158 1989 1295 2053 Tertium
1306 2009 1370 2055 esse

297 2097 404 2160 gemus,
420 2077 519 2160 quum,
530 2075 584 2158 qui
597 2075 694 2138 hostes
709 2095 869 2158 numquam
871 2075 1011 2159 suerint,
1023 2076 1067 2137 ud
1076 2075 1246 2139 amicitiam
1257 2077 1368 2140 sociali

287 2162 415 2246 foedere
429 2163 511 2225 inter
524 2159 752 2246 sejungendum
763 2165 882 2224 coiuut.
894 2181 943 2224 eos
954 2181 1049 2244 meque
1059 2163 1170 2238 dicere,
1182 2181 1278 2246 neque
1286 2165 1367 2228 ucci-

293 2253 373 2331 pere
386 2249 482 2332 leges·
507 2248 543 2310 id
556 2247 636 2310 euim
651 2246 775 2310 uictoris
789 2255 818 2311 et
833 2249 907 2310 uicti
921 2269 992 2312 esse.
1035 2249 1090 2311 Ee
1104 2267 1139 2311 eo
1149 2269 1264 2332 gemere
1276 2269 1366 2332 quum

301 2334 471 2398 Antiochus
485 2343 572 2409 esset,
586 2332 734 2397 9⁹mirari
743 2355 785 2410 se,
800 2334 882 2416 quod
895 2334 1033 2398 Romami
1045 2327 1162 2418 equum
1175 2343 1326 2414 censeant,
1336 2337 1367 2400 ei

299 2421 379 2504 leges
393 2421 504 2498 dicere,
520 2440 597 2505 quus
607 2419 695 2483 Asiae
704 2419 823 2484 urbium
834 2419 948 2484 itherus
961 2430 991 2483 et
1006 2421 1153 2501 immunes,
1164 2441 1240 2504 quas
1249 2421 1366 2502 stepen-

300 2507 423 2570 diarius
437 2527 498 2571 esse
507 2523 508 2526 ’
517 2507 613 2570 uelint
618 2539 630 2578 ,·
655 2525 731 2589 quas
744 2507 866 2570 intrare
876 2507 1029 2588 presidia
1043 2507 1132 2590 regia
1145 2525 1302 2591 regemque
1315 2527 1366 2572 ue-
1438 2582 1447 2592 ,

300 2601 376 2657 tent.
409 2593 484 2658 Cum
515 2593 663 2674 Philippo
686 2592 766 2655 emim
792 2591 876 2656 hoste
899 2613 1018 2674 pacem,
1044 2613 1106 2656 mom
1128 2613 1192 2656 cum
1214 2591 1370 2658 Antiocho

150 2707 152 2711 ·
300 2680 398 2742 amico
411 2678 674 2761 societatisfoedus
688 2679 735 2740 ita
749 2678 1027 2743 sanciendumesse.

136 2763 284 2840 &turgum
346 2763 474 2829 LVIII.
497 2762 552 2828 Ad
566 2785 603 2827 es
618 2762 809 2839 Quinctius:
836 2762 989 2835 &muium
1011 2764 1094 2828 uobis
1108 2765 1251 2830 distimcu
1268 2785 1368 2852 ¹agere

137 2827 254 2879 ⁰⁰¹⁰⁰⁸¹¹'
300 2851 384 2929 libet,
400 2860 431 2914 et
440 2871 557 2936 genera
562 2849 794 2934 jungendorum
808 2850 1012 2914 amicitiarum
1026 2871 1212 2930 enumerare,
1225 2873 1281 2938 ego
1291 2875 1365 2937 quo-

299 2959 357 3022 que
371 2940 449 3002 duas
463 2938 652 3010 conditiones
660 2957 790 3020 ponam,
804 2945 895 3001 ectru
908 2957 985 3020 quas
995 2937 1110 3000 muium
1124 2959 1187 3001 esse
1199 2939 1268 3022 regi
1286 2959 1365 3002 nun-

298 3025 386 3088 eietis
407 3024 555 3087 amicitiae
568 3044 633 3086 cum
650 3025 769 3105 populu
784 3021 924 3086 Romame
933 3021 1114 3107 jungendae.
1146 3023 1256 3106 Unam,
1267 3026 1297 3088 si
1310 3045 1367 3090 mos

298 3112 389 3186 uiuit,
402 3111 484 3194 quod
496 3111 541 3172 ad
553 3107 640 3172 urbes
655 3109 742 3181 Asiae
755 3109 886 3184 adtinet,
895 3129 1005 3172 curare
1019 3111 1104 3189 velit,
1112 3119 1151 3182 ut⁴
1160 3118 1190 3174 et
1203 3109 1269 3198 ipse
1281 3114 1366 3176 omni

298 3199 430 3280 Europa
445 3195 610 3259 abstineut.
628 3196 768 3274 alteram,
783 3196 812 3258 si
832 3217 863 3259 se
886 3195 940 3257 iiie
953 3194 1163 3277 Asiaefiuibus
1184 3217 1252 3260 uom-
1268 3199 1366 3261 conti·
1425 3195 1432 3207 ¹

298 3292 382 3360 meat,
397 3291 428 3346 et
442 3283 476 3346 iu
487 3282 648 3363 Europum
669 3282 877 3361 trausceudat,
892 3289 926 3344 ut
947 3289 977 3344 et
989 3279 1200 3365 Romamisjus
1213 3285 1265 3362 sit,
1278 3282 1368 3350 Acte

330 3507 814 3573 ostatumtctrtampuertemjmgm·
846 3512 924 3572 prima
942 3512 1005 3574 qued
1021 3523 1068 3558 mart
1083 3508 1233 3558 dercemdmet
1248 3507 1367 3567 Μόνηιιο,

297 3573 553 3638 dumqueeocietutem]
564 3577 599 3624 Ut
610 3589 662 3635 que
678 3577 756 3624 vernis
764 3579 814 3637 jem
851 3577 901 3640 (eui
922 3591 1016 3638 quoque
1034 3578 1087 3624 loco
1106 3576 1265 3636 corruptionis
1283 3577 1368 3620 notem

297 3647 411 3702 usurpate
429 3642 517 3702 pridem
528 3649 579 3688 erat
594 3642 656 3688 inter
667 3643 815 3690 Antiochum
848 3643 956 3700 effingere
988 3642 1065 3690 voluit
1102 3637 1251 3698 (iconomus)
1289 3643 1315 3686 et
1350 3642 1367 3686 Ι.

296 3703 458 3770 populumque
469 3708 603 3754 Romanum
615 3707 720 3754 amicius
736 3720 763 3755 sc
777 3721 817 3754 so·
848 3707 968 3755 XXXVI.
980 3722 1002 3754 c.
1013 3712 1053 3754 ⁴1.
1063 3706 1150 3768 Magis
1160 3707 1249 3753 mirari
1260 3719 1295 3762 ee,
1306 3705 1370 3766 quod

294 3771 377 3830 cietur,
389 3771 477 3818 ioedere
488 3785 581 3834 quoque
592 3773 731 3819 firmaretur.
755 3773 815 3819 Haec
847 3773 954 3834 merjam
964 3773 991 3818 im
1001 3774 1064 3819 Acie
1075 3778 1151 3818 esseut
1162 3771 1283 3824 Romanis
1301 3770 1384 3815 Uice.'

295 3835 359 3883 diets
378 3837 485 3898 Mequpi
503 3838 557 3885 ideo
574 3838 607 3884 sic
624 3837 815 3899 interpretamur,
847 3850 875 3883 ro
898 3852 947 3886 nou
965 3839 1037 3884 semel
1059 3838 1165 3884 eumdem
1185 3835 1296 3896 loquendi
1315 3833 1367 3880 sor-

295 3902 351 3962 quIe
370 3915 442 3962 supro
461 3901 702 3950 xxx11.s.soctus
720 3903 770 3962 jam
790 3907 814 3949 et
847 3915 910 3950 mem
928 3903 1059 3964 usurpavit.
1093 3903 1132 3948 Sic
1147 3905 1163 3949 l.
1181 3901 1250 3948 XVI.
1266 3900 1296 3947 sd
1312 3899 1367 3944 Ate.

294 3968 383 4014 smieus
398 3981 413 4013 u
429 3971 514 4014 renutu
531 3966 666 4015 Antiochus
682 3969 814 4032 appellatus
846 3981 884 4028 ep.
895 3969 939 4014 uit.
952 3969 1007 4014 Nou
1018 3967 1099 4014 dubito
1115 3969 1173 4029 quim
1189 3967 1285 4023 mirere,
1296 3969 1368 4025 atque

294 4037 339 4080 est.
357 4032 426 4088 ¹Vid.
438 4037 463 4080 ct
474 4034 536 4080 infru
546 4033 665 4081 xxxvt.
676 4039 701 4079 8.
802 4085 805 4090 ,
846 4033 1081 4086 etiamstmnucdere,
1094 4030 1368 4094 quodtecumdeeadem

303 4109 307 4114 '
326 4103 358 4146 29
375 4098 511 4157 Mircurius,
526 4099 588 4160 quod
603 4099 707 4144 nonme
721 4109 814 4158 equum
846 4113 872 4146 re
883 4113 955 4159 agam
965 4093 1066 4158 cepisti:
1083 4103 1108 4142 et
1126 4098 1142 4143 Ι.
1160 4097 1192 4144 tt.
1205 4099 1234 4144 de
1245 4094 1327 4143 Dicin·
1339 4107 1364 4142 n.

294 4159 415 4226 censeant]
433 4165 506 4210 Hanc
519 4164 662 4210 locutionem
681 4169 814 4224 suspectum
848 4164 1069 4210 ⁵1.cetomiract
1091 4177 1116 4207 re
1130 4162 1219 4220 aiem,
1241 4160 1303 4224 quod
1319 4164 1368 4204 edre

294 4228 378 4275 hebuit
398 4231 548 4276 GronovIus:
566 4230 605 4274 sed
621 4229 746 4274 immerito.
780 4229 815 4274 Ut
847 4228 935 4274 rideret
956 4242 1068 4288 aruspex,
1090 4228 1222 4290 aruspicem
1241 4237 1313 4290 qurum
1329 4225 1368 4270 ui-

293 4293 356 4339 enim
373 4295 511 4341 omittemus
529 4293 614 4339 nmilia
631 4307 724 4353 prorsus
736 4305 813 4338 exem·
847 4293 926 4340 disset.

293 4354 333 4419 pls
349 4359 412 4418 apud
425 4364 542 4415 nostrum,
555 4360 570 4404 l.
585 4358 615 4404 11.
628 4373 650 4404 c.
663 4364 700 4404 54.
721 4357 814 4404 Mirari
832 4357 838 4381 ‘
