3126 4978
433 201 527 261 ura.
555 201 682 262 xxxv.
708 177 804 262 cun.
832 201 962 261 xuvu.
1152 209 1221 273 *aar

155 360 300 440 suadere,
318 373 361 439 ut,
381 366 687 430 salua-Romanorum
708 367 859 441 amicitia,
872 384 972 450 regem
993 387 1108 452 quoque
1126 367 1217 434 adsu-
1226 373 1361 434 lic-⁵⁶⁰·

154 459 272 514 merent
283 452 394 516 socium
408 461 500 535 atque
509 455 646 516 amicum.
692 453 798 536 Neque
807 454 886 516 enim
896 472 960 515 eum
969 453 1124 538 inffereudi
1133 455 1215 531 belli,
1225 441 1256 488 Α
1269 442 1296 488 ⁰·
1308 444 1361 489 ¹⁹²·

156 537 211 598 sed
223 535 393 600 liberandae
409 536 551 614 Gracia
566 559 672 603 caussa
687 541 721 600 in
729 541 888 620 Europam
902 537 1056 621 trajecisse
1061 574 1073 612 ‚·
1098 550 1128 604 et
1139 541 1215 605 libe·
1280 571 1283 579 s

154 621 267 684 randa
279 622 340 699 rai
356 643 416 685 non
436 623 533 688 verbis
553 633 584 688 et
603 625 805 701 simulatione,
817 623 1056 709 quodfalsum
1069 625 1215 692 Romani.
1300 645 1305 664 ³

157 707 253 771 Nilril
274 717 373 772 aedem
398 710 505 774 utilius
522 708 655 774 Gracia
675 711 852 774 ciuitatibus
871 732 941 787 esse,
957 732 1046 794 quom
1060 721 1218 797 utramque
1303 721 1307 732 ‘

156 794 313 878 complecti
326 797 505 861 amicitiam.
528 797 666 860 ito-enim
681 795 720 859 ab
733 797 888 880 unumque
899 795 1126 879 injuriatutom
1140 802 1218 864 olte-
1298 875 1301 882 γ

157 881 224 943 rius
237 881 353 962 semper
360 883 512 963 prasidio
526 890 557 945 et
561 882 687 964 fiducia
689 881 779 964 fore.
824 881 906 944 Nam
920 884 949 946 si
962 903 1024 944 riou
1038 887 1218 967 recepissent

157 985 270 1050 regem,
284 967 430 1043 viderent,
443 969 519 1051 quid
527 969 709 1050 patiendum
724 969 764 1034 iis
777 969 1041 1050 eutemploforetr·
1049 991 1137 1053 quum
1153 971 1232 1036 uc.

156 1073 313 1116 manorum
328 1055 440 1135 procul
452 1053 613 1129 ancilium,
623 1054 721 1118 lastis
735 1055 910 1131 Antiochus,
926 1056 977 1117 oui
990 1057 1127 1119 resistere
1141 1059 1218 1122 uiri·

156 1138 210 1202 bus
223 1139 286 1202 suis
300 1159 361 1202 non
372 1147 504 1222 possent,
521 1148 594 1203 ante
601 1148 713 1221 portas
723 1149 806 1204 esset.
844 1139 897 1205 Ad
912 1137 982 1204 haec
994 1139 1120 1218 Mictio,
1135 1165 1218 1208 uuus

157 1223 420 1308 exprincipibus,
441 1225 564 1289 Mirari
587 1247 628 1301 se,
644 1222 737 1302 dixit,
759 1227 804 1288 ad
824 1247 898 1310 quos
918 1226 1091 1292 liberandos
1105 1228 1218 1294 Antio·

156 1311 239 1386 aleus,
249 1313 355 1375 relicto
368 1331 463 1396 reguo
475 1333 538 1387 suo,
554 1312 587 1374 iu
603 1311 762 1394 Europam
776 1311 953 1394 trajecisset.
999 1313 1125 1377 Nullam
1138 1319 1219 1380 emim
1331 1373 1334 1380 .

158 1397 313 1460 civitatem
330 1419 361 1460 se
375 1399 408 1460 iu
426 1395 553 1461 &acia
567 1418 662 1477 nosse,
677 1417 745 1480 quae
765 1406 821 1460 aut
831 1399 1013 1479 presidium
1027 1400 1149 1479 labent,
1164 1413 1219 1466 aut

158 1481 342 1566 stipiendium
356 1484 506 1547 Romanis
513 1483 644 1568 pendat,
659 1483 841 1566 autscadme
854 1485 961 1566 iniquo
974 1485 1126 1570 adligata,
1140 1509 1219 1572 quas

158 1570 250 1644 nolit,
261 1571 341 1654 leges
348 1571 505 1652 poliatur.
549 1570 656 1654 Itaque
667 1567 878 1632 Chalcidenses
888 1590 983 1652 neque
996 1573 1116 1635 uindice
1126 1573 1219 1640 liberr-

157 1656 236 1718 tatis
248 1657 311 1718 ullo
325 1670 437 1740 egere,
453 1675 541 1738 quam
552 1655 644 1719 liberi
651 1657 724 1730 siut,
736 1675 831 1738 neque
839 1657 1000 1737 prasidio,
1013 1677 1101 1738 quum
1110 1679 1219 1740 pacem

157 1739 287 1824 pusdem
295 1743 408 1824 populi
418 1741 556 1814 Romani
568 1741 709 1823 beneficio
722 1750 753 1804 et
765 1740 938 1804 libertatem
945 1741 1088 1806 labeant.
1132 1743 1207 1807 Ami
1209 1781 1220 1796 ·

159 1829 267 1890 citiam
287 1829 370 1912 regis
390 1848 452 1890 non
474 1829 670 1912 adspernari,
686 1847 780 1909 neque
802 1828 934 1909 ipsorum
949 1827 1134 1894 AEtolorum.
1151 1828 1222 1894 ⁶³id

155 1915 290 1995 primurm
311 1935 360 1978 eos
375 1935 436 1996 pro
457 1913 720 1998 amicisfacturos,
735 1912 764 1976 si
778 1914 1156 1998 recurrentiumque
1165 1917 1221 1978 ol·

160 2010 244 2064 aaut.
267 2021 338 2064 uam
352 2001 430 2082 apsis
443 2009 554 2068 certum
573 2021 644 2076 esse,
656 2021 717 2062 non
731 2000 817 2061 modo
831 2019 891 2061 non
912 2000 1047 2081 recipere
1065 2001 1219 2080 manibus,

158 2088 214 2174 sed
226 2107 265 2150 ne
277 2087 448 2173 societatem
462 2085 581 2170 quidem
595 2087 689 2150 mlum
697 2086 827 2167 pacisci,
839 2085 902 2149 nisi
912 2105 949 2148 er
958 2088 1144 2152 auctoritate
1153 2089 1220 2152 Ro·

160 2193 327 2239 manorum.

206 2258 355 2323 XLVII.
379 2258 462 2324 Hac
477 2259 661 2324 renunciata
683 2259 752 2346 regi
777 2257 819 2324 ad
847 2279 954 2340 naves,
974 2259 1029 2324 ubi
1054 2261 1220 2342 restiterat,

159 2366 260 2430 quum
274 2358 396 2420 essent3
419 2345 636 2430 inpraesentia
657 2351 774 2430 (nequa
795 2346 879 2408 enim
900 2345 937 2408 iis
960 2359 1087 2411 venerat
1100 2348 1217 2432 copiis,

159 2438 198 2495 nt
211 2432 244 2496 vi
257 2453 352 2514 agere
372 2430 544 2518 quidquam
567 2429 687 2516 posset)
703 2431 815 2495 reverti
830 2429 1068 2496 Demetriadem
1088 2432 1220 2519 placuit.

159 2518 217 2595 ibi,
231 2518 382 2604 ¹quoniam
404 2517 542 2603 primum
559 2539 673 2581 vanum
696 2517 877 2602 inceptumv
890 2518 1048 2598 evasisset,
1063 2520 1221 2584 consulta·

162 2625 286 2668 recum
300 2603 418 2668 AEtolis
430 2626 504 2684 rex,
521 2601 597 2689 qnid
619 2603 734 2667 deinde
756 2603 853 2668 fieret.
897 2603 923 2642 ⁵⁴
934 2604 1067 2681 Placuit,
1083 2605 1221 2671 Achaeos

159 2703 193 2755 et
208 2688 460 2777 Amynandrum,
482 2711 590 2774 regem
614 2687 843 2768 Athamanum,
857 2702 989 2755 tentaret
1034 2692 1220 2757 Boeotorum

160 2790 286 2863 gentem
302 2798 442 2841 aversam
456 2777 497 2841 ab
514 2775 666 2839 Romanis
673 2776 740 2860 jam
757 2774 831 2839 inde
845 2775 1094 2861 aA⁵Brnchyllae
1108 2792 1221 2857 morte,

160 2875 283 2949 etqua
304 2876 410 2927 secuta
433 2883 503 2926 eam
523 2859 658 2937 fuerant,
681 2860 861 2924 censebant.
904 2859 1095 2925 Achaeorum
1113 2862 1222 2930 Philo-

160 2967 339 3034 poemenem
353 2948 542 3034 principem,
558 2945 761 3012 aemulatione
774 2945 886 3032 gloriae
900 2944 933 3008 in
945 2945 1027 3010 bello
1043 2946 1221 3026 Laconum,

162 3034 310 3101 iniectum
338 3035 537 3121 invisumque
559 3055 625 3098 esse
649 3032 804 3110 Quinctio
833 3031 1013 3097 credebant.
1057 3034 1222 3118 Amynan·

162 3121 220 3186 der
242 3142 376 3186 uxorem
399 3121 580 3206 Apamiam,
597 3119 693 3183 filiam
709 3117 884 3183 Alexandri
898 3119 1061 3205 cujusdam
1078 3118 1222 3207 Megalo·

159 3207 304 3294 politani,
329 3207 483 3272 habebat:
539 3207 582 3284 ui,
603 3228 636 3270 se
660 3205 831 3270 oriundum
853 3228 873 3269 a
894 3203 1019 3293 Magno
1039 3204 1223 3271 Alexandro

159 3293 276 3374 ferens,
291 3293 364 3358 filiis
384 3294 510 3359 duobus
554 3291 710 3376 hilippum
733 3307 827 3378 atque
848 3291 1077 3370 Alexandrum,
1093 3305 1126 3357 et
1146 3292 1222 3361 filiae

161 3381 337 3465 Apamiam
348 3379 478 3445 nomina
492 3378 689 3462 inposueratz
712 3399 818 3463 quam,
835 3377 929 3464 regiis
942 3378 1081 3443 inolitam
1093 3380 1222 3465 nuptiis,

163 3469 266 3552 major
290 3486 330 3532 ex
352 3465 502 3534 fratribus
525 3463 692 3549 Philippus
718 3477 840 3528 secutus
865 3465 899 3528 in
923 3465 1150 3532 Athamaniam
1172 3465 1222 3532 fu-

162 3567 241 3617 erat.
276 3552 523 3634 Hunc,fortein
586 3550 617 3614 io
626 3572 752 3627 vanum,
763 3548 865 3625 AEtoli
874 3565 905 3614 et
915 3550 1090 3616 Antiochus
1099 3553 1223 3640 inpule-

162 3650 236 3704 rant
250 3639 283 3702 in
298 3661 397 3722 spem,
411 3573 660 3725 &quodisnvem
679 3658 790 3723 regum
811 3635 916 3720 stirpis
937 3650 1026 3715 esset,
1041 3640 1132 3725 regni
1150 3637 1222 3704 Ma·

196 3777 204 3809 ῑ
218 3777 356 3837 trajecisse,
373 3777 502 3824 liberanda
512 3791 565 3823 uera
575 3791 601 3824 re
611 3775 687 3823 Gran.
699 3775 765 3822 cren.
841 3779 853 3806 ¹¹
864 3775 972 3840 indigere
982 3775 1046 3823 Eaed.
1129 3781 1141 3809 V
1152 3781 1224 3826 inane

162 3847 266 3905 captum
273 3843 337 3890 Eaeu.
725 3865 729 3868 ·

197 3957 293 4007 ns'Id
302 3963 411 4022 primum
431 3958 479 4025 eor]
501 3961 556 4008 vid.
574 3964 625 4010 not.
647 3962 677 4009 ad
709 3962 742 4008 rit
763 3957 864 4020 AElolos,
886 3966 915 4008 ut
934 3961 1044 4020 Boeotas,
1065 3947 1177 4019 Achaea,
1198 3966 1248 4026 et⁸
1286 4015 1289 4026 Ι

163 4023 260 4071 XXIV.
273 4031 314 4075 47.
416 4025 418 4034 “
709 4027 889 4087 Amynandrum
908 4031 1039 4084 mutarent,
1051 4030 1076 4073 et
1092 4026 1148 4086 quid
1159 4027 1223 4085 apud

197 4089 344 4137 saetacum
371 4092 470 4140 Aeliam
499 4099 523 4137 et
552 4091 677 4152 Amymoni-
710 4090 1044 4148 singuloseornniaffecedut·

164 4150 247 4219 mm]
261 4155 432 4204 ==Cartissimuni
452 4161 497 4211 ert,
517 4157 580 4218 quod
597 4157 678 4204 obuer-
738 4152 1093 4221 sauroctyrtaenorm1vmm
1101 4149 1223 4200 xxxnx.

165 4220 231 4268 vuvit
241 4221 388 4281 Perizonius,
399 4223 510 4270 acidiora
526 4222 565 4270 hio
576 4223 678 4272 Beatos.
711 4227 876 4284 adlectum.
1144 4269 1147 4276 ,
1178 4231 1181 4240 ’

163 4285 220 4332 Hoc
230 4286 333 4346 probent
343 4301 371 4334 ea
382 4302 434 4348 qua
441 4292 581 4348 sequnntur,
590 4290 617 4335 in
625 4289 677 4348 qni·
745 4291 776 4336 56
794 4289 865 4344 Quod
873 4289 895 4334 is
904 4299 958 4334 aare
967 4298 1051 4347 regum
1060 4284 1145 4343 atirpr‘r
1154 4279 1225 4344 esset]

162 4349 330 4401 bastiniaco
346 4358 464 4412 munstar,
478 4358 502 4402 ut
513 4355 572 4415 quid
580 4353 679 4416 impule·
713 4353 760 4400 His
772 4351 849 4400 verbis
866 4366 915 4400 nou
930 4365 967 4399 ras
988 4351 1128 4408 affirmatur,
1137 4347 1177 4395 sed
1188 4361 1226 4394 re·

764 4425 820 4497 93
