3042 4954
377 231 469 294 tm.
491 226 625 294 xxxu.
652 235 755 296 can.
777 215 924 300 ixxw.
1145 233 1179 302 a

19 442 21 481 ,
111 395 250 472 reticere,
267 393 407 480 aiunon
420 415 479 481 quo
493 401 659 485 quidquam
672 401 728 488 ag'ri
733 411 824 486 putet
839 425 879 467 eo
894 405 1060 490 conloquio,
1075 406 1131 470 sed
1141 417 1217 474 neu,
1229 421 1256 468 c.
1266 425 1321 481 sss.

18 488 19 497 ’
109 500 199 565 quem
214 484 369 546 sociorum
390 487 536 550 dicentem
552 489 734 571 interpellet.
782 489 888 574 Neque
897 491 935 554 de
944 503 1098 574 pctceeum
1106 486 1216 578 fide*
1230 483 1257 533 ⁰·
1269 488 1330 538 ¹⁹⁷·'

107 570 300 652 Philippum
313 585 418 654 ogere,
429 593 524 656 neque
534 573 613 636 bella
624 575 821 640 aeramrtute
833 593 971 660 tunquam
978 581 1115 662 gessisse.
1136 579 1178 644 In

107 657 284 740 conloquiis
303 659 457 722 inuidiari
473 669 504 722 et
523 669 669 742 emutare:
693 664 727 725 in
751 661 828 725 bello
850 683 912 726 non
929 665 1074 748 congredi
1092 685 1178 750 aquo

106 763 227 824 rampo,
241 765 343 828 neque
356 747 488 810 conlutis
506 747 604 831 siguis
618 749 775 828 dimicare,
789 747 843 814 sed
859 749 1057 834 refugientem
1073 754 1177 816 incen'-

107 830 381 912 dereaodiripere
390 833 485 908 arbes,
496 833 711 898 etuineentium
715 836 963 918 proemiooiotnn
971 853 1175 922 conrumpere.

107 917 152 978 Ae
163 935 232 978 non
247 917 295 981 sic
308 919 451 1002 antiquos
462 919 668 983 ‘Macedonum
681 941 776 1006 reges,
791 923 847 985 sed
857 923 925 984 acie
934 921 1049 987 bellare
1061 925 1175 1000 solitos,

107 1002 235 1066 orbibus
253 1025 397 1085 parcere,
424 1015 569 1089 quantun
590 1001 722 1088 possent,
744 1027 802 1092 quo
823 1009 994 1090 opulentius
1013 1012 1175 1092 'imperium

107 1087 270 1153 baberent.
316 1089 401 1153 Non
423 1094 461 1154 de
482 1111 606 1174 quonum
623 1095 812 1176 possessione
832 1095 991 1159 dimicetur
1012 1099 1173 1174 tollentem,

108 1175 191 1238 nibil
203 1175 270 1239 sibi
274 1185 395 1258 preater
408 1177 514 1241 bellum
528 1181 709 1264 reuinquere,
722 1182 803 1263 quod
814 1182 971 1244 eonsilium
986 1187 1073 1246 esse?
1096 1185 1174 1247 Plu-

108 1282 156 1324 res
164 1263 283 1343 priore
297 1283 382 1325 anno
393 1267 538 1328 sociorum
552 1266 640 1329 urbes
654 1268 688 1330 in
707 1267 867 1331 Thessalia
882 1277 1031 1333 evastasse
1049 1269 1173 1352 putup-

104 1367 187 1428 pum,
201 1369 297 1432 quarn
312 1369 420 1426 onnes,
436 1352 491 1436 qui
503 1373 641 1435 umquam
655 1354 752 1416 hostes
768 1353 937 1416 Thessalia
938 1354 1077 1440 fiterint.
1098 1355 1178 1438 ipsis

108 1453 224 1518 quoqrre
240 1435 361 1499 AEtniis
373 1457 438 1499 eum
446 1438 543 1520 plura
556 1440 676 1514 socium,
692 1459 783 1522 quom
796 1440 907 1502 bostem
922 1442 1080 1505 ademisse·
1106 1443 1172 1526 nu

110 1521 301 1596 simaebium,
319 1525 410 1604 pulso
426 1533 564 1604 prestare
588 1533 619 1586 et
637 1525 791 1606 prasidio
809 1525 994 1602 AEtolorum,
1015 1548 1173 1610 ocapasse

110 1627 183 1671 mm.
231 1604 357 1672 ¹1Cium
377 1610 448 1672 item
469 1631 531 1673 suee
553 1611 682 1674 ditionis
702 1609 955 1694 urbemfirnditus
976 1615 1116 1676 euertisse
1135 1634 1172 1676 ac

110 1695 231 1757 densa.
277 1693 396 1757 Eadem
395 1695 708 1779 staudeluabereeum
720 1696 843 1764 ,meaos
851 1696 996 1777 Plztltios,
1007 1699 1169 1776 Echinum,

112 1779 285 1856 Larissam,
301 1789 332 1844 et
347 1781 541 1845 Pharsalum.

152 1865 324 1934 XXXIV.
349 1865 461 1931 Motus
486 1865 628 1931 oratione
650 1866 825 1931 Alexandri
852 1866 1019 1956 Philippus
1046 1889 1167 1945 navem,
1177 1884 1324 1946 Responsum

111 1962 145 2014 ut
157 1951 374 2030 exaudiretur,
390 1954 521 2040 propius
542 1965 658 2018 terram
681 1953 843 2040 adplicuit.
888 1953 1006 2018 Orsum
1029 1977 1101 2018 eum
1120 1950 1289 2018 dial'hffirei·

111 2057 190 2116 cere,
212 2039 254 2102 'in
281 2039 416 2118 AEtolos,
443 2040 590 2116 maxime,
621 2039 783 2118 violenter,
815 2039 970 2114 Phaeneas
994 2040 1169 2120 interfatus,

112 2124 184 2188 Non
206 2127 243 2189 in
264 2127 364 2191 uerbis
384 2147 445 2190 rem
465 2129 555 2203 uerti,
571 2127 635 2191 ait:
657 2135 713 2190 aut
733 2128 810 2190 bello
832 2129 1018 2204 uincendum,
1035 2139 1090 2191 aut
1111 2151 1171 2193 nte-

110 2211 239 2276 lioribus
240 2215 415 2295 parendum
426 2235 497 2277 esse.
534 2216 676 2296 Adparet
686 2215 859 2298 idquidem,
874 2215 978 2300 inquit
991 2213 1172 2300 Philippus,

112 2299 201 2360 etiam
224 2319 326 2374 eacus
341 2300 467 2384 jocatus
488 2300 522 2363 in
541 2299 752 2364 vulemdinem
774 2299 947 2364 oculorum*
965 2299 1124 2378 Phaeneae,
1140 2315 1171 2366 et

112 2395 176 2448 erat
200 2384 343 2449 dicacior
363 2397 488 2462 natura,
504 2405 599 2470 quam
621 2395 726 2470 'regem
750 2385 850 2463 decet,
866 2396 899 2450 et
920 2407 962 2450 ne
986 2387 1069 2450 inter
1091 2389 1171 2451 seria

113 2470 238 2556 quidem
254 2471 324 2534 risu
340 2471 415 2534 satis
437 2483 625 2557 temperans.
670 2471 837 2560 Indignasi
857 2471 933 2536 inde
952 2474 1061 2557 coepit,
1077 2475 1170 2538 AEta-

32 2597 40 2608 ·
112 2559 161 2634 los,
187 2567 345 2642 tamquam
363 2557 529 2636 Romanos,
552 2559 658 2622 decedi
683 2557 810 2624 Gracia
823 2556 954 2643 jubere.-
977 2562 1040 2646 qui,
1065 2561 1172 2644 quibus

100 2645 217 2726 finibus
233 2643 367 2708 Graecm.
383 2645 432 2721 sit,
448 2647 548 2709 dione
568 2663 633 2726 non
645 2647 780 2727 possint·
821 2646 925 2730 Ipsius
945 2649 1024 2710 enim
1039 2647 1172 2712 AEtoliu

111 2731 248 2816 Agraeos,
263 2729 502 2815 Apodotosqud,
518 2741 548 2795 et
561 2732 867 2814 Amphilochos-qua
882 2753 1059 2817 permagna
1071 2755 1171 2805 eormn

106 2837 182 2900 pars
201 2819 255 2895 sit,
271 2817 425 2880 Gratiam
450 2839 511 2880 non
535 2839 605 2882 esse.
650 2818 713 2892 An,
730 2819 811 2899 quod
831 2839 852 2880 u
873 2818 962 2881 sociis
987 2830 1088 2880 eorum
1110 2839 1171 2880 non

111 2904 318 2981 abstinuerim,
323 2903 445 2986 justam
457 2906 609 2988 quereiam
626 2903 748 2977 babent,
765 2923 852 2987 quum
868 2902 931 2984 ipsi
938 2923 999 2984 pro
1013 2905 1079 2986 lege
1093 2905 1171 2966 burso

109 2991 282 3076 antiquitus
293 2999 420 3054 morem⁰
433 3001 560 3068 seruent,
572 3001 607 3053 ut
621 2991 764 3053 udomsus
774 2989 868 3052 socios
879 2989 942 3070 ipsi
954 3009 1032 3066 suos,
1043 2989 1170 3070 publica

109 3087 224 3142 tantum
238 3077 428 3150 auctoritate
441 3079 550 3152 demto,
556 3076 746 3160 juventutem
760 3093 845 3139 suam
859 3073 996 3138 militare
1009 3076 1125 3152 sinant,
1140 3083 1170 3138 et

107 3165 275 3228 contraria
282 3183 424 3246 persaepe
436 3165 519 3228 acies
532 3164 567 3227 in
580 3173 710 3246 utraque
717 3171 816 3244 parte
825 3161 966 3225 AEtolica
977 3161 1099 3225 onuilio
1113 3162 1170 3225 ba·

107 3251 223 3316 mont?
247 3249 358 3334 Neque
379 3272 434 3334 ego
457 3250 545 3314 Cium
563 3250 821 3334 eupugnuumed
833 3249 981 3312 Prusiam
1003 3249 1114 3312 socium
1140 3254 1170 3314 et

107 3340 234 3402 amioum
256 3335 480 3420 obpugnantem
501 3335 624 3420 atjuut:
646 3345 677 3399 et
687 3335 915 3420 lpsimaaltiam
934 3334 975 3398 ab
1002 3335 1172 3398 Thracibus-

105 3424 270 3488 uindioaui.
286 3424 348 3500 sed,
359 3424 436 3506 ,qun
449 3441 496 3486 me
509 3423 670 3486 necessitas
682 3423 727 3484 ad
739 3422 795 3484 boo
805 3421 913 3484 bellum
923 3443 944 3484 a
954 3422 1092 3485 custodia
1107 3421 1171 3504 ejus

104 3511 227 3588 oanis,
248 3509 519 3578 maecenatem.
547 3508 725 3576 ‘ErAEutis
737 3508 810 3575 lac.
843 3506 954 3574 Attalo
968 3516 1067 3572 autem
1082 3507 1169 3578 Rbo-

105 3599 224 3682 diisqne
236 3595 401 3680 rtibiljure
414 3596 515 3660 debeas
541 3616 603 3658 non
624 3595 705 3658 euim
718 3616 740 3658 a
760 3615 818 3672 me,
831 3595 886 3657 sed
898 3592 940 3656 ab
953 3595 1027 3669 illis,
1044 3596 1169 3676 princih

100 3687 185 3768 pium
211 3682 296 3748 belli
313 3689 411 3746 ortum
440 3691 493 3746 est.
538 3683 749 3770 Romanunm:
770 3689 870 3742 autem
898 3681 1024 3744 nonoris
1050 3699 1168 3757 caussa,

105 3770 246 3835 Peraeam
262 3766 410 3847 Rhodiis,
418 3779 448 3840 et
468 3791 560 3838 naues
573 3767 683 3835 Attalo
704 3789 769 3830 eum
790 3767 937 3848 captiuis,
948 3767 1001 3850 qui
1015 3788 1170 3850 compone·

104 3857 184 3936 ant,
197 3856 374 3920 restiterant.
418 3856 500 3920 Nom
515 3857 596 3940 prod
609 3855 653 3917 ad
667 3853 881 3935 Nicephorium
898 3853 1081 3936 Varronisque
1094 3863 1169 3916 tern-

99 3945 147 4026 pli
156 3943 382 4008 restitutionum
392 3944 512 4006 adtinet
517 3945 541 4016 ‚·”
554 3943 631 4025 quid
638 3961 675 4003 eo
684 3941 807 4004 restitui
810 3940 1037 4024 postulantibus
1045 3959 1168 4021 respon-

104 4031 212 4098 deam?
235 4028 311 4106 nisi,
324 4050 383 4113 quo
397 4050 458 4092 uno
472 4029 559 4092 modo
572 4027 635 4092 luci
647 4029 791 4110 silvaque
804 4047 889 4092 casu
899 4027 1021 4090 restitui
1028 4034 1168 4108 possunt,

191 4169 207 4198 Ἠ
223 4166 406 4230 Apodeotasque
415 4165 487 4214 Grau.
502 4167 569 4212 cmv.
642 4167 654 4193 ⁰
671 4161 734 4210 ianr
744 4178 832 4210 murem
842 4149 982 4225 antiquitus
992 4161 1058 4210 End.

103 4279 363 4340 miridunensem
375 4291 431 4334 gens
443 4277 619 4335 athenionis,
652 4255 752 4334 gebatur
768 4275 862 4322 Cbiurn.
897 4269 1126 4326 correxit‘sigonius
1139 4279 1166 4312 ex

102 4341 165 4402 psas
177 4347 263 4392 amicas
275 4351 338 4392 artes
350 4343 399 4390 iere
411 4343 569 4404 negligebant.
652 4337 758 4402 Polybio.

133 4406 267 4472 ostoun]
290 4408 475 4457 mereatoris
494 4409 618 4461 errore-le-

142 4491 212 4538 VOL·
230 4495 285 4539 111.
690 4490 712 4530 G
802 4521 805 4530 ,
