3104 4976
326 193 384 257 sss
509 255 515 274 ,
678 171 1065 255 'rrrr'nrurr¹

162 371 298 424 ωηεν.
323 367 403 425 num
417 355 652 442 Lacedaemone
675 369 755 439 eret,
769 357 879 445 pulsus
900 359 1004 426 iniens
1024 358 1235 448 ebLycurgo'
1249 363 1388 448 tyranno

160 439 191 490 Α
202 442 231 487 ⁰·
244 444 299 526 3⁹⁵·
318 460 397 603 papst
411 457 545 511 mortem
561 445 751 525 Cleomenis,
766 446 823 533 qui
835 447 959 531 primns
979 460 1133 534 tyrannus
1155 447 1388 514 Lecedaemorre

159 650 295 716 supensus
365 618 436 684 XX
444 617 518 683 Vll.
542 617 654 696 Quum
668 629 753 684 terre
776 617 918 706 merique
931 629 1055 684 tontum
1071 620 1146 684 belli
1166 620 1387 688 circumstaret
1479 597 1486 608 ⁵

159 716 266 776 tyranni.
322 717 504 792 tyrannum,
520 715 552 770 et
571 726 673 790 prope
693 703 781 769 nulls
803 725 873 790 spes
898 717 978 771 esset
999 727 1072 772 vere
1094 729 1165 772 sues
1184 706 1387 794 hostiumque

320 792 491 857 estimanti
512 792 618 869 vires·,
634 812 700 856 non
721 804 829 856 temen
852 792 958 857 omisit
980 791 1117 858 bellom:
1140 793 1275 858 sedete
1290 794 1388 859 Crete

319 877 407 944 mille
420 877 558 944 delectos
569 877 744 964 juventutis
763 899 874 943 eorum
889 879 1014 961 excivit,
1055 901 1130 945 oum
1150 880 1237 944 mille
1246 881 1314 966 jem
1331 881 1386 944 lro-

317 965 429 1032 beret:
452 975 485 1030 'et
507 965 568 1030 tria
590 964 690 1028 millia
712 964 980 1030 mercenariorum
995 987 1026 1028 rn
1064 980 1142 1042 turn,
1158 965 1268 1031 decem
1283 966 1386 1049 millis

344 1051 522 1134 opulerinm
538 1073 611 1117 cum
626 1051 652 1090 ⁸³
660 1050 835 1116 castellanis
856 1053 1030 1139 agrestibus
1044 1053 1077 1115 in
1092 1052 1188 1116 ermis
1202 1052 1331 1118 hebuit:
1353 1063 1386 1118 et

320 1071 403 1202 loma
416 1135 562 1223 valloque
585 1138 695 1203 urbem
710 1138 930 1204 communivit.
952 1151 994 1215 et,
1009 1161 1050 1203 ne
1070 1139 1147 1225 quid
1162 1139 1302 1206 intestini
1316 1161 1385 1204 mo-

284 1235 286 1240 '
319 1235 370 1288 tus
385 1226 533 1302 oriretur,
549 1237 636 1290 metu
657 1238 690 1290 et
704 1225 875 1290 acerbitate
890 1245 1056 1309 poenurum
1071 1225 1234 1290 84tenebat
1249 1227 1383 1304 animos,

345 1309 481 1389 nonium,
497 1324 534 1376 ut
549 1311 671 1376 salvum
685 1311 801 1376 vellent
822 1325 1004 1396 tyrannum,
1022 1333 1149 1396 sperare
1168 1335 1231 1376 non
1248 1324 1382 1396 poteret.

319 1334 431 1474 auum
443 1411 602 1483 suspectos
613 1397 768 1482 quosdam
777 1398 893 1462 civium
903 1397 1044 1475 haberet,
1056 1397 1178 1463 eductis
1189 1400 1222 1462 in
1232 1421 1383 1484 cumputo

317 1486 466 1550 omuibus
491 1486 603 1569 copiis,
619 1484 658 1569 (⁸⁵
667 1484 816 1550 Dromon
840 1483 909 1570 ipsi·
923 1485 1050 1566 vocent)
1075 1487 1185 1570 positis
1210 1487 1314 1562 ermis,
1342 1485 1384 1550 ud

318 1573 504 1638 concionem
518 1592 623 1636 rocem
633 1572 728 1657 jussit
738 1570 1012 1649 Lacedaemonios,
1023 1583 1118 1658 utque
1132 1593 1241 1636 eorum
1257 1571 1384 1636 concio-

317 1657 352 1722 ni
367 1657 515 1724 satellites
523 1671 662 1724 armatos
673 1657 892 1744 circumdedit.
914 1671 946 1722 et
960 1680 1062 1743 peuce
1077 1657 1235 1741 praelstus,
1253 1658 1386 1724 Citrsibi

316 1747 420 1810 omnia
434 1747 558 1810 timenti
568 1745 745 1828 caventique
753 1746 964 1828 ignoscendum
976 1745 1010 1808 in
1020 1746 1082 1809 tali
1088 1755 1222 1828 tmpore
1222 1746 1331 1830 soret.-
1353 1755 1385 1809 et

316 1833 450 1915 ipsorum
462 1832 587 1916 refferre,
596 1832 626 1896 si
639 1852 712 1914 quos
725 1840 875 1913 sumemus
886 1841 985 1896 status
993 1851 1130 1914 praesem
1142 1833 1383 1916 rcrremfoceret,

310 1918 476 2000 prohiberi
479 1919 596 1999 potius,
606 1937 645 1980 ns
654 1918 731 2000 quid
739 1918 844 1981 moliri
851 1919 983 2000 possint,
996 1939 1085 2002 quom
1093 1918 1208 2001 puniri
1217 1919 1383 1982 molientes.

316 2005 428 2088 Itaqroe
449 2005 593 2086 quosdam
613 2025 646 2068 sc
671 2005 705 2066 in
726 2005 864 2068 cuuodio
878 2004 1062 2080 habiturum,
1078 2007 1173 2068 dorem
1186 2026 1234 2080 ea,
1250 2025 1318 2088 qtae
1332 2007 1383 2068 in·

315 2099 383 2167 stet,
396 2099 556 2171 tempestas
564 2099 743 2172 pretereat.
786 2090 937 2162 Hostibus
950 2092 1088 2172 repulsis,
1102 2093 1135 2172 (a
1150 2091 1267 2174 quibus,
1282 2093 1311 2154 si
1320 2111 1385 2156 mo-

316 2176 357 2238 do
361 2177 505 2258 proditio
519 2177 667 2240 intestina
681 2177 758 2240 iotis
768 2185 922 2252 causetur,
934 2176 1033 2241 minos
1041 2178 1177 2260 periculi
1186 2177 1261 2256 esse)
1271 2187 1383 2241 estem·

309 2263 369 2344 plo
383 2283 433 2326 eos
446 2264 631 2328 emiseerrsm.
677 2261 746 2326 Sub
763 2261 834 2327 haec
849 2261 940 2326 citeri
955 2263 1086 2328 nomine
1107 2263 1271 2350 octogiuta
1283 2263 1384 2328 ferme

316 2347 498 2434 principum
518 2347 691 2435 juventutis
711 2350 821 2435 jussit:
843 2362 939 2434 etque
961 2371 1024 2428 cos,
1048 2363 1083 2414 ut
1104 2350 1239 2436 quisque
1260 2349 1301 2414 ad
1322 2371 1382 2414 no-

447 2489 524 2534 ⁸eseet
535 2487 597 2535 eires
604 2501 660 2536 euos
668 2486 816 2550 boetiumque
826 2488 967 2544 estimanti,
979 2501 1027 2534 nors
1037 2489 1082 2534 eto.
1095 2487 1169 2536 Gron·
1182 2487 1250 2534 Cres.

313 2599 408 2652 ‚ultimis
430 2602 576 2666 temporibus
602 2603 692 2664 Sparte
717 2603 832 2650 dominati
866 2606 924 2651 Post
947 2603 1083 2664 Lycurgum
1112 2603 1261 2663 tyrennidem
1291 2602 1381 2650 inserit

317 2671 382 2711 sunt.
416 2667 542 2725 Leonides,
553 2673 578 2714 et
593 2668 650 2724 Agis
662 2667 702 2714 ille
718 2669 786 2727 cujus
797 2670 832 2715 vi·
865 2669 1028 2720 Mecbenides.
1053 2667 1092 2714 oui
1117 2681 1131 2715 s
1151 2667 1330 2728 Philopoemene
1354 2667 1380 2714 in

316 2737 366 2776 tem
378 2732 474 2792 scripsit
491 2733 642 2791 Plutarchus,
658 2735 728 2780 simul
748 2747 831 2795 regne·
864 2735 945 2795 prelio
957 2733 1058 2793 quodem
1078 2734 1155 2779 occiso
1172 2732 1285 2779 successit
1295 2733 1382 2789 Nebis,

282 2803 291 2824 ⁸
316 2803 374 2843 runt
391 2797 454 2845 circe
469 2802 577 2859 tempore
589 2799 658 2859 primi
670 2800 754 2846 Punici
766 2800 830 2847 belli.
863 2801 930 2860 isque
948 2801 1057 2860 Pelopem
1076 2797 1182 2845 sustulit.
1214 2798 1275 2844 Hes
1293 2798 1380 2858 pertiso

315 2860 422 2911 leonio
441 2864 550 2912 abdicere
568 2872 650 2912 ooecto
666 2866 832 2914 Cleombrotus
864 2880 893 2912 ex
907 2865 970 2912 Plut.
987 2865 1013 2911 in
1029 2863 1104 2920 Aside
1120 2869 1145 2910 et
1162 2864 1297 2920 Cleomene,
1308 2867 1380 2922 etque

315 2927 449 2987 genereJue
463 2943 560 2985 reguum
574 2930 669 2976 invesit.
703 2931 833 2977 MoxLeo·
865 2931 936 2977 etiam
949 2930 1136 2989 Philopoemene,
1153 2928 1283 2990 purtimlex
1295 2928 1379 2989 Polyb.

312 2993 382 3039 uides
400 2995 525 3042 restitutur
542 3009 596 3042 cum
613 2995 715 3055 Ephoris
732 2995 757 3041 in
774 2997 831 3057 Agi-
864 2996 948 3057 pertint
961 3009 989 3040 ex
1000 2994 1106 3040 Diodoro
1117 2995 1286 3041 collectoennt.

314 3059 369 3106 dem
386 3060 532 3119 coujurevit,
549 3061 629 3120 quiin
645 3053 736 3108 circem
753 3065 831 3108 stren-
897 3060 1090 3108 seoccultare
1118 3055 1266 3120 agrestibrsr]
1293 3057 1377 3106 llotier

315 3125 412 3186 galetos
431 3131 484 3172 est:
499 3125 549 3185 ipse
567 3139 616 3172 non
635 3126 670 3172 ite
688 3127 764 3173 multo
776 3130 831 3187 poet
863 3131 891 3172 ut
899 3130 965 3185 petet
975 3139 1003 3172 ex
1015 3125 1045 3170 iis
1056 3139 1108 3185 quse
1120 3139 1175 3172 rnex
1183 3127 1321 3184 sequentur.

311 3189 386 3247 obiit,
397 3195 422 3236 et
434 3189 557 3238 Cleomeni
576 3191 635 3246 filio,
648 3191 682 3237 illi
700 3191 745 3250 ipsi
762 3191 830 3249 quus
896 3197 926 3236 ⁸4
947 3189 1049 3236 Tenebat
1072 3190 1172 3249 animos,
1195 3187 1318 3252 quoniam]
1348 3189 1379 3236 ln

315 3256 365 3301 vite
382 3255 484 3302 hebetur
501 3257 564 3316 epud
583 3256 748 3312 Plutarchum,
761 3270 830 3316 quem
862 3255 965 3317 vulgetis
984 3268 1046 3302 nors
1062 3256 1171 3316 periodus
1188 3255 1299 3316 incipite
1310 3268 1378 3314 voce,

314 3320 416 3380 priorum
441 3322 672 3372 tweoenouiorom
701 3327 830 3383 tyrannum
863 3321 982 3382 woroime.
1015 3321 1061 3368 Sed
1076 3321 1196 3368 motsrrde
1214 3320 1283 3370 nobis
1304 3320 1379 3366 inter·

282 3431 284 3435 .
315 3391 426 3432 numeret
452 3387 545 3444 Lirim,
563 3400 662 3447 regnum
683 3401 724 3448 per
745 3400 830 3434 monus
862 3386 962 3446 punctio
973 3386 1024 3433 viee
1034 3391 1077 3432 est.
1112 3385 1216 3433 Tmen
1229 3385 1322 3432 eninm
1332 3399 1381 3432 nte·

313 3451 419 3500 cncidit.
452 3451 831 3515 lsrictueebAntigcuoetllle·
863 3455 890 3496 te
900 3451 984 3506 Nebis,
996 3453 1108 3514 quonium
1117 3451 1142 3498 id
1152 3456 1381 3512 spuerempote·

313 3516 454 3573 sedenibus,
470 3517 497 3564 iu
513 3518 642 3578 AEgyptunr
662 3518 733 3576 fugit,
751 3519 831 3577 ibique
863 3523 913 3573 rat,
933 3531 1017 3578 nempe
1040 3524 1069 3564 et
1090 3515 1261 3564 hoedmomi
1286 3516 1379 3562 eduum

313 3587 370 3644 post
385 3581 515 3630 triennium
529 3583 610 3643 periit,
621 3583 693 3643 penlo
710 3588 766 3630 ente
785 3584 831 3630 ini·
863 3589 995 3645 tyrattnttm
1011 3583 1103 3630 oeten.
1137 3581 1252 3628 Noteode
1267 3581 1382 3641 loquendi

314 3647 376 3695 tium
395 3647 492 3694 ucundi
509 3648 593 3694 Punici
613 3649 676 3696 belli.
709 3650 772 3697 Tum
787 3649 833 3696 Ln-
865 3648 1055 3709 tormentcrum
1071 3654 1107 3695 ut.
1141 3647 1380 3706 Sedintelligendunt

314 3713 453 3763 eedemeeii
466 3726 566 3773 regnum
581 3714 832 3770 detuleruntsduse-
864 3718 911 3772 est,
934 3715 1129 3774 quemedmodorn
1159 3712 1307 3773 interpreteti
1340 3725 1380 3758 sn·

315 3778 409 3840 ripolim
424 3777 550 3834 infantem,
564 3783 674 3840 nepotem
687 3779 832 3828 cleombroti
864 3781 1078 3841 mus,perticulsnr
1096 3785 1125 3826 ot
1141 3778 1190 3840 regi
1210 3777 1325 3825 evoculs
1344 3777 1379 3836 td,
1455 3793 1458 3802 ’

314 3843 390 3900 illius,
400 3843 442 3904 qui
453 3842 582 3892 Leonidenr
599 3845 689 3905 pridem
700 3846 830 3907 expuleret,
864 3843 921 3891 lieet
940 3858 1070 3906 suppresse
1103 3844 1198 3892 Eodem
1211 3844 1282 3890 modo
1305 3841 1380 3901 expli·

314 3924 344 3959 ex
372 3910 552 3957 Romulidarum
580 3911 670 3971 stirpe;
697 3917 723 3960 et
745 3912 832 3972 Lycur·
864 3917 904 3956 cet
925 3911 1063 3958 Perizonius
1083 3910 1149 3956 hunc
1165 3908 1262 3956 Horetii
1283 3907 1377 3954 losum:

314 3989 381 4033 gum,
392 3975 511 4023 hominem
524 3976 662 4036 ignobilem,
676 3975 716 4036 qui
732 3976 833 4037 pecunie
864 3976 940 4032 Nous,
951 3981 980 4022 ot
989 3975 1076 4033 ferula
1090 3975 1168 4022 cetu
1181 3975 1295 4022 mest
1304 3972 1382 4032 erdo·

316 4041 434 4102 corruptis
447 4041 560 4102 proris‚
578 4042 684 4088 obtinuit
700 4041 832 4088 utHercu·
864 4041 1109 4096 crastinantem,
1129 4054 1177 4087 που
1195 4052 1284 4086 umor.
1323 4037 1381 4086 Noe

315 4103 346 4153 lis
356 4106 480 4168 progenies
496 4112 521 4154 et
532 4107 622 4167 Spectet
638 4121 679 4154 rex
697 4105 830 4154 baberetur.
863 4119 943 4152 uereor
954 4106 1023 4162 illud,
1036 4119 1120 4167 nempe
1130 4112 1159 4152 ot
1169 4103 1345 4164 cedarsrrela.

315 4171 355 4218 Ab
364 4173 410 4220 hoc
422 4173 447 4218 in
458 4171 566 4219 exsilium
574 4173 657 4232 pulsus
668 4172 831 4231 eetAgesipo-
895 4176 926 4216 0⁵
943 4168 1063 4235 Dromos]
1085 4168 1170 4235 Δρμκ
1189 4172 1272 4228 Greoe
1288 4181 1380 4216 cereso.

316 4237 355 4293 lis,
367 4239 408 4296 qui
420 4238 465 4284 hoc
477 4239 529 4284 loco
539 4236 647 4297 princeps
661 4238 768 4284 mulum
786 4249 830 4282 no·
863 4235 902 4283 Sic
921 4235 1042 4282 dieebetur
1059 4235 1099 4282 bic
1113 4250 1220 4296 tempus,
1231 4234 1295 4296 quod
1309 4233 1336 4280 in
1349 4245 1381 4283 eo

316 4303 428 4358 minetur.
462 4301 830 4364 Ly'currusquumsliquotrsg·
858 4301 959 4360 juvenes
976 4315 1107 4350 cureusese
1118 4305 1259 4350 extroment-
1275 4300 1379 4348 Peenn-

317 4374 396 4414 nesset
407 4379 492 4426 sonos,
504 4367 564 4416 obiit
578 4367 662 4416 relicto
674 4367 723 4416 lilio
736 4367 829 4428 Pelops·
862 4367 888 4416 in
897 4367 985 4415 Leton.
