3082 4976
357 139 418 192 480
753 129 867 190 ΤΙΤῙ
894 128 1032 188 LIVll

193 291 330 359 bobr.
354 297 415 361 nit.
448 296 674 384 gubernatores
688 329 690 334 ·
704 305 871 382 nautaeque
900 293 1081 380 conquisiti,
1108 293 1199 380 ⁹⁶qui
1226 294 1398 380 praedatores

193 370 262 422 Μ’·
277 377 330 419 ¹⁸¹·
353 381 488 448 fuissent
500 384 645 460 navibus,
657 385 757 468 'atque
778 401 889 446 omncs
904 381 937 444 iu
954 379 1130 446 custodiam
1143 383 1293 466 conjecti.
1334 381 1399 446 Eta

357 469 394 533 C.
411 467 561 550 Matieno
580 468 752 532 duumviro
775 489 871 532 naves
890 468 957 552 ejus
979 469 1104 555 generis
1126 468 1159 530 in
1177 467 1334 556 ligustina
1352 491 1399 532 ora

357 553 488 644 triginta
502 555 715 640 dute¹'cnptae
734 567 822 618 sunt.
870 551 956 618 Hoec
971 553 1025 638 qui
1041 553 1238 631 nunciarent,
1254 554 1402 640 literasque

357 642 398 706 ad
421 654 566 706 senatum
586 639 715 718 ferrent,
733 639 773 705 L.
788 639 939 704 ¹Aurelius
951 639 1062 717 Cotta,
1079 639 1117 704 C.
1136 639 1290 726 Sulpicius
1305 639 1402 705 Gallus

359 728 507 806 Romam
523 727 628 804 missit
656 725 816 811 simulque
841 737 995 809 peterent,
1019 738 1056 790 ut
1071 725 1110 789 L.
1127 725 1263 790 AEmitio'
1279 725 1404 791 conlecta

355 814 522 900 provincia
537 813 700 894 decedere,
716 825 747 877 et
762 811 919 876 deducere
934 831 1040 877 secum
1061 810 1176 878 milites
1197 812 1309 890 liceret,
1325 827 1403 896 atque

357 901 527 964 dimittere.
574 900 756 985 Utrumque
777 899 964 983 permissum
988 898 1030 963 ab
1051 915 1173 974 senatu,
1189 912 1220 962 et
1234 897 1403 985 supplicatio

357 987 522 1066 adomnia
541 987 723 1069 pulvinaria
742 1006 802 1071 per
823 985 964 1049 triduum
988 985 1131 1049 decreta:
1150 986 1289 1072 jussique
1301 998 1403 1072 prato-

357 1095 419 1150 res,
442 1071 588 1138 Petillios
614 1073 751 1137 urbanas
777 1070 936 1136 dimittere
957 1071 1107 1158 legiones,
1125 1072 1242 1136 Fabius
1261 1071 1345 1135 sociis
1367 1087 1404 1134 at,-

356 1181 419 1246 que
433 1158 555 1238 nomini
573 1159 690 1224 Latino
706 1159 867 1224 remittere
887 1157 1063 1222 delectume
1086 1159 1180 1222 etuti
1195 1157 1404 1244 praetorurbu-

356 1255 417 1310 nus
439 1245 622 1312 consulibus
644 1246 806 1320 scriberet,
831 1253 975 1309 senatum
1003 1263 1129 1330 aequum
1145 1266 1281 1321 censere,
1303 1243 1405 1308 subita·

355 1333 427 1397 rios'
436 1331 561 1483 nqililea
572 1331 727 1398 tumultus
741 1353 851 1396 caussa
865 1331 1071 1416 conscriptor,
1084 1330 1189 1415 primo
1205 1353 1326 1417 quoque
1339 1342 1404 1394 tem·

379 1441 435 1483 ore
474 1419 578 1483 imitti.

194 1522 312 1571 caveas
354 1440 377 1526 l)
398 1505 532 1570 XXIX.
557 1503 694 1569 Colonia
709 1504 872 1569 Graviscae
887 1511 925 1568 eo
939 1522 1034 1568 anno¹
1046 1503 1184 1568 deducta
1201 1516 1247 1569 est
1262 1503 1403 1587 inegram

193 1588 296 1638 ⁶⁰¹⁰¹¹l⁸·
355 1591 537 1670 Etruscum,
561 1590 601 1654 de
624 1590 910 1676 Tarquiniensibus
940 1590 1103 1675 quondam
1133 1603 1274 1674 captum.
1315 1589 1405 1658 Quina

350 1679 469 1764 jltgera'
482 1677 558 1778 *agri
581 1677 668 1740 data.
690 1677 814 1741 tresviri
839 1675 1109 1754 deduxerunt,'C.
1128 1676 1319 1761 Calpurnius
1335 1675 1405 1749 Piso,

356 1765 392 1830 P.
410 1763 562 1830 claudus
578 1763 724 1842 Pulcher,
743 1763 782 1828 C.
799 1763 969 1828 Terentius
991 1763 1085 1828 Istra.
1131 1763 1280 1828 Siccitete
1300 1775 1329 1825 et
1347 1761 1406 1823 ino·

354 1851 563 1938 piapfrugum'
592 1851 726 1938 insignis
750 1871 856 1914 vannus
886 1850 956 1914 fuit.
1004 1850 1066 1914 Sex
1095 1869 1220 1914 meuses
1248 1869 1405 1933 numquam

355 1937 481 2021 pluisse,
498 1937 661 2001 memoriae
675 1935 839 2020 proditum
855 1945 914 2000 es‘t.
947 1935 986 1978 ’π
997 1934 1120 1999 Eodem
1137 1957 1226 2002 anno
1241 1937 1273 1999 in
1293 1955 1364 2022 agro
1374 1932 1405 1996 L.

191 2045 256 2092 Libet
267 2047 320 2094 Nu·
357 2023 476 2088 Petillii
490 2023 602 2087 scribae
617 2021 676 2085 sub
691 2021 852 2098 Janiculo,
868 2021 945 2086 dum
967 2021 1105 2085 cultores
1128 2023 1199 2109 egri
1224 2023 1315 2087 altius
1328 2018 1406 2084 moli·

191 2125 235 2159 ¹²¹·
246 2112 454 2174 inventiuntur
468 2115 596 2187 terram,
612 2108 687 2172 duae
703 2106 836 2190 lapideae
850 2129 945 2185 arcae,
961 2121 1094 2184 octonos
1107 2106 1209 2173 ferme
1234 2109 1327 2194 pedes
1348 2105 1406 2169 lun-

353 2204 416 2284 gae,
433 2197 603 2282 quaternos
618 2192 702 2271 latre,
719 2195 857 2258 inventae
872 2207 958 2270 sunt,
974 2193 1133 2280 operculis
1147 2194 1282 2280 plumbo
1295 2194 1406 2260 devinc-

353 2283 403 2346 tis.
448 2283 562 2347 Literis
578 2282 703 2346 Latinis
720 2282 905 2367 Graecisque
927 2293 1062 2366 utraque
1076 2302 1150 2345 arca
1165 2283 1318 2367 inscripta
1331 2289 1403 2352 erat3

352 2371 386 2432 in
409 2369 663 2434 altera'Numam
683 2367 888 2451 Pompilium,
909 2367 1083 2452 P'omponis'
1104 2366 1219 2444 filium,
1237 2389 1338 2454 regem
1352 2366 1407 2430 Ro-

353 2477 532 2531 manorum,
555 2453 713 2539 sepultum
726 2454 823 2533 'esse3
845 2456 878 2517 in
895 2453 994 2518 altera
1018 2453 1117 2517 libros
1139 2455 1260 2520 Numae
1277 2450 1409 2536 Pomprlii

352 2543 465 2607 inesse.
495 2541 577 2607 ’Eas
603 2562 691 2605 arcas
715 2563 813 2624 quum
840 2563 886 2616 ex,
906 2541 1085 2604 amicorum
1103 2543 1264 2606 sententia
1278 2541 1408 2604 dominns

352 2630 534 2716 aperuisset,
562 2647 635 2714 quae
661 2627 790 2691 titulum
815 2624 929 2712 sepulti
954 2627 1037 2714 regis
1059 2625 1227 2707 habuerat,
1253 2626 1351 2692 inanis
1367 2626 1407 2688 in-

453 2741 456 2748 '
686 2727 701 2772 Β
713 2732 766 2778 duae
775 2747 804 2778 nc
812 2732 919 2792 triginta
931 2727 1006 2778 Gran.
1020 2731 1089 2778 Crer.
1351 2725 1363 2739 “’

351 2809 551 2874 nuncvulgutnm
560 2803 603 2860 cet'.
636 2801 783 2860 Rccleeane.
817 2813 870 2859 Etsi
904 2825 951 2871 quo
963 2811 1112 2872 pactointre
1127 2813 1265 2874 peuloplus
1282 2813 1409 2874 quingenta·

351 2879 599 2926 enimillndelterum
615 2879 871 2938 tolereripetcst,rox
904 2891 958 2924 rum.
975 2890 1094 2924 annorum
1119 2878 1245 2926 decursum
1269 2892 1350 2938 corpus
1371 2877 1410 2920 hu·

352 2946 497 2995 deditionem
513 2944 547 2990 sic
566 2944 680 2994 convenit
696 2944 752 2990 huie
769 2944 830 2998 laco,
842 2948 871 2989 ut
903 2956 1001 2988 manum
1020 2943 1055 2988 ite
1077 2945 1185 2990 consumi
1209 2945 1323 3006 potuerit,
1340 2947 1366 2988 nt
1384 2951 1408 2986 ne

351 2998 591 3074 nuliaaliamsgis„
782 2999 785 3010 ’
904 3003 1029 3068 vestigium
1042 3005 1136 3067 quidem
1146 3009 1198 3068 ejus
1209 3009 1363 3068 ossium,imo
1374 3016 1409 3050 nec

383 3080 416 3124 96
434 3071 867 3136 Quipraedntcreesua‘seentnauibus]
903 3073 982 3132 pulvis
1005 3073 1154 3132 superfuerit.
1190 3075 1262 3133 Item,
1286 3089 1331 3135 quo
1351 3075 1409 3132 paolo

351 3139 402 3187 Hie
420 3141 516 3200 aliquod
535 3140 618 3200 procul
635 3139 708 3186 tiubio
724 3139 811 3186 vitium
826 3147 870 3184 est.
903 3137 958 3186 libri
973 3139 1097 3192 chartacei,
1109 3141 1205 3186 tametsi
1216 3141 1285 3188 omni
1300 3151 1353 3186 cure
1367 3147 1410 3181 ene·

351 3205 461 3263 Fortasse
471 3205 566 3268 dederat
578 3205 672 3251 Livius:
692 3203 872 3266 quiinpredn·
903 3203 984 3262 toditi,
1006 3204 1096 3250 recenti
1122 3206 1200 3266 specie
1223 3220 1275 3252 esee
1296 3201 1410 3267 potuerint

351 3261 422 3317 terite
431 3269 543 3337 ficissent
559 3269 667 3316 nauibus.
702 3270 775 3330 Certe
792 3263 871 3330 legen-
904 3261 940 3314 tit
958 3275 991 3326 et,
1011 3269 1074 3314 unde
1091 3270 1251 3317 chartoetunc
1271 3284 1335 3328 usus,
1351 3278 1410 3326 quam

351 3335 408 3382 dam
419 3337 470 3382 esse
478 3325 633 3396 praedatoriis
643 3335 746 3395 probent
758 3335 828 3380 rerba
836 3347 876 3392 se·¹
905 3333 997 3380 Plinius
1003 3334 1022 3380 l.
1032 3333 1105 3380 xtrt.
1116 3349 1136 3381 c.
1152 3341 1189 3380 lt.
1198 3344 1255 3397 post
1265 3333 1410 3383 Alexandrum

351 3402 448 3461 quentis
474 3401 574 3462 periodi,
597 3407 669 3446 nanee
688 3401 739 3460 ejus
757 3401 871 3460 generis,-
906 3399 1023 3460 Magnum
1040 3399 1162 3446 inventam
1185 3401 1211 3447 in
1230 3403 1332 3462 AEgypto
1354 3395 1410 3448 nicil·

352 3467 439 3528 quibus
454 3467 574 3529 iudicetur
594 3466 690 3513 nemum
714 3465 773 3512 certi
792 3466 873 3524 cuins·
905 3465 987 3520 annis,
1003 3461 1132 3524 plusquem.
1155 3467 1271 3514 trecentis
1297 3470 1349 3526 post
1368 3461 1411 3508 Nu·

352 3536 406 3577 dam
421 3533 515 3600 generis
534 3532 600 3594 prius
620 3531 766 3577 mentionem
784 3530 872 3576 factam
904 3545 983 3576 mern:
1001 3537 1035 3587 et,
1051 3531 1107 3578 licet
1123 3523 1224 3578 inienia
1237 3531 1287 3591 jem
1299 3539 1348 3577 tum
1359 3525 1410 3572 etin

353 3597 434 3643 fuisse.
905 3609 949 3641 usu
965 3596 1047 3649 fuerit,
1064 3595 1128 3642 unde
1149 3597 1201 3643 rudi
1224 3597 1306 3644 illuct
1324 3604 1412 3657 paupert

386 3667 418 3711 97
434 3661 526 3708 Eodem
542 3676 605 3708 nureo
616 3662 642 3708 in
654 3675 714 3722 agro
726 3659 756 3705 L.
766 3654 874 3722 Petillii]
889 3663 892 3668 '
905 3657 985 3707 seculo
1004 3661 1087 3707 charta
1103 3659 1204 3710 Manem
1222 3677 1251 3708 ex
1264 3664 1364 3722 AEgypto
1379 3657 1412 3700 de·

354 3727 411 3780 Hoc
427 3727 481 3776 loco
498 3727 610 3790 apposuit
629 3726 750 3774 Hearnine
766 3725 873 3788 quaedem
905 3725 955 3773 lete
976 3725 1016 3772 sit.
1058 3727 1169 3786 Denique
1195 3729 1314 3788 quomodo
1342 3724 1413 3782 tingue

354 3789 508 3851 aNarrlino„
523 3793 593 3844 Rern.
610 3789 663 3837 Vct.
679 3793 692 3837 l.
711 3789 767 3836 Vll.
788 3805 808 3836 c.
834 3795 871 3834 ll.
906 3792 990 3836 Graeca
1014 3795 1063 3837 mm
1090 3791 1214 3839 familiaris
1237 3799 1289 3839 tum
1312 3786 1412 3848 temperis

354 3858 486 3910 observata,
507 3872 535 3904 ex
563 3857 650 3917 quibus
672 3858 723 3902 haec
737 3851 873 3912 ,exscribere
906 3849 1178 3912 beatisimae-..Hac
1194 3865 1219 3904 et
1254 3861 1304 3904 turn
1320 3851 1412 3902 uiator·

353 3938 431 3983 opero
451 3924 554 3984 pretium
574 3937 625 3969 esse
642 3923 759 3968 duximus.
793 3921 873 3968 Multa
905 3935 948 3967 ean
964 3935 1002 3966 me
1019 3921 1168 3981 inducerent,
1187 3927 1216 3969 ut
1232 3874 1336 3970 lleudern
1353 3925 1413 3976 etque
1491 3971 1492 3990 Χ

354 3988 464 4035 bicmihi
478 3987 653 4054 dubia,inquit
669 3986 799 4050 Nardinus,
820 3985 872 4032 ani·
905 3987 1059 4047 imposturam
1079 3987 1140 4034 hena
1160 3989 1300 4036 recentioris
1326 3983 1413 4040 alicuju·

354 4048 420 4101 mum
431 4057 554 4114 torquent.
587 4051 872 4114 Acprimum,'quopec·
906 4052 1009 4098 hominis
1035 4051 1107 4098 fuisse
1135 4053 1278 4116 suspicarer,
1302 4053 1345 4099 nisi
1369 4053 1412 4092 mm

354 4124 381 4166 tc
401 4125 451 4166 tem
470 4119 575 4186 preclari
594 4119 688 4177 carique
709 4118 773 4174 regis
789 4131 874 4164 monu-
907 4117 998 4180 (graves
1014 4121 1048 4174 et)
1068 4119 1180 4178 antiquos
1202 4121 1327 4181 scriptores
1344 4111 1412 4162 nimie

354 4185 462 4233 mentum
485 4200 527 4245 per
542 4181 587 4232 't‘ot
609 4184 689 4230 secula
709 4182 744 4228 ita
764 4184 873 4238 ignotum
906 4183 1084 4230 etinccueultae
1099 4185 1246 4233 credulitatis
1257 4185 1363 4232 demum
1378 4191 1413 4223 nt·

354 4265 406 4296 esee
424 4248 513 4311 populo
531 4249 640 4297 Romano
660 4249 774 4310 potuerit,
793 4241 821 4294 bt
849 4253 874 4293 et
906 4247 941 4294 fer
953 4248 1117 4295 existimatam.

355 4315 405 4374 ipse
421 4315 481 4360 situs
497 4316 548 4374 ejus
559 4316 684 4376 ignoratus
700 4315 738 4360 sit.
771 4312 872 4371 Achae,
