3042 4954
397 189 648 290 ¹arripuerunt.
674 190 778 252 cnr.
797 189 915 252 xxvr.
1146 203 1186 264 rs
1223 179 1226 188 '

111 307 218 422 maeua·
231 369 383 444 praerat.
426 354 692 422 ⁹⁹tidhortttora
713 353 865 441 praei'ecto
886 355 1345 448 septemiumqmucstt:

111 443 263 510 excedere
288 443 372 510 urbe
387 443 526 531 juberet,
543 437 686 529 (lneque
707 443 791 508 enim
813 451 907 530 peres
935 465 989 508 eos
1013 437 1262 530 oppidanisMn
1276 445 1336 490 ¹⁹⁸³

110 529 198 608 soiis,
236 529 378 596 ui'idem
396 522 483 616 qdod
499 529 694 596 Macedones
709 529 873 608 sentirent,
888 530 1010 614 nedum
1027 530 1185 619 adjunctis
1282 555 1296 588 s

112 552 361 696 Meoedonibus,
377 637 455 694 ease,
470 638 552 703 quos
565 637 607 681 ne
623 615 763 682 Romani
785 615 913 704 quidam
933 617 975 682 sd
992 616 1190 694 Corinthum

109 702 353 786 sustinuissent)
366 703 473 788 primo
486 701 578 780 nihil,
594 723 653 768 nec
666 702 791 778 ducem,
806 725 867 768 neo
880 704 966 790 ipsos
981 705 1094 770 movit:
1112 714 1185 791 post

108 789 225 874 paullo,
243 803 285 856 ut
302 790 442 877 Argivos
463 810 591 876 quoque
613 801 751 854 armatos
768 811 809 856 ex
832 803 923 876 perte
944 790 1043 858 altera
1057 793 1195 870 venien·

109 887 151 940 tes
175 897 305 965 magno
330 875 458 965 agmine
483 876 642 952 viderunt,
666 887 785 942 certum
810 877 980 962 perniciem
1008 893 1184 958 cernentes,

108 971 236 1030 omnem
271 975 383 1030 mmen
415 977 534 1042 cesum,
563 963 590 1028 si
624 962 818 1047 pertinacior
850 962 920 1028 dux
949 963 1068 1044 fuisset,
1098 967 1185 1032 vide·

106 1051 224 1116 bantur
256 1050 409 1130 subituri.
453 1048 686 1126 AEneeidemus,
709 1069 750 1114 ne
774 1049 833 1116 flos
858 1049 1051 1118 Achaeorum
1073 1054 1186 1138 juten-

106 1137 180 1202 tutis
203 1136 309 1204 simul
332 1159 406 1204 cum
429 1137 510 1204 urbo
531 1137 739 1212 amitteretur,
754 1147 867 1221 pectus
888 1158 962 1204 cum
982 1137 1134 1218 Philocle,
1149 1152 1187 1206 ut

108 1223 194 1290 abire
208 1223 281 1290 illis
294 1223 415 1301 liceret,
430 1223 509 1308 ipae,
524 1242 589 1310 quo
610 1222 686 1288 loco
699 1233 827 1288 steterat
844 1237 995 1303 armatus,
1010 1247 1084 1292 cum
1105 1247 1186 1312 pau·

108 1309 150 1374 cis
162 1309 347 1380 clientibus
364 1331 431 1377 non
445 1307 590 1376 adomsit.
635 1308 754 1376 Missus
776 1333 796 1374 a
812 1309 966 1391 Philocle,
982 1313 1037 1399 qui
1062 1334 1186 1400 quoete-

107 1405 164 1477 ret,
180 1398 267 1484 quid
290 1397 351 1463 sibi
373 1394 609 1462 velleti'nihil
629 1393 724 1474 setus,
742 1399 974 1477 tautummodo,
1012 1421 1088 1464 uum
1111 1422 1187 1486 pro-

105 1481 187 1569 jecto
202 1507 283 1570 prae
297 1505 332 1550 se
345 1482 449 1569 clipeo
463 1495 571 1562 staret,
586 1485 621 1546 in
636 1485 790 1590 praesidio
807 1487 935 1550 credita·
953 1422 1039 1551 ardis
1059 1489 1188 1551 moritti-

107 1592 170 1636 mm
183 1593 219 1638 se
232 1581 405 1650 armaten,
420 1591 455 1635 re
493 1569 595 1636 ondit.
617 1583 686 1634 tum
701 1568 793 1655 jussu
838 1571 958 1636 roeiecti
973 1594 992 1637 a
1007 1570 1188 1638 Thracibus

108 1659 257 1808 congesta
283 1657 357 1736 tela,
379 1658 446 1722 inte
475 1658 599 1742 entique
622 1672 745 1722 omnes.
821 1669 834 1722 t
858 1669 932 1742 post
957 1669 1081 1743 pactam
1104 1658 1188 1723 inter

20 1783 21 1790 ι
99 1745 157 1812 ,Ac
182 1767 252 1810 atos
278 1757 311 1809 et
325 1745 489 1810 &menos
509 1741 691 1812 societatem
711 1743 787 1809 dute
807 1743 1012 1810 nobilissimae
1033 1743 1188 1825 civitates,

110 1831 189 1918 Argi
211 1845 248 1898 et
268 1829 457 1912 Corinthus,
472 1829 506 1895 in
528 1839 684 1915 potestate
703 1829 789 1918 regis
807 1842 908 1896 erant
955 1829 1038 1896 Haec
1059 1829 1101 1896 ab
1118 1829 1187 1896 Ro-

112 1917 212 1984 manis
226 1941 273 1984 ea
288 1928 399 1984 testate
412 1917 447 1984 in
463 1916 592 1983 Graecia
605 1927 691 1984 terra
704 1916 848 2002 marique
917 1930 961 1984 ts.

153 2003 295 2071 XXVI.
318 2004 360 2072 In
384 2003 493 2070 Gallia
514 2001 594 2068 nihii
618 2025 694 2070 sene
715 2025 839 2069 memor
883 2003 923 2070 ile
944 2005 985 2070 ab
1009 2004 1085 2072 Sex.
1100 2004 1345 2072 AElionccune

21 2125 22 2140 ι
113 2091 245 2157 consule
266 2102 406 2180 gestum.
428 2111 526 2178 quum
541 2089 622 2156 duos
637 2091 796 2156 exercitus
815 2090 849 2156 in
874 2092 1040 2178 provincia
1059 2087 1188 2158 habuis·
1269 2165 1276 2176 ‚

112 2190 167 2255 set,
182 2200 292 2244 unum
313 2189 482 2253 retentum,
499 2199 592 2262 quem
608 2176 726 2242 dimitti
747 2178 924 2260 oportebat,
940 2179 993 2244 cni
1008 2177 1046 2244 L.
1064 2178 1188 2245 Corne·

112 2261 168 2330 lius
193 2265 376 2352 proconsul
398 2264 583 2349 praeiuetat,
607 2263 688 2364 (ipse
711 2264 741 2328 ei
756 2263 821 2365 ‚³⁰5
838 2263 992 2330 Helvium
1015 2279 1189 2366 praetorem

115 2352 278 2436 prefecit)
306 2351 453 2430 alterum,
483 2371 577 2437 quem
606 2371 639 2414 ιιι
673 2371 873 2434 ριοιιιιοιιιιι
902 2350 1054 2430 addux1t3
1085 2364 1188 2418 totum

21 2465 22 2468 ¹
114 2457 218 2537 prope
232 2461 354 2506 sunum
371 2436 641 2504 Cremonensibus
657 2437 911 2540 Placentinisque
925 2437 1099 2528 *cogendis
1116 2439 1188 2504 red-

115 2545 159 2592 ire
177 2529 218 2592 in
239 2524 392 2603 colonias,
407 2525 494 2591 unde
515 2523 589 2588 beili
611 2524 734 2594 casibus
755 2523 898 2612 dissipatu
920 2538 1022 2603 erant,
1040 2547 1190 2592 coneum·

22 2643 23 2670 t
117 2611 164 2678 sit.
213 2611 499 2690 Quemadmodum
521 2609 630 2676 Gallia
654 2622 772 2697 prester
796 2633 884 2696 spem
912 2613 1020 2701 quieta
1039 2635 1080 2680 so
1104 2635 1190 2680 auno

116 2695 183 2782 fuit,
201 2700 250 2764 ita
273 2698 358 2764 circa
379 2698 492 2764 urbem
514 2698 635 2762 servilis
657 2719 758 2783 prope
780 2699 937 2765 tumultus
958 2701 1114 2768 excitatus
1132 2712 1345 2766 estensium

117 2782 277 2852 ⁶Obsides
294 2783 610 2872 Karthaginiensium
633 2785 729 2850 Setioe
751 2785 1022 2852 custodiebantur.
1044 2807 1118 2851 curn
1139 2787 1188 2863 iis,
1198 2785 1297 2831 ΝΜ*

23 2911 24 2928 ι
118 2884 151 2938 nt
171 2872 361 2960 principum
386 2871 504 2953 liberis,
526 2893 644 2958 magna
665 2870 713 2936 vis
739 2891 902 2935 servotum
925 2884 1003 2936 erat.
1028 2893 1068 2936 au
1113 2872 1191 2937 bant

118 2981 230 3026 eorum
255 2980 438 3036 numerum,
462 2969 498 3024 ut
521 2958 563 3025 ab
584 2955 704 3024 recenti
727 2954 837 3022 Africo
862 2956 957 3036 helio,
980 2956 1070 3023 ⁶eta
1114 2957 1191 3043 ipsis

149 3162 181 3206 99
197 3151 359 3218 Adhortatus]
375 3155 437 3204 Hae
450 3167 497 3204 tex
513 3152 576 3202 haud
593 3153 638 3200 im·
703 3157 719 3200 4
738 3147 856 3212 coenet
872 3149 951 3198 redire
969 3151 997 3198 te
1013 3143 1129 3212 aheim]
1149 3146 1189 3194 11·-

121 3221 205 3268 merito
222 3221 333 3282 ditpiicet
349 3221 487 3268 Gronorioz
505 3220 546 3280 qui
563 3232 637 3279 quum
670 3216 754 3264 beuter
773 3215 941 3280 assentiremur
958 3215 1080 3278 Grouorio
1100 3213 1190 3262 detenti

122 3285 231 3347 repererit
242 3285 269 3332 in
280 3299 331 3333 uno
342 3285 422 3332 codiee
433 3285 467 3332 ad
481 3285 522 3332 tet
540 3289 637 3340 uector,
671 3295 870 3344 supervacaneum
891 3280 990 3329 verbum
1015 3279 1101 3328 redire.
1134 3279 1189 3326 Viti.

121 3363 172 3398 esre
182 3351 285 3398 omnino
294 3351 414 3410 emendat,
426 3351 460 3398 ud
467 3351 508 3398 tu
518 3356 605 3396 metor.
671 3352 721 3395 not.
736 3354 774 3395 ιο.
785 3348 815 3396 ed
827 3363 848 3394 c.
860 3354 883 3394 s.
895 3359 973 3407 supra.

151 3417 282 3479 rerutque
302 3415 377 3479 enim]
406 3417 491 3477 Neque
512 3415 577 3462 enim
597 3409 639 3466 eoe
705 3419 719 3460 5
740 3413 835 3460 Oteidee
858 3413 1096 3474 Carthaginiensium
1115 3411 1191 3460 setta

121 3496 186 3542 parce
201 3482 304 3530 eetevd
318 3483 375 3530 tolie
390 3480 639 3543 oppideme,quiom·
672 3474 874 3540 custodiebantur]
902 3479 988 3538 Supra,
1009 3493 1029 3526 c.
1048 3485 1072 3526 t.
1096 3477 1190 3526 obsidet

121 3561 159 3594 nee
176 3562 222 3609 pro
240 3548 400 3595 Macedonum
417 3547 524 3608 pertibus
538 3549 639 3602 starent,
673 3543 905 3605 emunginiemium
928 3542 958 3590 eh
977 3544 1061 3592 Norba
1083 3543 1190 3606 Signiam

120 3613 206 3660 nedum
218 3618 375 3673 patescerent
388 3614 481 3672 junctis
492 3611 563 3660 umui
571 3611 645 3674 appi„
671 3615 695 3657 et
707 3609 861 3656 Ferentinum
872 3609 975 3656 traducti
987 3610 1107 3657 dicuntur.
1141 3608 1191 3655 Ite-

121 3679 186 3726 dtnie
198 3683 224 3725 et
236 3679 416 3726 itacedonibue.
672 3675 771 3735 querci
788 3676 865 3736 priore
881 3675 992 3722 iiioioco
1009 3674 1190 3737 legendum&-

148 3738 640 3806 tNihtifatue..reapoedit]Haecnon
673 3742 735 3788 tiam
763 3752 807 3801 pto
831 3740 957 3801 Signiam,
981 3741 1019 3787 eei
1041 3739 1191 3798 intelligendi
1264 3769 1270 3775 -

121 3809 179 3858 leue
196 3809 263 3858 iuter
281 3823 307 3856 ee
326 3810 489 3857 conueniunt:
507 3809 641 3874 irupmeque
673 3810 732 3854 eunt
752 3804 855 3854 traducti
878 3819 971 3854 rursum
993 3806 1024 3860 eb
1046 3805 1129 3863 Signia
1150 3805 1191 3852 Se·

120 3879 199 3922 tentat
227 3875 353 3922 meniieete
378 3874 641 3932 vitiosemdectioaem
673 3873 741 3934 tiam.

119 3941 244 3998 estendere
254 3941 400 3991 Gronovius.
428 3941 497 3991 idem
504 3939 572 3989 effert
582 3953 640 3986 cou-
705 3937 827 3986 6⁸Eteit
841 3938 902 3998 ipsit
913 3935 1016 4002 Setinis]
1033 3937 1071 3984 Et
1081 3939 1127 3986 hoe
1137 3938 1191 3982 loon

118 4008 234 4064 iecturam
254 4006 300 4053 riri
316 4003 496 4054 docti'minime
513 4018 640 4066 sepsrnen·
673 4005 808 4062 autetiam.
839 4004 931 4063 Nempe
949 4009 1034 4063 pretet
1051 4015 1130 4050 tenos
1148 3999 1191 4046 ob-

122 4073 189 4122 ium:
213 4071 291 4120 Nihil
303 4079 373 4119 stetu
390 4077 493 4127 mete,
510 4072 549 4118 vei
567 4077 639 4123 tuoto.
673 4070 750 4116 tidum
779 4069 1027 4131 carthaginiensium,
1054 4066 1123 4114 multi
1150 4064 1191 4110 elii

25 4141 26 4144 Ἴ
122 4138 366 4199 Μπρνιῇοοιο...
673 4135 734 4182 terri
761 4134 866 4194 ejusdem
890 4133 997 4182 ustionis
1019 4140 1088 4180 erem
1111 4127 1191 4182 setis,

151 4211 167 4252 ³
185 4205 213 4252 C.
229 4197 360 4265 Heluium]
376 4202 487 4264 Sigonius
506 4216 581 4256 suum,
595 4215 639 4249 no·
673 4201 763 4248 scilicet
774 4201 862 4262 etptiri
876 4200 951 4260 empti
962 4213 991 4246 ex
1007 4197 1095 4258 preda,
1107 4198 1191 4253 utpote
1301 4237 1304 4262 1

125 4282 175 4320 utu
193 4269 252 4319 huie
268 4269 366 4331 pretori
378 4268 484 4328 restituit
494 4282 522 4314 ex
537 4282 605 4329 cepp.
617 4273 639 4316 7·
673 4279 748 4325 usum
765 4281 846 4314 recent
868 4266 946 4312 adhue
965 4268 1037 4316 estet,
1055 4273 1098 4306 nec
1114 4259 1192 4304 multo

126 4339 148 4379 et
159 4342 180 4382 e.
196 4335 272 4394 hujus
291 4334 354 4385 iibri.
389 4335 438 4382 Hic
453 4338 562 4395 corrupte
580 4335 640 4392 ieet·
674 4337 730 4380 ente
746 4331 852 4390 finitum,
866 4331 958 4380 vbeilum
974 4327 1085 4383 mentua
1103 4323 1192 4374 Poeuoe

26 4435 27 4454 t
126 4399 192 4450 betur
206 4401 350 4450 &Etiam
384 4449 388 4458 ,
675 4397 800 4456 nitetque.

26 4465 28 4572 i
