3136 4982
376 196 469 260 Lis.
491 199 653 260 xxxvn.
680 159 969 262 canxxxvn.
1151 209 1209 273 sm

146 361 271 442 pondus
293 359 405 450 ingens
428 376 475 428 est
502 365 668 449 pollicitus,
684 379 726 442 et,
749 367 878 431 nomine
898 355 1020 429 tantum
1037 365 1132 454 'regio
1153 383 1246 432 ex-U.
1259 383 1286 430 c
1298 383 1379 432 ὅσι’·

146 457 250 530 cepto,
267 449 445 514 societatem
462 452 565 516 omnis
580 452 680 540 regni,
697 453 722 515 si
741 474 798 538 per
820 473 893 516 eum
915 473 1026 536 pacem
1042 449 1245 537 impetras-*⁹
1259 451 1286 496 ⁰·
1301 455 1354 498 ¹⁹⁰·

147 541 205 595 set.
250 533 302 596 Ad
329 557 367 598 ea
393 537 517 620 Scipio:
552 537 644 616 Quod
666 540 823 605 Romarm
845 559 953 614 omues,
978 540 1060 622 quod
1083 560 1138 616 me,
1164 538 1365 618 adnumerum

146 639 232 704 quem
247 620 352 686 missua
366 644 405 698 es,
423 625 556 708 ignoras,
573 628 672 690 minas
685 628 799 699 minim,-
822 647 911 710 quum
922 635 953 688 te
953 625 1119 710 fortunam
1133 625 1206 710 ejus,
1215 622 1331 670 arricum.

143 727 166 768 a
182 726 240 789 qno
260 709 353 785 uenis,
370 710 514 794 ignorare
534 732 665 775 cernam.
709 713 907 797 Lysimachia
923 711 1054 774 tenenda
1075 720 1154 786 erat,
1170 734 1209 776 ne

145 792 361 857 Chersonesum
387 797 587 870 intraremus,·
611 807 666 861 aut
687 800 731 861 ad
743 799 977 880 Hellespontum
996 797 1206 873 obsistendum,

143 899 184 941 ne
199 879 233 941 in
248 879 357 944 Asiam
371 881 598 966 inspiceremus:
620 886 649 948 si
658 905 765 966 pacem
787 893 939 968 tamquam
955 883 995 946 ab
1008 885 1151 948 sollicitis
1170 887 1208 948 de

143 963 218 1028 belli
231 975 338 1030 eventa
345 970 482 1051 petituri
494 971 600 1034 erotis.
646 971 790 1050 Gonoessa
804 991 874 1034 uero
889 971 922 1033 in
938 969 1046 1034 Asiam
1060 972 1206 1052 transitu,

143 1059 175 1114 et
187 1049 271 1114 ‘nom
286 1055 500 1139 solumfremis,
512 1059 566 1120 sed
574 1055 752 1142 etiamjugo
760 1066 892 1139 accepto,
904 1077 972 1140 qua
980 1057 1161 1140 disceptatio
1170 1079 1208 1120 en

142 1157 241 1222 ecquo,
257 1159 345 1222 quum
361 1143 519 1225 imperium
527 1145 710 1225 patiendum
724 1146 776 1218 sit,
792 1144 901 1207 relicta
916 1139 983 1207 est?
1003 1143 1075 1226 Ego
1089 1164 1127 1205 ea
1140 1139 1216 1206 muss'

140 1225 301 1308 mulcentia
321 1229 593 1312 regia'manimum
613 1232 722 1293 donum
730 1231 841 1312 filium
861 1229 996 1293 habebo.-
1019 1229 1103 1305 aliis,
1119 1229 1209 1294 Deos

135 1331 261 1392 precor,
277 1333 316 1376 ne
332 1315 611 1400 umquamfortnna
625 1325 713 1401 egeat
726 1336 792 1379 mea
799 1348 810 1388 ,-
834 1316 954 1380 animus
967 1322 1047 1378 certe
1060 1335 1122 1378 non
1131 1337 1204 1400 vege·

141 1395 196 1460 bit.
240 1399 309 1462 Pro
329 1408 418 1464 tanto
435 1402 469 1464 in
484 1423 530 1464 me
543 1423 664 1465 munere
673 1410 797 1486 gratum
812 1421 858 1464 me
871 1423 933 1465 esse
948 1401 981 1464 in
995 1421 1027 1465 se
1039 1402 1160 1479 sentiet,
1175 1395 1214 1466 si

133 1483 297 1566 privatam
307 1488 647 1570 gratiampropriuato
659 1488 799 1571 beneylcio
809 1481 1005 1551 desiderabit.
1015 1487 1140 1570 publice
1149 1483 1204 1552 nec

139 1569 258 1633 habeor
272 1574 436 1657 quidquam
451 1574 491 1637 ab
505 1575 570 1651 illo,
587 1596 640 1638 nec
654 1574 743 1638 dabo.
790 1571 881 1649 Qnod
893 1575 928 1636 in
946 1571 1112 1655 prasentia
1127 1576 1204 1638 dare

137 1657 261 1738 possim,
274 1659 376 1740 fidele
399 1660 555 1724 consilium
579 1671 632 1725 est.
677 1660 750 1738 Abi,
766 1661 880 1724 nuncio
900 1662 974 1724 meis
995 1659 1104 1739 uerbis,
1124 1658 1203 1722 bello

138 1741 280 1820 absistat,
291 1747 382 1827 pacis
402 1748 604 1810 conditionem
627 1749 743 1811 nullm
765 1755 887 1810 recuset.
932 1743 1022 1810 Nihil
1044 1766 1081 1808 ea
1095 1765 1201 1808 move·

136 1839 215 1892 runt
230 1849 348 1917 regem,
362 1842 464 1896 tutam
484 1831 553 1898 fore
574 1832 648 1897 belli
673 1831 773 1898 aleam
796 1844 910 1908 ratum,
928 1829 1056 1916 quando
1070 1829 1202 1915 perinde

137 1936 177 1978 ac
193 1915 276 1979 victo
285 1917 352 2002 jam
368 1918 427 1981 sibi
442 1917 526 2005 leges
541 1918 730 1984 dicerentur.
753 1919 869 1982 omissa
890 1917 986 2004 igitur
1007 1918 1039 1980 in
1060 1937 1201 2001 praesen-

137 2001 183 2151 plin
199 2003 360 2068 mentione
381 2004 477 2090 pacis,
493 2016 590 2070 totam
613 2027 720 2071 curam
743 2003 776 2068 in
799 2003 872 2069 belli
895 2002 1082 2089 adparatum
1098 2004 1200 2068 inten-

162 2099 197 2152 rt.

181 2173 367 2240 XXXVII.
391 2175 521 2255 Consul,
542 2177 691 2243 omnibus
713 2177 900 2264 praeparatis
915 2177 954 2242 ad
969 2175 1131 2262 proposita
1145 2197 1198 2241 ex·
1210 2193 1339 2255 Cossutia

136 2260 309 2362 sequenda,
334 2285 431 2348 quum
457 2286 496 2330 ex
521 2266 638 2330 stativis
663 2265 819 2342 movisset,
834 2263 1030 2352 Dardanum¹
1049 2257 1357 2347 primum,‘¹¹¹¹t,l⁰⁰¹¹¹¹⁸'¹

137 2345 255 2411 demde
285 2347 470 2427 Rhoeteum,
496 2363 630 2438 utraque
656 2351 792 2416 civitate'
810 2350 936 2414 obviam
966 2348 1075 2425 effusa,
1103 2349 1199 2414 venit.
1209 2325 1282 2374 Μ’

134 2432 212 2497 inde
232 2432 328 2499 Ilium
350 2436 512 2519 processit,
527 2437 699 2524 castrisque
715 2437 749 2500 in
772 2451 896 2523 campo,
913 2435 966 2523 qui
983 2447 1030 2499 est
1043 2435 1200 2526 subjectus

135 2519 307 2599 moenibus,
327 2521 448 2607 positis,
469 2523 502 2586 in
527 2525 638 2589 urbem
660 2545 829 2610 arcemque
850 2544 949 2608 quum
975 2521 1195 2600 escendissett,

135 2607 325 2672 sacrificavit
348 2607 506 2674 Minervae
527 2609 654 2696 praesidi
676 2610 775 2688 arcis;
798 2620 829 2673 et
852 2609 1020 2673 Iliensibus
1034 2607 1090 2672 ⁴in
1111 2611 1199 2674 omni

134 2715 242 2759 rerum
257 2693 490 2782 verborumque
505 2696 625 2760 honore
636 2696 676 2761 ab
692 2719 725 2760 se
739 2697 890 2760 oriundos
908 2696 1071 2760 Romanos
1085 2693 1204 2779 presse·-

124 2779 288 2857 rcntibus,
304 2793 336 2845 et
352 2781 507 2846 Romanis
528 2782 608 2847 laetis
630 2783 755 2870 origine
776 2803 841 2845 sua.
864 2781 938 2844 inde
952 2779 1085 2866 profecti
1102 2780 1199 2844 sextis

135 2867 246 2931 castris
260 2867 300 2932 ad
316 2880 412 2954 caput
428 2868 517 2934 Caici
538 2869 638 2932 amnis
661 2876 880 2954 pervenerunt.
927 2865 977 2930 Eo
991 2881 1023 2929 et
1039 2865 1199 2930 Eumenes
1283 2899 1291 2920 ι

133 2973 203 3030 rex,
220 2967 353 3018 conatus
375 2955 480 3039 primo
494 2953 535 3019 ab
552 2955 764 3040 Hellesponto
786 2951 938 3017 reducere
951 2951 1079 3016 classem
1094 2954 1128 3014 in
1149 2950 1198 3015 hi·

134 3037 235 3104 berna
254 3039 389 3121 Elaeam,
404 3041 541 3107 adversis
563 3041 679 3105 deinde
700 3039 800 3105 ventis
821 3060 919 3125 quum
942 3037 1063 3124 aliquot
1084 3035 1197 3102 diebus

135 3147 285 3210 superare
314 3129 434 3192 Lecton
462 3129 716 3214 promontorium
739 3148 804 3192 non
833 3124 998 3211 potuisset,
1018 3123 1051 3186 in
1078 3134 1196 3188 terram

133 3215 288 3296 egressus,
310 3234 352 3278 ne
372 3212 494 3279 deesset
517 3215 680 3300 principiis
704 3231 822 3291 rerum,
837 3234 901 3299 qua
921 3210 1102 3296 proximum
1123 3208 1196 3286 suit,

132 3298 168 3362 in
182 3310 285 3365 castra
301 3299 448 3365 Romana
469 3322 541 3365 cum
586 3322 661 3367 arva
683 3321 779 3365 manu
802 3298 974 3378 contendit
1020 3295 1072 3361 Ex
1086 3297 1196 3362 castris

132 3385 327 3472 Pergamum
360 3386 510 3452 remissus
608 3399 802 3452 commeatus
831 3382 1052 3468 expediendos,
1077 3381 1196 3448 tradito

130 3470 301 3551 frumento,
324 3471 439 3560 quibus
457 3471 595 3560 jusserat
615 3472 735 3551 consul,
762 3473 795 3537 in
821 3469 930 3539 eadem
958 3469 1069 3534 stativa
1090 3467 1196 3536 rediit.

129 3558 218 3636 inde,
233 3559 374 3645 plurium
388 3559 511 3625 dierum
530 3560 717 3646 praeparatis
736 3559 874 3638 cibariis,
886 3557 1053 3622 consilium
1066 3570 1134 3622 erat
1148 3557 1196 3621 ire

131 3645 174 3710 ed
203 3644 336 3724 hostem,
367 3647 550 3734 priusquam
580 3648 680 3712 hiems
708 3645 911 3732 obprimeret.
957 3642 1059 3732 Regia
1090 3655 1197 3710 castra

112 3733 216 3800 -circa
231 3731 389 3820 Thyatira
403 3746 509 3798 erant:
532 3732 577 3798 ibi
614 3755 689 3798 aum
713 3732 848 3797 audisset
863 3729 1052 3808 Antiochus,
1071 3727 1109 3794 P.
1126 3729 1195 3798 Sci·
1203 3740 1340 3790 Antiochus

129 3819 260 3906 pionem
281 3840 402 3908 regrum
419 3819 541 3886 Eloeam
555 3755 706 3898 delatum,
722 3819 853 3902 legatos,
869 3817 924 3903 qui
946 3816 1048 3881 filium
1064 3815 1105 3880 ad
1120 3807 1365 3921 eumffifflffi

340 3961 449 4008 etauio
459 3959 615 4008 (immorer.
744 3954 910 4005 sarmium
917 3955 983 4004 Eud.
1202 3937 1241 3984 ¹1¹·

161 4059 569 4121 smmsmmfrenu,naesum
579 4058 644 4120 juga
708 4055 773 4102 tIa
791 4056 857 4101 osani
871 4068 951 4102 rerum
967 4054 1133 4116 reumaque
1151 4049 1192 4097 lto-

129 4119 237 4188 aecepto]
258 4125 336 4174 Aliter
356 4126 468 4188 Polybius
489 4126 515 4172 in
534 4125 644 4186 Excerpt.
676 4120 744 4184 aare]
764 4120 902 4178 Elegantius
920 4119 1013 4166 suiset
1024 4116 1050 4164 el
1061 4117 1094 4161 ts.
1111 4113 1193 4161 *Sen-

127 4191 184 4248 lar.
197 4197 237 4239 98.
248 4205 296 4238 non
310 4193 387 4239 colum
400 4192 491 4253 frenis,
510 4191 552 4238 sed
571 4192 645 4238 ettam
673 4201 717 4234 ¹cus
728 4191 779 4233 est:
798 4185 924 4233 Iliensibus
936 4184 1000 4232 omni
1018 4195 1095 4228 rerum
1109 4179 1193 4226 verbo-

127 4257 244 4304 {merem
265 4264 367 4318 accepto.
399 4255 490 4306 Allmit
510 4261 591 4304 sutem
614 4255 644 4302 cd
676 4266 775 4313 rumque
793 4252 884 4299 honora
901 4247 1047 4296 uitantibus
1064 4244 1194 4308 quescit

128 4321 258 4384 apologum
274 4322 340 4385 equi,
351 4325 380 4370 de
391 4334 440 4383 quo
451 4323 577 4376 Hormine,
589 4321 646 4367 Non
677 4332 702 4368 ss
713 4318 739 4365 in
747 4317 862 4366 Romanis
873 4314 968 4380 stirpem
980 4325 1056 4362 susm.

128 4389 232 4454 equitem
239 4387 315 4447 doram
327 4389 479 4453 monstenem
488 4387 577 4450 depulit
589 4400 633 4434 ors.
1056 4385 1059 4393 ¹
