3082 4976
385 117 471 180 <466
749 145 754 156 ·
805 115 1083 194 T1n1n1v11

247 302 318 349 uc.
331 305 387 350 sno.
407 285 525 365 placet,
540 281 753 361 lustrationum
769 283 820 344 die
834 283 985 344 occidere.-
1009 283 1101 356 volui,
1116 303 1205 367 quum
1217 283 1260 345 ad
1272 304 1380 348 coenam
1393 284 1454 346 inci·

224 429 227 438 ,
249 367 281 412 A.
293 367 321 414 ⁰·
334 370 387 412 ¹⁸⁹·
413 369 487 444 tovi,
504 390 616 433 vesteno
637 369 753 432 scilicet
771 369 895 430 tollere:
925 369 1016 446 volui,
1044 390 1133 452 quum
1160 370 1344 448 comissatum
1359 371 1454 453 gladiis

413 457 551 520 adcincti
571 477 616 518 me
637 455 733 518 secuti
753 463 833 529 sant,
841 452 938 537 ferro
959 455 1137 537 interficere.
1187 455 1337 540 Tempora
1360 457 1454 539 quiden

414 544 522 626 qrealia
544 543 607 606 sint
628 543 672 602 ad
686 540 897 620 parricidium
920 541 1025 617 electa,
1041 543 1145 604 vides:
1167 543 1257 616 lusus,
1274 544 1407 620 convivii,
1420 561 1455 603 co·

414 629 609 692 missotionis.
654 624 795 701 ⁴⁵Quid?
819 627 884 688 dies
911 628 1050 708 qualis¹¹?
1074 648 1133 710 quo
1156 629 1455 702 lustratusenercitns,

415 716 578 798 quainter
602 713 732 774 divisam
756 711 919 788 victimam,
930 714 1077 794 prelatis
1102 715 1243 790 omnium,
1267 715 1321 798 qui
1344 735 1455 797 anquam

401 802 509 886 fuere,
528 799 725 862 Macedonia
750 819 853 880 regum
875 801 972 862 armis
995 799 1100 882 regiis,
1116 801 1176 861 dieo
1197 801 1257 862 soli
1278 810 1332 862 tua
1351 809 1456 883 tegentes

414 889 528 961 latera,
539 895 644 968 pater,
657 885 805 966 provecti
818 905 927 963 sumus,
943 895 973 947 et
994 894 1123 948 secutum
1147 895 1190 949 est
1202 884 1399 949 Macedonum
1416 908 1455 968 ag-

414 994 491 1036 men.
537 971 610 1034 Hoc
625 991 689 1055 ego,
699 972 792 1034 etiam
803 971 833 1032 si
846 971 922 1053 quid
931 980 1005 1034 onte
1015 973 1199 1035 admisissem
1209 974 1337 1054 pinaculo
1348 974 1455 1055 dignunr,

415 1060 562 1123 lustratus
576 1067 606 1120 ct
620 1057 762 1138 expiatus
775 1077 872 1130 sacro,
889 1066 951 1120 tum
966 1079 1030 1119 cum
1044 1057 1173 1120 manime
1188 1059 1222 1120 in
1235 1059 1364 1122 bostiam
1374 1059 1456 1120 itineri

417 1155 519 1208 nostro
539 1145 757 1207 circumdatam
780 1144 910 1217 intuens,
928 1144 1146 1224 parricidium,
1162 1165 1290 1224 veneno,
1301 1146 1421 1225 gladios,
1433 1144 1455 1205 in

416 1232 652 1296 comissationcm
672 1238 882 1311 preparatas,
899 1229 1069 1292 volutabam
1092 1231 1123 1292 in
1145 1231 1264 1293 aniona.-
1291 1229 1353 1294 ⁴⁶nt
1376 1229 1455 1313 quidm

416 1320 490 1382 aliis
505 1318 616 1380 deinde
637 1316 734 1380 saeris
753 1317 992 1378 contaminatam
1012 1317 1096 1378 omni
1114 1319 1224 1380 scelere
1237 1327 1362 1382 mentem
1375 1316 1454 1398 ecpio·

415 1409 500 1468 rem?
514 1404 587 1482 ,seo
599 1422 693 1466 eacus
703 1402 891 1464 criminandi
905 1403 1076 1483 cupiditate
1087 1403 1213 1478 animus,
1226 1405 1298 1466 dum
1309 1405 1453 1466 omnious·

410 1500 503 1572 pecto
518 1491 635 1576 efficere
646 1489 719 1561 vidi,
733 1487 823 1550 aliud
832 1488 897 1549 alio
908 1487 1079 1570 corffuredit.
1107 1510 1188 1562 nom,
1200 1491 1229 1552 si
1239 1511 1353 1553 venena
1362 1499 1389 1552 te
1398 1490 1454 1551 intn

415 1599 530 1640 canam
551 1577 658 1639 tollere
681 1573 773 1648 volui,
789 1575 866 1655 quid
887 1575 985 1637 minus
1008 1585 1112 1656 aptum
1121 1575 1206 1658 fuit,
1224 1597 1316 1658 quam
1329 1574 1454 1658 pertinaci

415 1664 581 1726 certamine
595 1671 624 1724 ct
639 1680 782 1722 concursu
793 1661 907 1722 iratum
922 1668 952 1722 te
967 1661 1091 1745 ffcere,
1104 1671 1138 1723 ut
1153 1664 1274 1738 merito,
1286 1664 1361 1726 sicut
1361 1660 1452 1745 fecisti,

416 1752 566 1814 invitatus
583 1749 627 1810 ad
647 1767 761 1809 caenaur
784 1745 951 1809 abnueres?
980 1748 1078 1820 Quum
1100 1757 1200 1810 autem
1223 1749 1326 1812 iratus
1339 1767 1451 1834 negasses,

414 1845 525 1912 utrum,
542 1845 575 1898 ut
592 1835 752 1916 placarem
774 1840 814 1908 te,
831 1833 937 1894 danda
953 1853 1047 1914 opero
1055 1832 1138 1917 suit,
1155 1843 1189 1896 nt
1203 1836 1303 1898 aliam
1325 1851 1451 1918 quarum

414 1925 609 1995 occasionem,
632 1920 775 2004 quoniam
797 1921 887 1980 semel
907 1940 1047 1981 venenum
1064 1925 1284 2000 paraveram?
1308 1943 1348 1984 on
1368 1919 1400 1982 ob
1417 1918 1451 1979 illo

317 2028 323 2034 ·
414 2008 543 2072 consilio
557 2008 638 2070 velut
656 2004 890 2067 transiliendum
913 2005 957 2066 ad
975 2006 1148 2089 aliudfieit,
1164 2015 1198 2068 ut
1206 2007 1307 2090 ferro
1321 2017 1358 2083 te,
1373 2015 1397 2068 et
1408 2003 1451 2086 qni·

414 2096 480 2158 dem
493 2115 527 2156 eo
538 2095 599 2168 die,
610 2113 671 2173 pec·
684 2091 811 2172 speciem
826 2090 1056 2176 comissationis,
1072 2093 1263 2156 occiderem?
1297 2091 1362 2167 Quo
1374 2089 1451 2154 deinde

415 2182 513 2256 modo,
529 2181 602 2242 site
623 2186 702 2238 metu
721 2177 827 2239 mortis
848 2175 1003 2240 credebam
1025 2198 1140 2242 coenam
1161 2180 1293 2256 evitasse
1305 2201 1400 2254 ¹rocam,
1412 2193 1450 2237 nou

414 2267 577 2330 abeodem
599 2272 678 2327 metu
706 2263 943 2327 comissationem
973 2285 1090 2350 quoque
1116 2266 1303 2329 evitaturum
1331 2263 1450 2329 cristinu-

416 2353 508 2418 bam?

416 2503 421 2510 ,
460 2437 557 2504 XIV.
583 2437 654 2502 Non
670 2445 714 2500 est
728 2457 785 2512 res,
803 2456 864 2520 quo
885 2435 1064 2512 erubescam,
1076 2445 1179 2518 pater,
1197 2440 1228 2500 si
1242 2440 1295 2502 die
1302 2439 1384 2522 festo
1396 2435 1449 2496 into
1482 2431 1483 2471 i

415 2526 548 2610 aquales
569 2524 707 2608 largiore
726 2524 797 2586 vino
820 2543 883 2602 snm
907 2542 987 2585 usus.
1009 2531 1043 2586 tu
1065 2544 1191 2606 quoque,
1211 2527 1312 2602 velim,
1335 2522 1448 2606 inquiror,
1481 2529 1482 2577 i

416 2635 477 2697 quo
491 2612 617 2686 latitia,
634 2630 692 2694 qno
703 2611 770 2673 lusu
786 2609 871 2690 apud
883 2629 928 2670 me
938 2607 1120 2672 celebratum
1134 2612 1306 2674 hesternum
1320 2606 1447 2674 convinun
1480 2617 1481 2683 i

416 2701 467 2775 sit,
484 2699 540 2762 illo
554 2698 647 2761 etiarn
663 2693 943 2779 (provosorsitan)
956 2696 1075 2778 gaudio
1084 2696 1281 2777 provehente,
1297 2697 1372 2780 qnod
1382 2696 1407 2756 in
1410 2687 1447 2774 ju·
1479 2769 1480 2772 Ἴ

416 2786 536 2852 venali⁰
557 2803 708 2846 armorum
733 2780 899 2844 certamine
914 2802 995 2862 pars
1009 2791 1113 2844 nostra
1132 2803 1193 2848 non
1217 2785 1348 2868 inferior
1356 2779 1446 2865 sunni·
1479 2774 1480 2789 ¹

416 2872 540 2937 miseria
555 2871 619 2934 bere
633 2879 662 2932 et
677 2877 770 2930 metus
784 2868 941 2949 crapulam
947 2867 1052 2950 scicile
1066 2881 1279 2943 excusserunt·
1303 2888 1366 2953 qna
1376 2866 1399 2930 si
1408 2879 1446 2924 nm

417 2959 659 3030 intervenissent,
683 2954 880 3017 insidiatores
901 2975 954 3016 nos
974 2955 1070 3035 sopiti
1081 2953 1264 3036 jaceremus.
1308 2957 1343 3021 si
1364 2954 1445 3015 donau

417 3057 500 3110 tuom
516 3051 754 3125 expugnaturus,
769 3048 863 3120 capta
879 3040 975 3116 domo,
991 3041 1142 3102 dominum
1162 3043 1370 3127 interfictnnes
1382 3053 1444 3102 erum

417 3155 478 3196 nau
493 3141 702 3211 temperassem
714 3128 786 3190 vino
801 3126 835 3188 in
849 3147 939 3188 unum
955 3127 1059 3190 bem?
1083 3147 1144 3190 non
1155 3129 1270 3195 milites
1280 3125 1445 3192 abstinuisset

416 3223 517 3282 meos?
541 3218 596 3290 Et,
613 3234 651 3276 ne
665 3233 720 3296 ego
734 3234 780 3274 me
793 3213 873 3274 solus
887 3213 985 3274 nimia
1007 3214 1208 3295 simplicitate
1221 3224 1320 3291 tuear,
1331 3215 1387 3296 ipse
1398 3222 1444 3290 qun

580 3369 666 3425 ”Qun
677 3367 748 3415 diest
763 3367 862 3431 qualr'sl
879 3369 954 3456 Grop.
1052 3371 1066 3400 ⁰
1074 3370 1185 3430 juvenili
1195 3372 1272 3418 Gran.
1288 3371 1351 3416 cren.
1473 3393 1474 3427 p

416 3528 479 3570 esset
498 3507 588 3568 sscinns
606 3521 675 3566 endis
693 3525 792 3581 putrntae
809 3520 932 3566 lustratio·
968 3519 1042 3566 ricidii
1063 3521 1165 3580 suspicio
1187 3518 1256 3567 facite
1279 3514 1370 3566 conferri
1389 3503 1442 3569 i⁰⁵³ll
1472 3487 1473 3533 i

418 3603 475 3634 num
488 3589 534 3645 die,
546 3588 569 3633 id
587 3592 632 3642 est,
647 3586 684 3633 die
700 3587 771 3642 festo,
785 3585 888 3642 solenni,
898 3598 936 3632 sn·
969 3583 1053 3634 Quid?
1073 3587 1117 3632 diei
1130 3587 1204 3646 ipsius
1218 3584 1330 3632 sanctitur
1341 3579 1442 3626 nonneiffl
1471 3585 1472 3639 p

419 3667 467 3700 cro.
968 3651 1084 3696 netarium
1096 3651 1221 3698 considium
1234 3646 1338 3711 respuit?
1420 3698 1424 3707 ¹

450 3710 481 3763 m
500 3714 587 3771 ournr
603 3712 753 3779 crespinus]
778 3714 934 3776 ssoreposn-
998 3719 1030 3761 m
1051 3715 1082 3761 vt
1100 3712 1265 3778 quisnamne]
1298 3703 1442 3780 nonnanes
1470 3679 1471 3745 i

417 3787 586 3839 numeratam
598 3783 708 3836 Gelenio,
723 3781 762 3840 qui
780 3777 839 3827 iilud
850 3781 933 3841 procui
965 3779 1092 3838 telligetur,
1109 3782 1127 3826 si
1145 3783 1197 3827 loco
1217 3775 1393 3847 interrogativum
1406 3760 1440 3834 wi
1469 3765 1470 3851 i

418 3847 491 3896 dubio
508 3861 536 3892 ex
553 3847 632 3892 codice
647 3847 793 3906 Magantino
809 3847 932 3906 depromp·
962 3845 1047 3902 jeceris
1065 3847 1227 3908 negationem,
1239 3843 1308 3903 'cuius
1325 3840 1358 3904 hic
1372 3833 1441 3880 num

418 3914 457 3960 sit.
491 3913 585 3959 Aliudit
600 3912 753 3958 Victorinus:
772 3911 867 3972 quidem
883 3911 933 3956 dies
961 3911 1045 3966 babet.
1078 3911 1112 3958 Ut
1126 3911 1249 3970 nanJnm
1261 3893 1441 3963 mihisupertssent
1468 3865 1469 3957 i

412 3979 503 4042 probs.
519 3974 743 4038 Vulgaqananst
759 3975 857 4037 qualis?
870 3977 932 4035 quod
965 3989 1040 4034 sacru,
1054 3977 1140 4036 quibus
1156 3976 1337 4022 contaminatum
1348 3967 1440 4014 ,mnne
1466 3971 1468 4065 4

413 4045 510 4106 ¹quidem
529 4044 669 4104 puerileest.
702 4041 801 4096 Verum,
814 4040 931 4099 quomodo
966 4042 1012 4087 lere
1034 4039 1137 4089 mentem
1161 4041 1283 4102 expiarem.
1316 4037 1350 4083 Sic
1366 4028 1417 4106 infr&
1430 4018 1440 4061 ¹·

417 4111 526 4170 legimus,
548 4117 611 4154 recte
638 4107 744 4167 procedit
776 4107 861 4153 oratio.
894 4105 932 4152 Sic
964 4105 1053 4154 XLIV.
1064 4123 1083 4155 c.
1094 4115 1132 4158 39.
1151 4108 1210 4154 Sine
1221 4101 1270 4152 „114¹
1280 4103 1384 4157 ,φνας-ι
1393 4087 1440 4168 nint·

412 4176 480 4240 ‘enim
508 4178 686 4229 argumentatur
706 4169 851 4216 Demetrius.
885 4171 931 4216 Lu·
966 4187 1097 4234 cassamus.-
1115 4159 1440 4236 utquovictcresnasrenptt?

416 4253 466 4296 rus,
488 4239 634 4295 convicium,
660 4235 805 4292 comissatio,
828 4250 876 4282 non
905 4251 933 4282 en
966 4235 1035 4283 mnsl

416 4312 473 4352 suut
494 4312 608 4371 tempora,
632 4304 655 4348 in
680 4317 731 4364 quae
754 4301 856 4362 cogitati
880 4314 930 4361 prr·
960 4362 963 4370 Δ
