3082 4976
362 117 456 180 ara.
479 117 627 180 xxxrx.
655 117 758 179 aar.
782 117 964 182 xxxvm.
1135 127 1192 214 aa

121 287 296 350 nesiesset.
345 284 440 361 nnnc,
457 287 639 368 cct⁸opinar,
654 287 683 350 si
707 287 782 348 aliis
803 286 867 367 ipsi
886 285 1002 370 iegibus
1012 288 1347 368 praeamantis..

120 375 204 438 alias
216 372 285 436 istis
300 369 542 454 injunxissemus,
554 373 651 453 qneri,
666 393 698 436 se
709 369 896 454 iniqnojnre
907 394 977 448 esse,
987 378 1017 436 et
1028 372 1192 457 indignari
1201 374 1230 418 Α·
1244 371 1271 417 ⁰·
1283 376 1338 417 ¹⁸⁴·

116 469 251 541 possent.
297 457 366 520 Scio
388 478 452 540 ego,
468 457 532 538 Ap.
550 457 673 536 Claudi,
688 457 768 520 bone
784 458 965 533 orationem,
981 481 1042 541 qna
1055 481 1121 524 sam
1133 461 1191 524 ad·

120 546 178 608 trac
191 565 271 618 usna,
288 563 383 626 neque
396 545 543 606 sociorum
559 544 644 624 apnd
656 543 758 617 socias,
770 563 866 624 neque
879 539 985 606 libera
995 545 1095 626 gentis
1109 567 1190 609 esse.-

119 632 173 695 sed
187 651 256 693 uere
269 625 437 692 seruorum⁶
451 630 684 710 disceptantium
699 629 785 710 apud
798 629 944 693 dominos.
979 629 1071 706 Nam,
1087 633 1117 694 si
1130 652 1192 694 non
1219 677 1222 682 -

121 737 205 780 uana
221 717 277 778 ilia
291 712 381 777 ³⁶noe
389 715 544 796 praecanis
553 713 638 796 fnit,
654 736 714 805 qua
728 713 839 776 liberos
854 735 915 777 esse
929 717 1060 778 omnium
1072 719 1192 797 primas

123 803 251 865 Acheros
254 798 402 883 jussistis,
418 800 565 883 sifardus
586 810 686 862 ratum
702 809 755 874 est,
771 800 799 864 si
812 800 940 864 societas
955 803 1139 878 etamicitia
1154 824 1192 865 ea

20 919 23 926 ·
123 909 209 970 aeqno
220 885 405 962 observatur,
417 907 472 950 cnr
485 907 550 969 ego,
562 887 647 969 qnid,
660 886 770 968 Capua
782 886 1036 966 captn,scceritis
1045 887 1190 965 Romani,

123 995 184 1035 nan
200 992 300 1055 quaro
308 995 321 1046 ,·
337 992 388 1036 vos
402 973 551 1034 rationem
567 973 737 1054 reposcitis,
748 972 824 1054 qnid
834 969 939 1036 Achai
946 973 1192 1038 Lacedaemoniis

123 1060 200 1122 belia
221 1059 310 1121 uictis
318 1056 509 1140 fecerimus?
535 1058 694 1141 interfecti
715 1059 817 1140 aliqui
836 1066 925 1131 snnt,·
933 1059 1036 1141 finge,
1052 1081 1073 1122 a
1095 1059 1191 1123 nobis.

125 1143 233 1220 Quid?
250 1165 301 1207 uos
314 1152 468 1206 senatores
481 1143 654 1226 Campanos
664 1144 763 1206 securi
776 1163 838 1206 non
846 1145 1063 1226 percussistis?
1079 1145 1191 1210 Muros

121 1231 282 1293 dirnimns.
304 1250 355 1292 nos
365 1249 427 1292 non
441 1250 540 1292 maras
553 1238 681 1304 tantam,
692 1229 747 1292 sed
759 1228 859 1292 nrbem
875 1238 906 1292 et
919 1251 1011 1313 agras
1022 1231 1189 1296 ademistis.

124 1317 241 1398 Specie,
252 1315 364 1398 inquis,
373 1335 490 1398 aequnm
505 1323 549 1378 est
549 1316 675 1398 foedas:
690 1337 725 1377 re
735 1316 821 1396 apud
828 1313 955 1378 Acheros
964 1313 991 1356 ³⁷
990 1319 1139 1398 precaria
1150 1319 1191 1380 ii-

122 1403 248 1477 bertas,
263 1401 350 1486 apud
362 1401 519 1478 Romanos
533 1401 621 1463 etiam
637 1402 796 1482 imperinm
810 1409 863 1463 est.
907 1401 1023 1476 Sentio,
1036 1404 1133 1484 Appi,
1149 1413 1190 1478 et,

122 1490 152 1552 si
166 1509 224 1550 non
236 1495 364 1569 oportet,
376 1506 438 1549 nan
449 1485 612 1570 indignor,·
628 1488 692 1566 scd,
703 1507 758 1548 aro
768 1508 831 1564 uos,
840 1487 1060 1569 quantamlibet
1071 1489 1192 1552 intersit

124 1571 1192 1658 interRomanosetAclcecos,modoneineeqnairostesvestrinostriqne

123 1661 210 1742 apud
223 1681 273 1722 aas
287 1660 360 1733 sint,
376 1679 413 1720 ac
428 1679 481 1723 nos
495 1659 587 1729 socii,·
613 1660 702 1722 immo
717 1680 755 1723 ne
768 1657 972 1741 meliarejnre
985 1660 1059 1723 sint.
1095 1659 1190 1736 Nam,

124 1755 158 1810 nt
173 1747 206 1808 in
221 1765 307 1828 ceqno
322 1753 429 1823 essent,
441 1745 641 1828 nasfeeimns,
654 1766 741 1828 quum
757 1745 837 1828 leges
851 1746 892 1818 iis
906 1755 1027 1810 nostras
1037 1747 1173 1809 dedimus
1178 1779 1190 1818 ,-

123 1853 225 1916 qanm,
239 1841 273 1893 nt
288 1829 395 1893 Achai
415 1831 540 1893 concilii
560 1839 666 1906 essent,
682 1831 840 1916 efficimus.
888 1831 1007 1894 Parnm
1026 1841 1071 1896 est
1091 1833 1191 1910 uictis,

124 1919 206 2002 quad
220 1916 382 2002 victoribus
396 1917 474 1979 satis
488 1925 541 1979 est.
559 1918 633 1998 pias
641 1918 803 1998 postulant
815 1917 924 1992 hostes,
941 1937 1030 2000 qnam
1045 1919 1122 1982 socii
1134 1918 1192 1982 lca·

122 2004 203 2068 beat.
251 2004 327 2076 Qnee
336 1999 554 2084 jurejurando,
571 2023 635 2084 qna
650 2003 847 2067 monumentis
861 2003 1021 2066 literamcm
1037 2005 1193 2086 inlepide

123 2091 284 2172 insculptis
299 2089 332 2150 in
347 2096 491 2152 eternam
506 2089 678 2151 memoriam
692 2097 800 2152 sancta
814 2099 907 2172 atque
919 2097 1043 2154 saerata
1058 2100 1138 2166 sant,
1155 2112 1193 2153 ea

124 2197 189 2239 cnm
211 2169 356 2257 perjurio
377 2183 481 2237 nostra
505 2175 612 2236 tollere
637 2184 765 2254 parant.
814 2174 961 2238 Verentur
984 2177 1105 2258 quidem
1130 2198 1191 2252 vos,

124 2261 272 2336 Romani,
289 2269 328 2336 et,
344 2261 373 2322 si
386 2259 433 2322 ita
455 2260 556 2334 valtis,
572 2261 665 2323 etiam
680 2261 836 2323 timemus:
858 2263 912 2323 sed
926 2262 999 2342 pins
1013 2271 1043 2326 et
1057 2283 1193 2326 veremur

125 2357 156 2411 et
174 2348 310 2409 timemus
325 2347 410 2410 Deos
425 2346 612 2409 inmortales.
659 2343 739 2408 Cum
763 2343 897 2408 adsensu
920 2347 1071 2410 maximae
1093 2348 1193 2430 partis

124 2445 171 2496 est
200 2429 339 2510 auditus,
366 2442 397 2494 et
419 2429 559 2494 locutum
582 2450 692 2494 omnes
717 2451 777 2514 pro
803 2431 966 2516 majestate
990 2433 1195 2520 magistratus

124 2517 311 2584 censebant:
334 2530 370 2582 ut
391 2515 482 2581 facile
503 2516 680 2601 adpareret,
701 2515 838 2580 molliter
859 2516 985 2602 agendo
1006 2517 1196 2606 dignitatem

125 2627 215 2669 suam
230 2616 338 2667 tenere
354 2603 517 2667 Romanos
539 2623 604 2665 non
619 2624 721 2687 posse.
766 2601 851 2665 Tum
869 2603 1008 2688 Appius,
1022 2607 1151 2668 suadere
1164 2627 1196 2670 se

125 2712 309 2776 magnopere
325 2687 457 2767 Achaeis,
473 2688 565 2767 dixit,
581 2698 626 2767 nt,
638 2690 707 2752 dnm
721 2689 828 2752 Iieeret
841 2690 998 2752 voluntate
1010 2692 1193 2774 snafacere,

125 2775 294 2862 ⁵⁸gratiam
310 2777 436 2852 inirent,
452 2797 491 2838 ne
504 2797 573 2838 moe
588 2776 682 2839 inviti
695 2784 725 2838 et
739 2773 997 2858 coactifacerent.
1032 2774 1117 2840 Haec
1132 2797 1196 2839 vox

127 2861 237 2927 audita
251 2861 471 2947 quidemlcum
493 2861 635 2926 omnium
657 2859 779 2947 gemitu
795 2873 852 2939 est,
867 2859 924 2924 sed
946 2873 1067 2925 metum
1088 2861 1196 2946 injecit

127 2950 284 3034 imperata
309 2946 488 3012 recusandi.
518 2947 550 3009 id
576 2945 675 3010 modo
700 2944 870 3031 petierunt,
896 2956 930 3010 nt
954 2948 1101 3023 Romani,
1128 2969 1208 3031 qam¹

125 3038 314 3115 viderentur,
330 3036 368 3098 de
384 3035 628 3100 Lacedaemontis
649 3041 813 3111 mutarent,
829 3054 883 3096 nee
900 3032 1025 3096 Achaeos
1045 3035 1197 3118 religione

125 3121 351 3205 obstringerent
372 3121 467 3184 irrita
482 3141 529 3198 ea,
544 3118 828 3203 qncejnrejnranda
841 3121 1023 3195 sanxissent,
1034 3119 1195 3200 ficciendi.

128 3207 292 3271 damnatio
313 3218 438 3270 tantum
456 3205 533 3294 Arci
555 3219 586 3268 et
602 3204 786 3281 Alcibiadis,
803 3227 875 3290 quae
895 3226 998 3289 nuper
1018 3203 1102 3270 facta
1116 3219 1194 3282 erat,

128 3291 253 3359 sublata
267 3304 323 3357 est.

173 3377 377 3443 XXXVIII.
401 3379 515 3443 Romae
545 3377 703 3463 principio
725 3375 793 3462 ejus
818 3377 904 3456 anni,
931 3399 1030 3464 quum
1055 3377 1096 3442 da
1121 3383 1341 3463 pro-Provincia*

128 3465 240 3530 vinciis
261 3464 428 3528 consulum
452 3476 484 3528 et
497 3478 679 3548 praetorum
702 3477 807 3527 actum
830 3476 920 3540 esset,
936 3464 1119 3529 consulibus
1138 3467 1196 3529 Li-

127 3573 236 3638 gures,
251 3551 327 3636 quia
342 3550 461 3614 bellum
483 3570 640 3635 nusquam
662 3548 739 3614 alibi
759 3562 836 3628 erat,
852 3549 982 3614 decreti.
1029 3550 1196 3644 Praetores,
1233 3577 1236 3582 ¹

161 3690 267 3737 ‘aideb
280 3687 438 3736 Gron.Crev.
502 3685 736 3735 daeruarnmacrius
746 3688 811 3734 aad.
876 3691 992 3749 eaeqerrcm
1003 3696 1038 3735 cat
1040 3691 1124 3750 fadus
1135 3692 1200 3754 opaci

128 3755 240 3814 Aeicoeor,
251 3769 279 3800 re
288 3756 403 3816 precaria
414 3752 528 3799 literius.-
547 3754 612 3799 Eaed.

161 3889 194 3932 36
202 3883 216 3911 ⁸
225 3885 279 3931 Voa
295 3886 415 3946 praecoma
426 3917 433 3932 .
446 3916 468 3931 ..
480 3917 487 3930 .
500 3900 546 3945 qna
563 3883 648 3933 liberos
681 3899 734 3945 qnae
746 3897 795 3929 uon
811 3885 908 3944 proprio
921 3885 985 3942 jure,
996 3886 1098 3945 proprus
1110 3888 1199 3934 virIbns

128 3965 177 3998 erre
193 3952 300 3997 amnium
312 3953 405 4012 primos
414 3950 515 3996 Aclcoeos
524 3949 649 4016 jussistis]
680 3953 799 4006 teneatur,
811 3950 851 3995 sed
863 3963 924 4009 qna,
935 3951 1002 3996 velut
1017 3963 1045 3995 ea
1055 3963 1108 4010 quc
1125 3953 1199 4010 preci-

128 4007 213 4064 Acbaei
228 4015 272 4061 iIIe
287 4031 344 4064 voce
360 4017 475 4077 praeconis
492 4015 590 4062 omnino
606 4028 648 4062 na-
680 4015 725 4062 bus
742 4015 868 4074 Impetrata
883 4018 949 4074 sunt,
961 4016 1061 4076 pendeat
1077 4029 1105 4060 cx
1122 4017 1200 4062 alieno

129 4081 217 4128 mtnati
244 4095 294 4128 nau
321 4082 426 4129 fuerunt.
458 4081 515 4128 Non
543 4081 649 4126 videmus
682 4079 787 4125 arbitrIo.
845 4080 856 4092 “

130 4145 250 4206 quomodo
261 4145 355 4192 Liuium
371 4148 411 4193 hic
422 4160 436 4192 e
447 4147 515 4207 Iapsn
532 4145 649 4193 memoriae
715 4151 745 4190 88
754 4145 769 4176 ⁴
778 4143 890 4190 Gratiam
901 4140 1000 4205 intrent]
1017 4145 1135 4202 Gratiam,
1148 4151 1201 4189 tan-

128 4212 259 4257 immuncm
271 4210 431 4258 defendamus.
683 4223 753 4269 quam
770 4209 903 4254 voluntarie
920 4208 1057 4268 obsequuti,
1073 4209 1118 4254 sibi
1137 4223 1202 4268 para·

162 4275 340 4323 87'Precaria
374 4271 483 4336 libertas]
532 4275 648 4332 Libertas,
684 4275 949 4335 rentspudRomanos.

179 4358 249 4401 vor..
268 4359 320 4402 111.
739 4337 790 4399 rs
