3136 4982
312 209 434 278 ‘ora
574 283 581 295 χ
762 210 1038 272 r1r1mu11

212 389 350 444 dores.
375 376 500 457 caussis,
523 375 629 442 decem
652 373 746 462 legati
769 373 862 440 aliam
886 373 1017 438 aliarum
1040 373 1178 440 feceruut
1204 342 1422 452 conditionem.

213 455 283 504 M·
297 461 349 504 ¹⁸⁸r
376 463 459 539 Quae
483 461 695 546 stipendiariae
720 461 787 546 regi
812 460 970 527 Antiocho
993 459 1132 540 fuerant,
1152 473 1183 526 et
1209 483 1281 525 cnm
1311 459 1424 545 populo

375 551 524 616 Romano
553 559 724 622 senserant,
751 547 788 610 iis
812 547 1032 630 inmunitatem
1058 547 1229 613 dederunt:
1257 571 1328 631 quae
1356 568 1425 630 par·

374 637 454 700 tium
476 633 629 700 Antiochi
654 631 787 707 fuerant,
810 643 866 696 ant
894 633 1107 718 stipendiariae
1133 633 1230 698 Attali
1244 633 1353 718 ¹regis,
1375 655 1424 696 eas

373 743 482 787 omnes
496 718 629 805 vectigal
642 717 780 804 pendere
796 717 930 784 Eumeni
944 719 1113 805 jusserunt
1135 720 1322 783 nominatim
1345 740 1426 803 prae·

374 809 461 872 terea
473 805 500 850 ³⁷
507 804 724 889 Colophoniis,
740 805 794 890 qui
815 805 848 866 in
869 803 967 869 Notio
991 806 1143 884 habitant,
1158 818 1190 869 et
1203 804 1383 890 ³⁸Cymaeis,
1398 817 1428 868 et

375 891 550 978 Mylasenis
574 891 794 956 inmunitatem
821 905 1050 957 concesserunt.
1096 890 1314 971 Clazomeniis,
1336 911 1427 974 super

375 979 606 1054 inmunitatem,
633 992 669 1045 et
693 977 886 1062 Drymusam
916 977 1048 1046 insulam
1079 977 1164 1040 dono
1192 977 1366 1041 dederuntr
1399 988 1429 1040 et

376 1065 521 1140 Milesiis,
571 1085 643 1128 nem
670 1084 793 1128 sacrum
819 1061 1123 1143 adpellantacrum
1154 1063 1372 1128 restituerunt:
1399 1075 1429 1126 et

375 1150 543 1222 Iliensibus
549 1088 730 1214 lthoeteum
745 1159 775 1212 et
792 1147 983 1234 Gergithum
1005 1117 1204 1225 addiderunt,
1221 1170 1284 1213 non
1308 1161 1371 1212 tam
1387 1148 1428 1212 ob

375 1238 513 1304 recentia
540 1235 605 1302 nlla
629 1238 750 1310 meritc,
773 1257 868 1318 quam
896 1236 1053 1321 originum
1080 1237 1239 1300 memoria.
1269 1235 1381 1299 eadem
1401 1245 1431 1299 et

375 1323 564 1394 Dardanum
586 1321 740 1388 liberandi
761 1342 869 1386 caussa
889 1320 961 1387 fuit.
1006 1321 1105 1384 Chios
1126 1343 1261 1407 quoque,
1277 1335 1309 1385 et
1324 1321 1430 1407 Smyr·

376 1431 476 1488 nasos,
492 1421 524 1474 et
539 1407 734 1495 Erythraeos,
749 1428 809 1490 pro
823 1407 974 1494 singulari
994 1407 1067 1484 fide,
1083 1429 1176 1492 quarn
1191 1429 1229 1469 eo
1243 1406 1327 1470 bello
1348 1429 1430 1492 prae-

377 1497 547 1573 stiterunt',
568 1508 601 1562 et
624 1516 702 1582 agro
723 1491 895 1571 donarunt,
913 1506 945 1558 et
964 1493 998 1557 in
1020 1495 1106 1558 omni
1127 1493 1289 1579 praecipuo
1312 1492 1432 1557 honore

376 1583 565 1648 habuerunt.
609 1579 852 1647 Phocaeensibus
873 1593 904 1644 et
925 1602 1009 1666 ager,
1024 1601 1118 1666 quem
1140 1591 1213 1646 ante
1233 1578 1352 1643 bellurn
1374 1579 1431 1644 ha·
1542 1647 1543 1652 γ

377 1669 522 1745 buerant,
547 1666 705 1741 redditus;
729 1678 771 1742 et,
795 1679 830 1729 ut
853 1665 974 1750 legibus
999 1667 1135 1751 antiquis
1161 1678 1332 1744 uterentur,
1362 1686 1428 1748 per·

375 1755 520 1820 missum.
552 1753 687 1818 Rhodiis
701 1751 878 1833 adfirmata,
894 1774 965 1838 quae
980 1752 1175 1836 data'priore
1187 1751 1315 1831 decreto
1328 1762 1432 1826 erant;
1542 1773 1543 1798 ι

251 1824 257 1836 ’
281 1838 283 1842 ’
377 1841 408 1914 L
431 1841 479 1905 cia
500 1851 530 1904 et
546 1839 642 1906 Caria
662 1837 746 1903 datae
768 1859 865 1922 usque
886 1841 922 1900 ed
940 1837 1143 1904 Maeandrnm
1165 1859 1302 1916 amnem,
1316 1851 1434 1922 praeter

356 2011 573 2088 simachiam,
598 2022 681 2078 ceste

378 1979 381 1984 .
412 1925 581 1994 elmissum.
627 1924 675 1990 Re
698 1924 707 1985 i
726 1923 862 1990 Eumeni
879 1923 1110 1988 Chersonesum
1128 1924 1160 1986 in
1177 1924 1308 2008 Europe
1321 1936 1355 1987 et
1370 1923 1434 2008 Ly-

675 1947 732 2085 ila,
758 2009 853 2086 vicos,
882 2032 985 2096 agros,
1010 2010 1125 2096 quibus
1149 2009 1266 2073 finibus
1291 2023 1435 2074 tenuerat

378 2095 565 2173 Antiochus,
581 2096 777 2180 adjecerunt:
801 2096 834 2158 in
851 2096 927 2160 Asia
950 2095 1121 2184 Phrygiam
1144 2109 1320 2181 utramque,
1345 2095 1435 2180 (alte-

378 2204 447 2248 ram
461 2183 502 2248 ad
520 2181 774 2266 Hellespontum,
786 2182 936 2266 majorem
951 2181 1080 2248 alteram
1095 2184 1222 2262 vocant)
1237 2195 1269 2246 et
1284 2177 1435 2268 Mysiam,

379 2291 475 2356 quam
492 2268 619 2336 Prusias
636 2289 690 2333 rex
706 2265 874 2346 ademerat,
891 2269 920 2332 ei
941 2269 1159 2333 restituerunt:
1183 2281 1214 2332 et
1230 2267 1435 2416 Lycaoniam,

378 2367 410 2423 et
428 2353 582 2442 Milyada,
597 2365 630 2420 et
650 2354 844 2438 Lydiamer
867 2355 1051 2419 nominatim
1076 2355 1169 2419 urbes
1189 2353 1256 2418 Tra
1280 2377 1322 2432 es,
1340 2366 1436 2440 atque

378 2440 551 2526 Ephesum,
566 2441 629 2506 ³⁹et
640 2438 842 2506 Telmissum.
864 2441 917 2506 De
930 2440 1118 2527 Pamphylia
1128 2441 1337 2524 disceptatum
1353 2443 1437 2506 inter
1542 2445 1543 2478 ³

378 2527 556 2596 Eumenem
576 2541 609 2592 et
624 2525 776 2590 Antiochi
797 2525 916 2613 legatos
938 2549 1035 2612 quum
1059 2541 1156 2602 esset3
1179 2529 1253 2612 quie
1273 2548 1349 2611 para
1370 2528 1437 2612 ejus

377 2612 467 2714 citra,
486 2635 559 2699 pars
580 2612 663 2678 ultra
686 2606 829 2676 Taurum
852 2626 907 2689 est,
923 2612 1046 2701 integra
1065 2635 1114 2678 res
1136 2612 1176 2677 ad
1199 2626 1342 2678 senatum
1358 2613 1437 2699 ,reji-
1542 2637 1543 2712 ,

378 2711 472 2766 citur.

218 2801 364 2865 coniunge·
420 2783 495 2853 XL.
518 2784 579 2851 His
600 2781 772 2850 foederibus
793 2782 991 2870 decretisque
1012 2784 1269 2862 datiseManlius,
1285 2806 1360 2850 cum
1382 2785 1439 2850 de·

218 2867 295 2928 dictae.

219 3226 361 3274 Mantinia
379 3216 587 3292 condnerent.
634 3214 812 3278 Contractis
837 3213 950 3278 deinde
974 3237 1015 3278 ex
1042 3216 1129 3278 omni
1154 3239 1211 3280 ora
1238 3216 1381 3292 navibus,
1409 3227 1441 3280 et
1542 3215 1543 3258 l

219 3293 339 3352 Europam

219 3357 315 3415 trajicit.

377 2892 446 2936 cem
472 2871 583 2958 legatis
605 2869 753 2955 omnique
778 2871 917 2934 exercitu
937 2870 977 2934 ad
993 2870 1237 2954 Hellespontum
1264 2869 1438 2955 profectus,

378 2959 515 3030 evocatis
541 2979 580 3022 eo
608 2955 724 3042 regulis
750 2955 929 3037 Gallorum,
958 2955 1052 3042 leges,
1079 2957 1193 3043 quibus
1220 2979 1331 3043 pacem
1363 2979 1436 3022 cum
1542 3025 1543 3030 γ

380 3043 523 3110 Eumene
547 3055 718 3121 servarent,
743 3040 840 3118 dixitr
870 3042 1144 3129 denunciavitque,
1171 3058 1207 3107 ut
1235 3065 1357 3106 morem
1384 3065 1439 3108 va·

364 3143 367 3158 '
378 3128 476 3218 gandi
496 3151 568 3192 curn
588 3128 683 3193 armis
703 3126 843 3205 finirent,
865 3148 1075 3214 agrorumque
1096 3151 1224 3196 suorum
1247 3131 1392 3193 terminis
1407 3149 1440 3192 se

382 3301 533 3366 Eumenis
548 3300 643 3364 etiam
658 3299 754 3367 classe
767 3322 824 3384 per
838 3301 1026 3366 Athenaeum
1044 3299 1171 3365 fratrem
1196 3301 1276 3388 regis
1291 3301 1332 3365 ab
1350 3300 1441 3366 Elaea

379 3387 527 3468 adducta,
541 3386 647 3476 copias
661 3407 770 3450 omnes
786 3387 817 3448 in
834 3385 995 3472 Europam
1012 3387 1142 3472 trajecit.
1164 3387 1246 3464 inde,
1264 3409 1320 3471 per
1336 3386 1442 3452 Cher-

380 3495 526 3538 sonesum
556 3471 688 3536 modicis
716 3471 882 3536 itineribus
910 3495 1005 3560 grave
1038 3473 1149 3558 praeda
1176 3474 1278 3536 omnis
1312 3475 1443 3560 generis

380 3579 492 3644 agmen
515 3557 654 3634 trahens,
676 3556 886 3644 Lysimachiae
911 3560 1022 3650 stativa
1045 3559 1173 3634 hahnit3
1196 3573 1347 3649 utquam
1371 3581 1443 3624 ma·
1542 3623 1543 3634 ,

379 3645 465 3708 xime
487 3644 665 3721 recentibus
686 3657 717 3708 et
743 3643 871 3730 integris
891 3645 1041 3729 jumentis
1064 3645 1252 3722 Thraciam,
1261 3667 1317 3728 per
1343 3667 1444 3731 quam
1542 3713 1543 3738 χ

378 3729 439 3796 iter
460 3729 556 3818 vulgo
577 3729 759 3808 horrebant,
777 3729 1005 3816 ingrederetur.
1048 3731 1126 3808 Quo
1147 3731 1305 3818 profectus
1324 3745 1376 3795 est
1400 3733 1444 3796 ab

728 3839 733 3850 ι
777 3869 1038 3942 'prutitemt'crep
1252 3833 1253 3840 i

411 3995 621 4056 arrooopnniu
635 3997 677 4057 qui
691 3996 718 4042 ia
733 3995 807 4042 Notio
825 3995 890 4046 huoi·
921 3999 1063 4060 Mylasenis,
1072 4002 1167 4046 auctore
1178 3999 1286 4058 Polybio,
1297 3999 1323 4043 et
1333 3996 1444 4042 teremi-

379 4059 444 4125 one]
463 4061 574 4119 Notium,
593 4061 705 4122 oppidum
725 4061 891 4121 Colophonium
922 4063 967 4110 hur
978 4064 1083 4110 Mss‚et
1097 4069 1155 4114 vett.
1172 4064 1252 4121 celicia,
1264 4061 1305 4122 qui
1321 4062 1443 4108 uhihent

377 4132 437 4180 erat,
452 4132 477 4172 ct
496 4128 530 4174 ric
548 4127 685 4188 designatur
703 4139 718 4171 ι
736 4124 801 4174 tirio
820 4141 891 4188 supra
922 4129 1116 4186 strenuissimo,
1127 4129 1175 4176 sire
1186 4129 1318 4176 Memento.

377 4191 563 4242 xxxv11.ac.
954 4200 986 4242 39
1002 4194 1040 4239 Et
1063 4189 1215 4256 Teimioussa]
1245 4193 1337 4250 Tamen
1357 4205 1444 4252 supra.

408 4263 440 4304 ³8
459 4257 552 4318 eyneis
574 4263 598 4303 et
618 4253 762 4318 Mylasenis]
782 4256 890 4308 Scriben-
922 4258 1102 4306 iiuxxxvn.
1114 4263 1186 4306 ceti.
1208 4255 1444 4316 'llelmisrutexcipi-

376 4321 432 4368 dum
453 4326 489 4367 eet
507 4323 606 4383 Cymei,
626 4335 674 4368 non
693 4323 791 4383 Gymetr
809 4323 890 4371 Graece
922 4329 962 4370 tur
970 4341 980 4382 3,
999 4329 1111 4384 tanquam
1132 4338 1208 4385 nequa
1230 4323 1329 4372 Rhodiis
1350 4323 1443 4376 dando,

378 4387 478 4444 Κυμαῖοι.
508 4385 563 4434 lam
575 4400 617 4449 pro
628 4387 733 4435 Milesiis
744 4387 889 4450 reposuimus
923 4403 998 4448 neque
1009 4389 1117 4436 Errmeni.
