3082 4976
418 158 511 218 ma.
534 159 597 218 xa
624 158 728 240 cna·
753 157 901 217 xxxin.
1130 161 1189 216 aas

51 374 57 385 ι
126 319 274 388 exercitu
298 323 460 404 instructo,
482 323 581 388 tribus
599 322 751 406 partibus·
765 317 858 388 simul
881 319 1028 406 erumpit,
1048 319 1328 400 elamoreu.c.a71.

130 429 196 470 non
223 421 347 475 tantum
371 409 411 474 ad
433 408 575 474 ardorem
602 431 718 496 pugna
745 407 949 488 excitandum·
970 403 1104 489 sublato,
1129 407 1221 472 sedA·
1234 413 1259 462 θ·
1275 419 1328 462 ¹⁸¹·

129 493 224 558 etiam
254 508 296 571 ut,
313 496 367 580 qui
396 496 428 560 in
458 495 616 560 montibus
642 505 741 572 erant,
764 493 961 564 exaudirent.
985 515 1042 558 nec
1070 494 1184 558 morati

130 594 212 656 sunt,
228 582 305 666 quin
319 581 530 658 decurrerent,
546 581 626 646 sicut
640 580 827 666 imperatum
843 595 919 657 erat,
932 579 972 644 ad
987 594 1102 644 castra:
1129 582 1182 644 ubi

127 665 266 752 quinque
291 667 444 732 millium⁰
457 683 661 744 armatorum,
682 688 745 732 non
775 665 918 750 amplius,
944 667 1088 731 relictum
1115 681 1184 731 erat

129 752 323 834 praesidium.
339 777 416 838 quos
428 776 524 840 quum
537 765 568 818 et
579 753 719 838 paucitas
730 775 796 830 sua,
808 767 839 818 et
849 751 1021 826 multitudo
1031 750 1182 832 hostium,

128 853 160 902 ct
182 838 344 923 Inprovisa
369 863 417 904 res
438 839 606 918 terruisset,
623 861 722 925 prope
736 839 803 902 sine
823 837 994 904 certamine
1015 841 1184 923 capiuntur

129 935 242 1017 castra.
264 927 384 1006 castris,
405 947 477 1012 quae
501 947 574 1010 pars
601 926 737 998 maxime
761 947 781 988 a
805 923 1021 1012 pugnantibus
1043 924 1184 1010 conspici

127 1022 262 1094 poterat,
278 1013 385 1098 injecit
399 1011 519 1076 Acilius
534 1013 650 1098 ignem.
707 1065 710 1072 ,

170 1095 328 1163 XXXII.
352 1099 507 1168 Postremi
523 1097 763 1174 Celtiberorum,
777 1099 831 1184 qni
846 1098 878 1161 in
893 1099 960 1164 acie
974 1111 1072 1174 erant,
1088 1099 1184 1183 primi
1241 1097 1243 1103 ’

127 1179 285 1249 flammam
315 1207 514 1270 conspexere.
545 1185 658 1250 deinde
686 1206 742 1270 per
771 1198 869 1250 totam
897 1185 995 1249 aciem
1022 1187 1183 1271 vulgatum

128 1283 186 1348 est,
201 1285 304 1334 castra
325 1271 438 1336 amissa
458 1293 535 1349 esse,
557 1285 588 1335 et
614 1285 680 1335 tum
703 1292 775 1334 cum
798 1270 935 1338 araxime
956 1269 1077 1334 ardere.
1100 1273 1184 1336 unde

127 1353 187 1418 illis
202 1372 313 1436 terror,
329 1357 402 1423 inde
419 1356 571 1421 Romanis
581 1359 703 1422 animus
718 1359 825 1422 crevit.
842 1358 909 1442 jam
924 1355 1182 1422 clamorsuornm

127 1440 318 1507 vincentium
335 1443 507 1521 accidebat,
518 1445 586 1532 jam
607 1443 751 1508 ardentia
772 1443 909 1508 hostium
928 1456 1030 1508 castra
1050 1441 1182 1526 adpare-

126 1525 212 1592 bant.
259 1528 409 1594 Celtiberi
438 1551 608 1614 parumper
636 1529 763 1594 incertis
790 1529 903 1594 animis
925 1529 1068 1594 fluctuati
1096 1543 1182 1594 sunt.

126 1627 277 1694 ceterum,
291 1629 458 1701 postquam
474 1629 618 1700 receptus
636 1615 731 1699 pulsis
748 1615 852 1680 nullus
872 1629 949 1695 erat,
965 1637 1023 1680 nec
1037 1637 1181 1700 usquam,

125 1698 184 1763 nisi
211 1701 244 1764 in
273 1703 452 1779 certamine,
479 1725 560 1786 spes,
583 1703 769 1784 pertinacius
797 1701 838 1766 de
865 1697 989 1788 integro
1017 1715 1182 1785 capessunt

125 1808 277 1873 pugnam.
321 1789 400 1854 Acie
415 1787 518 1852 media
532 1787 748 1876 urguebantur
762 1789 875 1854 acriter
889 1812 909 1852 a
922 1787 1034 1875 quinta
1047 1787 1181 1874 legione.

125 1871 274 1939 adversus
294 1874 409 1938 laevmn
429 1897 539 1952 cornu,
555 1875 588 1938 in
603 1897 667 1960 quo
681 1875 751 1938 ⁷sui
772 1876 895 1962 generis
909 1874 1112 1960 provincialia
1126 1897 1182 1940 au·

123 1955 201 2023 xiiia
226 1961 409 2026 instruxisse
436 1963 597 2026 Romanos
626 1959 806 2041 cernebant,
823 1983 895 2026 oum
920 1962 1039 2046 majore
1065 1959 1182 2034 fiducia

124 2044 301 2112 intulerunt
319 2047 418 2135 signa.
461 2049 533 2114 lam
555 2069 655 2133 prope
676 2065 753 2125 erat,
770 2061 805 2112 ut
826 2048 985 2113 sinistrum
1000 2069 1100 2112 cornu
1115 2045 1182 2132 pel·

123 2129 240 2196 leretur
271 2133 434 2211 Romanis,
465 2135 499 2198 ni
524 2135 656 2219 septima
680 2134 763 2220 legio
787 2134 994 2218 successisset.
1022 2133 1115 2198 simol
1140 2135 1181 2201 ab

125 2217 245 2308 oppido
260 2219 395 2299 AEbura,
411 2222 466 2307 qni
488 2221 520 2284 in
544 2218 694 2305 praesidio
708 2219 807 2285 relicti
830 2233 930 2297 erant,
952 2221 986 2284 in
1008 2220 1112 2286 medio
1131 2243 1181 2288 ar·

121 2302 202 2368 dore
222 2328 339 2395 pugna
362 2307 565 2384 advenerunt,
581 2319 613 2372 et
628 2305 749 2372 Acilius
762 2309 802 2370 ab
825 2319 914 2394 tergo
935 2317 1013 2372 erat.
1057 2307 1125 2371 Diu
1146 2307 1180 2372 in

126 2390 229 2456 medio
244 2393 316 2458 caesi
333 2391 492 2458 Celtiberi.
514 2394 568 2479 qni
583 2406 775 2480 supererant,
792 2394 824 2456 in
846 2415 955 2458 omnes
972 2392 1092 2481 ¹passim
1107 2415 1181 2477 par·

123 2489 169 2542 tes
206 2494 372 2564 capessunt
399 2478 513 2566 fugam.
560 2478 716 2565 Equites.
732 2479 881 2566 bipartito
908 2479 942 2543 in
977 2501 1030 2544 eos
1065 2477 1178 2558 emissi,

124 2585 271 2651 magnam
288 2565 406 2630 cadem
429 2567 566 2632 edidere.
588 2564 629 2629 ad
643 2565 755 2653 viginti
780 2566 840 2630 tria
862 2564 961 2631 millia
981 2564 1120 2630 bostium
1141 2587 1180 2631 eo

120 2648 175 2715 die
192 2673 291 2716 caesa:
314 2667 406 2738 capta
420 2666 556 2738 quatuor
581 2649 679 2716 millia
701 2666 735 2717 et
760 2653 1068 2738 septingentarum
1090 2652 1179 2738 equis

123 2736 194 2820 plus
209 2738 397 2837 quingentis,
413 2753 445 2804 et
458 2740 548 2824 signa
567 2737 714 2802 militaria
734 2739 914 2825 octogintaq
928 2751 1010 2803 octo.
1055 2738 1180 2888 Magna

121 2821 263 2899 victoria,
288 2846 351 2888 non
382 2839 488 2890 tamen
517 2826 681 2890 incruenta
705 2822 774 2888 suit.
820 2824 958 2888 Romani
986 2824 1027 2888 de
1055 2824 1119 2890 dna
1143 2847 1179 2890 us

120 2907 297 2996 legionibus
312 2911 424 2976 milites
445 2911 551 2996 paullo
568 2911 639 2996 plus
660 2910 799 2988 ducenti,
815 2910 936 2980 socidm
954 2907 1061 2992 Latini
1076 2907 1179 2976 nomi-

120 2995 171 3058 nis
190 2997 361 3084 octingenti
389 2999 528 3086 triginta,
544 3012 748 3076 externorum
770 2996 973 3063 auxiliarium
992 2995 1058 3062 duo
1080 2995 1179 3065 millia

117 3079 226 3146 ferme.
239 3096 271 3146 et
285 3083 507 3171 quadringenti
528 3083 718 3149 ceciderunt.
764 3082 888 3148 Praetor
909 3083 943 3146 in
965 3083 1179 3149 castrabicto·

118 3189 186 3232 rem
214 3169 389 3234 exercitum
415 3170 554 3235 reduxit.
599 3165 718 3236 Acilius
748 3191 873 3234 manere
896 3169 1059 3235 incastris
1082 3168 1178 3235 abse

118 3253 219 3338 captis
238 3255 355 3340 jussus.
377 3272 505 3341 postero
530 3256 583 3321 die
606 3255 707 3341 spolia
727 3254 768 3320 de
788 3253 934 3320 hostibus
957 3254 1048 3332 lecta,
1064 3270 1096 3321 et
1116 3278 1177 3341 pro

115 3361 272 3405 concione
286 3341 407 3424 donati,
421 3365 556 3430 quorum
572 3342 670 3406 virtus
683 3341 815 3429 insignis
829 3339 939 3407 fuerat.
1118 3419 1121 3428 ,

161 3425 324 3493 XXXIII.
350 3429 470 3494 Sauciis
491 3428 605 3494 deinde
626 3429 660 3491 in
681 3426 833 3512 oppidum
850 3427 1007 3493 AEburam
1030 3428 1175 3508 devectis,

113 3534 174 3598 per
197 3513 420 3599 Carpetaniam
448 3515 488 3580 ad
516 3514 717 3580 Contrebiam
738 3515 843 3579 ductae
867 3514 1016 3602 legiones.
1038 3540 1076 3582 ea
1102 3517 1177 3582 urbs
1186 3541 1316 3591 couneus·

115 3600 329 3679 circumsessa,
345 3624 442 3688 quum
465 3625 484 3666 a
499 3601 664 3666 Celtiberis
685 3599 804 3666 auxilia
824 3601 1010 3680 arcessisset,
1027 3605 1260 3671 moranti-cnr·

116 3683 178 3748 bus
200 3687 247 3762 iis,
264 3710 328 3752 non
343 3687 418 3772 quia
442 3688 502 3774 ipsi
526 3689 664 3753 cunctati
693 3700 775 3763 sunt,
798 3687 853 3750 sed
873 3687 948 3772 quia
975 3689 1132 3773 profectos
1148 3715 1177 3756 ·a

113 3770 216 3835 domo
236 3773 471 3860 inexplicabiles
486 3774 643 3840 continuis
662 3772 815 3838 imbribus
830 3772 889 3836 viae
905 3787 935 3836 et
956 3775 1055 3840 inflati
1070 3797 1176 3841 amnes

111 3857 276 3938 tenebant,
301 3861 468 3948 desperato
493 3860 611 3925 auxilio
636 3881 777 3940 suorum,
802 3859 836 3922 in
865 3858 1057 3926 deditionem
1080 3864 1176 3930 venit.

116 3943 254 4008 Flaccus
282 3969 416 4034 quoque,
447 3947 685 4031 tempestatibus
713 3945 804 4010 foedis
836 3959 972 4026 coactus,
1001 3948 1175 4012 exercitum

151 4085 165 4112 ⁰
176 4083 279 4144 quiaque
285 4086 410 4132 milliarml.
419 4087 604 4148 quingentorum
612 4085 686 4130 Gron.
696 4083 762 4146 Creu.
813 4085 1039 4144 roeriagenetaad.
1082 4063 1177 4134 taam.

111 4148 192 4208 gluto
202 4147 268 4196 aad.

115 4259 122 4270 .
150 4285 166 4329 7
173 4279 243 4326 *Sui
251 4283 348 4342 gesseris
355 4279 515 4345 prosecutis
526 4281 633 4347 curtlia]
665 4285 1176 4347 masnadamgeresaexquoipseeraat,

114 4346 207 4406 Copias
228 4346 350 4394 auxiliares
368 4349 393 4394 In
411 4349 534 4410 provIncia
550 4350 635 4396 collec-
667 4350 691 4395 id
702 4349 887 4420 erumperes.

722 4412 795 4475 ria
