3104 4976
364 205 422 264 104
719 211 726 216 ·
754 191 1035 262 uturum]

203 374 337 431 uoces
351 366 460 453 parit.
505 365 545 429 ln
574 375 717 446 tempore
740 376 774 426 et
794 362 873 426 ⁸¹ad
897 359 931 426 id
960 361 1062 445 ipsura
1085 357 1425 434 exanimandum,

201 449 271 496 Μ·
285 453 338 497 ¹⁹⁷·
358 453 451 516 mille
466 449 577 515 Achaei
597 451 716 533 pedites
736 442 810 513 cum
832 452 959 512 centuni
984 446 1142 534 equitibus
1164 449 1427 530 supervenerunt.

364 539 557 604 Theoxenus
579 537 616 600 iis
633 549 778 619 praeerat.
823 534 1023 612 Dinocrates,
1044 534 1151 620 regius
1173 531 1352 617 praefectus,
1374 553 1427 596 re-

364 623 536 712 cuperandi
559 621 679 687 castelli
703 643 823 697 caussa,
850 621 955 706 primo
976 633 1078 686 castra
1103 621 1144 684 ad
1169 621 1241 704 ipsa
1266 615 1426 684 Tendeba

365 713 473 788 movit,
489 710 564 775 inde
579 709 621 773 sd
635 709 768 773 alterum
786 706 962 786 castellum,
976 707 1050 772 item
1076 707 1318 772 Stratonicensis
1334 708 1423 793 agri:

364 802 526 883 Astragon
550 810 673 860 vocant.
694 795 905 880 omnibusque
931 815 973 857 ex
997 793 1162 878 praesidiis,
1186 815 1259 880 que
1283 791 1426 856 multila-

355 890 444 948 .riam
458 885 587 969 disjecta
601 895 702 958 erant,
716 881 887 958 devocatis,
902 893 935 944 et
955 881 996 944 ab
1017 881 1086 966 ipsa
1108 881 1305 945 Stratonicea
1320 878 1426 943 Thes-

271 987 275 994 '
363 971 502 1036 selorum
527 968 740 1054 auxiliaribus,
765 967 943 1042 Alabanda,
969 966 1025 1032 ubi
1050 967 1155 1031 hostes
1176 979 1277 1044 eraut,
1306 965 1428 1030 ducere

365 1058 477 1146 pergit
522 1056 592 1120 Nec
608 1054 729 1120 Rhodii
750 1075 892 1142 pugnarn
912 1053 1174 1118 detrectaverunt.
1188 1066 1294 1140 atque,
1308 1053 1428 1118 eastris

360 1146 394 1208 in
410 1143 625 1230 propinquum
645 1140 789 1218 conlatis,
805 1139 966 1226 externplo
986 1141 1020 1204 iu
1042 1140 1142 1205 aciem
1164 1139 1349 1205 descensum
1364 1154 1424 1204 est.

303 1301 306 1306 ,
360 1231 551 1296 Dinocrates
588 1229 778 1329 quingentos
815 1225 1011 1292 Macedonas
1047 1227 1162 1292 dextro
1194 1247 1306 1304 cornu,
1332 1226 1427 1290 lsero

361 1319 519 1403 Agrianas
540 1316 642 1380 locat:
665 1336 700 1378 rn
719 1313 860 1378 medium
887 1315 1003 1398 accipit
1025 1326 1204 1378 contractas
1222 1335 1264 1379 ex
1278 1313 1426 1379 castello·-

359 1426 431 1467 rum
462 1403 576 1488 (Cares
605 1401 743 1466 maxime
768 1401 871 1478 erant)
899 1399 1071 1481 praesidiisr
1092 1399 1247 1487 ⁸²equita
1272 1401 1425 1466 coraibus

313 1477 330 1518 ⁸
356 1489 546 1565 circumdat,
562 1501 595 1554 et
611 1487 808 1552 Cretensium
831 1487 1000 1552 auxiliares
1020 1485 1256 1573 Thracumque.
1301 1487 1425 1552 Rhodii

360 1576 515 1642 Acboeos⁸
528 1577 640 1640 dextro
661 1595 772 1650 oomu,
788 1573 915 1637 sinistro
936 1573 1145 1638 mercenarios
1166 1573 1291 1652 milites,
1306 1573 1425 1640 lectam

358 1663 503 1748 peditum
526 1683 666 1738 manum,
681 1661 837 1735 habuere3
859 1660 981 1724 medios
1004 1660 1102 1725 mixta
1122 1681 1163 1726 ex
1184 1661 1329 1746 pluribus
1342 1683 1424 1748 gen-

359 1751 443 1815 tibus
462 1749 598 1816 auxilia:
622 1748 743 1833 equites
765 1747 903 1832 levisque
923 1761 1097 1812 armaturae
1115 1749 1201 1834 quod
1223 1762 1301 1826 erat,
1316 1749 1424 1812 corni-

354 1839 420 1902 bus
436 1836 683 1920 circumjectum.
729 1831 780 1896 Eo
793 1833 846 1896 die
860 1845 1015 1896 steterunt
1035 1847 1158 1905 tantum
1180 1835 1263 1900 acies
1277 1847 1426 1920 utraeque

359 1945 454 2007 super
469 1923 584 2006 ripam,
597 1919 653 2005 qui
667 1919 754 1983 tenui
768 1941 851 2005 aqua
871 1919 1085 1998 interfluebat,
1106 1921 1276 1986 torrentis:
1298 1921 1425 2008 paucis-

335 2057 336 2066 ,
359 2031 423 2093 que
445 2008 515 2072 telis
538 2006 672 2082 emissis,
694 2006 728 2068 in
753 2019 857 2070 castra
881 2022 1069 2090 receperunt
1094 2029 1170 2073 sese.
1216 2007 1349 2074 Postero
1368 2007 1425 2074 die

359 2095 473 2158 eodem
489 2093 600 2157 ordine
613 2089 758 2156 instructi
774 2093 874 2178 majus
888 2092 1052 2178 aliquanto
1073 2094 1234 2180 proelium,
1251 2117 1346 2182 quam
1360 2117 1424 2180 pro

359 2202 504 2256 numero,
527 2179 663 2254 edidere,
686 2179 907 2265 pugnantium.
931 2201 989 2244 neo
1010 2180 1095 2244 enim
1117 2179 1189 2264 plus
1210 2195 1300 2246 terna
1321 2182 1423 2246 millia

262 2305 266 2314 ·
359 2267 500 2351 peditum
523 2264 620 2342 suere,
636 2277 668 2330 et
691 2266 816 2329 centeni
834 2263 933 2330 ferme
956 2266 1093 2353 equites:
1115 2281 1254 2332 ceterum
1276 2289 1342 2334 non
1361 2291 1423 2336 nu·

357 2376 446 2418 mero
463 2367 599 2432 tantum,
614 2373 673 2416 neo
696 2373 856 2416 armorum
880 2373 1008 2439 genere,
1026 2353 1080 2418 sed
1095 2353 1209 2418 animis
1223 2376 1350 2441 quoque
1363 2377 1423 2441 pa-

357 2441 456 2517 ribus,
473 2454 505 2504 et
526 2461 620 2525 sequa
640 2461 695 2524 spe
715 2455 910 2526 pugnarunt.
956 2439 1067 2504 Achaei
1091 2440 1195 2525 primi,
1210 2453 1350 2507 torrente
1368 2465 1423 2508 su·

357 2539 478 2612 pereto,
494 2528 527 2590 in
546 2526 704 2608 Agrianas
719 2526 861 2611 inpetum
876 2524 996 2600 fecere;
1017 2525 1134 2591 deinde
1147 2539 1214 2592 tota
1227 2549 1327 2614 prope
1347 2550 1422 2594 our·

357 2637 394 2678 su
410 2627 606 2697 transgressa
620 2633 745 2676 amnem
765 2611 847 2676 acies
870 2624 927 2676 est.
971 2613 1041 2676 Diu
1064 2635 1180 2698 anceps
1203 2635 1312 2702 pugna
1325 2617 1422 2684 stetit.

357 2701 383 2740 ⁸³
394 2721 529 2764 numero
547 2699 657 2763 Achaei
674 2697 759 2762 mille
774 2712 805 2764 et
819 2698 879 2783 ipsi
901 2699 1152 2788 quadringentos
1174 2701 1246 2765 loco
1261 2702 1422 2788 expulere.

356 2786 528 2852 84lnclinat
548 2785 622 2870 dein
647 2785 797 2850 dextrum
819 2807 915 2849 omne
939 2807 1049 2850 cornu.
1084 2785 1301 2867 Macedones,
1323 2811 1423 2878 usque

580 2907 589 2939 ²
606 2907 697 2954 erodii
704 2905 828 2954 Aclsoessl.
840 2905 934 2952 Rhodia
946 2907 1029 2952 colors
1040 2907 1116 2955 Gron.
1129 2907 1200 2958 Cres.

389 3012 417 3051 ut
436 3005 479 3052 Ad
488 3007 516 3052 id
532 3001 621 3070 mesor]
632 3003 733 3065 Nempe,
745 3009 774 3050 ut
793 3005 870 3052 vindi·
906 3003 1022 3052 satisfacit
1047 3005 1161 3052 Gronorii
1187 3007 1337 3066 coniectura:
1367 3009 1422 3057 Ns·

354 3073 403 3118 cari
412 3073 533 3132 repetique
550 3074 628 3117 Perea
642 3075 731 3131 posset,
743 3071 806 3129 quod
817 3083 873 3115 con·
905 3069 1064 3116 meraciter·
1076 3073 1143 3118 milis
1159 3077 1182 3118 et
1198 3073 1260 3132 ipsos
1276 3073 1424 3135 octingentas

353 3139 434 3186 silium
446 3151 518 3198 supra
528 3138 641 3184 dicuntur
651 3136 739 3182 Rhodii
749 3135 846 3195 cepisse.
905 3136 955 3182 loeo
968 3137 1086 3197 expelere.
1119 3137 1203 3186 Achai
1218 3139 1285 3184 mille
1302 3143 1329 3186 st
1344 3141 1424 3188 octin-

389 3209 419 3250 82
436 3203 539 3264 Equites
550 3201 804 3250 comibuseircamdat·
818 3202 873 3248 Cre·
905 3201 971 3262 genti
982 3208 1059 3258 erent,
1071 3208 1099 3249 ut
1109 3208 1205 3250 constat
1215 3217 1244 3252 ex
1260 3204 1289 3250 iis
1301 3217 1354 3264 quse
1365 3221 1425 3266 pra.

357 3269 460 3314 tensium
473 3269 607 3314 auxiliares
627 3265 792 3327 Thracumque
809 3265 873 3312 lilto-
906 3267 1001 3313 cedunt.
1034 3269 1107 3314 Putat
1127 3269 1201 3330 igitur
1226 3267 1363 3317 Gronovius
1386 3271 1425 3318 bic

355 3335 396 3379 dia
418 3331 509 3394 colors]
527 3333 601 3378 Hunc
623 3332 701 3377 locum
724 3332 872 3391 corruptissi-
907 3332 1000 3379 Lisium
1015 3333 1147 3394 siguificare
1164 3334 1215 3395 psri
1233 3329 1332 3383 n'umero
1352 3337 1425 3384 fuisse

354 3397 541 3458 mumscplrue
557 3397 705 3458 deploratum
721 3397 821 3443 feliciter
838 3410 875 3442 re·
906 3398 978 3444 etiam
993 3397 1117 3460 Agrianas.
1151 3399 1197 3446 Sed
1213 3400 1296 3446 turbat
1312 3415 1359 3448 sox
1379 3417 1425 3450 sss·

353 3464 436 3512 stituit
450 3463 587 3509 Perizonius
602 3463 649 3508 ,aaa
665 3462 752 3509 ¹modos
771 3463 875 3524 Equites
905 3477 969 3509 saera
986 3463 1057 3526 pleae
1076 3465 1153 3512 aliena
1170 3466 1223 3512 looo
1242 3471 1269 3512 et
1283 3467 1366 3514 ordine
1381 3475 1426 3528 po·

352 3527 875 3584 carnibuscircumdat,etcreteneiumauai·
906 3529 961 3576 sita.
995 3528 1020 3575 Si
1044 3528 1095 3578 haro
1117 3531 1251 3578 iuitmeos
1276 3531 1347 3592 nisit,
1367 3534 1424 3594 plns

354 3595 427 3639 liures
449 3592 618 3654 Thracumque.
658 3593 750 3640 Rhodii
769 3593 871 3640 Aelaeoa
902 3594 1036 3640 audendum
1056 3595 1110 3652 erit,
1135 3597 1320 3657 legendumque:
1343 3599 1424 3660 Agri-

352 3660 437 3705 ‹Iectrc
454 3659 814 3716 ema,sisistramercesars'cr
824 3661 870 3704 mi·
903 3660 1058 3708 mardaitas·
1072 3661 1140 3712 mille
1156 3662 1259 3722 etipsss
1273 3664 1424 3725 octingentes
1501 3689 1509 3708 0

352 3723 570 3771 lites..lsaluere.
602 3724 779 3783 Antiquissima
798 3724 871 3770 editio
903 3726 1081 3786 locceepalere.
1117 3726 1425 3778 'Achaimilleetootim

354 3789 456 3860 habebat
473 3790 641 3847 circumdaret,
662 3791 725 3836 unde
741 3791 809 3837 nollo
828 3804 871 3836 ne·
903 3791 970 3852 genti
981 3797 1058 3849 enat,
1069 3794 1282 3839 atcoaststexiis
1293 3808 1347 3854 qua
1361 3809 1422 3858 pre.

353 3855 419 3915 gotio
441 3856 542 3902 efficitur
562 3855 736 3902 circumdaret.
770 3856 872 3901 Aehaos
904 3857 1000 3904 cedant.
1031 3857 1158 3918 Agrianes,
1182 3859 1232 3918 psri
1254 3865 1281 3905 et
1304 3861 1351 3922 ipsi
1378 3877 1426 3910 aa·

353 3921 461 3966 dextram
489 3933 564 3968 coroa
587 3921 692 3966 tenuisse
717 3921 746 3965 ia
767 3921 871 3966 exercim
904 3923 1018 3979 mero,sb
1029 3923 1058 3969 iis
1067 3919 1345 3987 pelluntur.†Sedbac
1354 3929 1424 3976 sslds

352 3986 501 4033 Rhodiorum
518 3991 584 4046 patet
598 4000 627 4030 ex
647 3985 676 4030 iis
693 3999 746 4044 que
765 3999 869 4045 sequan-
903 3988 1070 4036 incertasant.

352 4055 400 4098 tur·
433 4051 518 4111 ltaque
528 4052 578 4098 hac
595 4051 665 4097 nobis
681 4050 811 4096 doctimian
824 4052 869 4097 riri
937 4060 967 4100 ⁸⁴
979 4052 1426 4108 Isclisstdeiadeetrsssrssssseccrnu.

352 4117 486 4164 emendatio
503 4115 597 4163 ridetur
611 4129 688 4162 rerem
705 4115 814 4163 exhibere
830 4117 870 4162 li-
902 4112 1057 4180 Macedones]
1076 4120 1193 4167 Maura
1204 4136 1281 4170 meaa
1289 4124 1427 4172 ersatlts·

353 4183 385 4228 rii
398 4197 504 4230 menam.
904 4185 1012 4231 cedoacs.
1053 4183 1138 4246 ltaque
1158 4188 1271 4246 quandia
1291 4193 1360 4236 stsot
1379 4191 1429 4238 ira·

386 4255 416 4295 88
434 4249 538 4295 Numero
548 4246 634 4293 deleres·
644 4247 710 4293 mille
722 4254 745 4292 et
756 4249 805 4307 ipsi
813 4263 871 4309 qua-
904 4251 973 4306 moti,
987 4263 1040 4296 'non
1059 4255 1140 4309 potest
1155 4253 1203 4298 disi
1222 4254 1330 4300 dextram
1347 4267 1427 4304 canu

352 4314 506 4374 drisgerstos.
519 4309 655 4374 .aepsslere]
662 4313 701 4358 Ex
710 4313 747 4357 his
757 4313 796 4358 rix
808 4315 871 4360 allus
904 4315 1025 4362 inclinare.
1041 4315 1177 4364 Gronovius
1187 4318 1281 4366 videtur
1295 4319 1360 4366 Iririi
1371 4335 1428 4370 ssa-

352 4392 435 4429 tensus
446 4381 539 4427 videtur
549 4379 606 4427 effici
619 4393 697 4452 posse.
713 4377 798 4440 Neque
805 4380 869 4426 enim
905 4393 957 4428 sum
974 4381 1159 4443 attigissemus
1175 4383 1297 4433 rescribite
1315 4385 1427 4436 Inclisst
