3136 4982
239 351 269 399 U.
282 353 311 402 C.
320 354 377 400 562·

238 417 268 464 Δ.
281 418 308 465 C.
324 423 379 468 190.

237 1395 320 1453 tegat
330 1411 383 1444 orn·

232 1461 268 1509 tio
279 1464 308 1511 ds
318 1478 381 1526 pace·

401 185 459 240 308
787 179 896 242 Tl'rt
924 173 1059 240 L1v11

401 344 473 423 alin,
500 365 613 430 parum
638 345 719 408 iuter
744 357 888 420 auctores
913 357 1045 410 constat.
1068 342 1121 408 alii
1145 342 1301 430 principio
1326 341 1404 420 belli,
1428 366 1443 407 a

403 430 556 508 Chalcide
580 431 702 496 Oreum
726 443 895 516 petentem,
915 432 1165 496 circumventum
1190 429 1230 495 ab
1252 430 1346 517 regiis
1368 430 1443 494 nari·

400 517 460 602 bus
481 517 632 582 tradunt:
657 516 720 594 alii,
744 529 910 602 postquam
933 518 1101 582 transitum
1124 515 1156 580 in
1182 517 1290 582 Asiam
1311 527 1365 593 est,
1380 538 1441 580 curn

400 620 505 669 turma
522 603 708 691 Fregellana
722 603 850 667 missum
862 602 1059 688 exploratum
1076 602 1116 705 ad
1132 603 1219 690 regia
1232 615 1344 681 castra,
1359 601 1445 666 effuso
1523 605 1524 660 ζ

399 691 524 756 obviam
547 691 700 776 equitatu,
716 711 814 774 quum
835 691 988 774 reciperet
1009 712 1084 766 sese,
1106 711 1139 756 m
1165 712 1203 754 eo
1223 689 1382 774 delapsum
1402 700 1444 751 tn·

400 775 501 842 multu
523 797 565 841 ex
585 787 700 863 equo¹¹,
716 795 789 842 curn
810 775 935 840 duobus
962 776 1119 861 equitibus
1143 775 1335 861 obpressum,
1350 774 1392 840 ita
1409 773 1445 838 ad

399 886 505 1014 rsqem
521 862 692 929 deductum
707 885 784 927 csse.
829 861 915 926 lllud
936 863 1010 928 satis
1032 873 1166 943 constat,
1187 862 1213 926 si
1234 881 1300 946 pax
1314 883 1382 926 cum
1396 882 1445 945 po-
1523 893 1524 922 r

399 950 650 1036 puoRomano
680 959 830 1026 maneret,
853 947 1094 1035 ¹hospitiumque
1119 949 1268 1033 privatim
1295 950 1360 1036 regi
1381 969 1444 1012 cum

401 1036 602 1122 Scipionibus
623 1048 716 1112 esset,
739 1057 841 1120 neque
862 1034 1031 1114 liberalius,
1047 1057 1148 1121 neque
1166 1034 1335 1122 benignius
1348 1033 1444 1099 haberi

398 1123 522 1208 colique
541 1122 781 1200 adolescentem,
805 1143 900 1207 quam
923 1120 1025 1186 cultus
1045 1135 1102 1196 est,
1117 1122 1268 1207 potuisse.
1313 1120 1365 1186 Ob
1386 1121 1445 1184 haec

399 1231 496 1296 quum
523 1209 692 1292 adventum
720 1207 758 1272 P.
775 1206 933 1292 Scipionis
958 1207 1080 1294 legatus
1103 1219 1326 1293 exspectasset,
1350 1207 1401 1273 ubi
1420 1207 1442 1270 is

399 1296 495 1373 venit,
511 1294 671 1360 consulem
688 1293 765 1371 adit,
780 1294 932 1380 petitque,
949 1309 985 1358 ut
1000 1293 1150 1359 mandata
1164 1294 1298 1360 audiret.

443 1382 587 1447 XXXV.
611 1381 776 1447 Advocato
796 1379 953 1466 frequenti
975 1381 1116 1458 consilio,
1141 1381 1237 1466 legati
1263 1381 1359 1446 verba
1379 1392 1444 1445 sunt

397 1468 516 1534 audita.
561 1469 603 1547 Is,
619 1468 717 1532 multis
737 1477 807 1532 onte
829 1467 1030 1552 legationibus
1045 1467 1249 1553 nequidquam
1269 1469 1346 1532 altro
1365 1468 1443 1532 citro·

396 1577 454 1640 qne
467 1559 505 1621 de
517 1577 592 1639 pace
612 1555 720 1633 missis,
735 1576 803 1618 eom
823 1554 920 1636 ipsam
931 1553 1081 1633 fiduciam
1103 1553 1287 1636 impetrandi
1306 1555 1362 1620 sibi
1380 1573 1442 1630 ersa

395 1643 485 1722 dixit,
501 1644 582 1728 qnod
595 1641 707 1724 priores
722 1640 817 1724 legati
838 1641 914 1704 nilril
933 1640 1153 1720 impetrassent.
1189 1641 1350 1726 Smymam
1364 1642 1443 1718 enirn,

395 1740 424 1793 et
435 1731 653 1812 Lampsacum,
674 1737 703 1790 ct
718 1725 939 1790 Alexandriam
958 1727 1165 1804 Troademet
1179 1727 1443 1812 Lysimachiamin

380 1819 529 1897 'Emupm
543 1813 684 1899 jactatas
703 1814 736 1876 in
756 1812 817 1875 illis
842 1812 1104 1894 disceptationibus
1127 1835 1197 1878 essa
1220 1835 1351 1898 quartem
1362 1813 1442 1898 Lysi·

390 1901 592 1985 machiajam
606 1899 727 1963 cessisse
740 1920 852 1983 regem,
868 1919 905 1962 na
919 1899 991 1981 qnid
1003 1900 1037 1962 in
1046 1901 1174 1982 Europa
1182 1901 1363 1966 hobereenm
1376 1899 1441 1963 diae·

393 1998 478 2052 rent.-
500 2008 565 2070 aas,
578 2009 644 2070 qnia
657 1987 688 2048 iu
701 1983 780 2050 Asia
793 1985 863 2062 sint,
878 1985 1014 2049 ciuitates
1035 1987 1164 2070 tradere,
1179 1997 1325 2068 paratum
1338 2007 1403 2061 esre,
1417 1993 1441 2048 et

393 2074 509 2158 siquas
523 2073 602 2138 olias
624 2071 766 2146 Romam,
781 2073 860 2155 qnod
877 2091 1000 2135 suornm
1018 2069 1290 2154 partiamsuerint,
1304 2071 1442 2138 vindicare

394 2160 433 2222 ab
454 2159 578 2242 imperio
599 2158 686 2244 regio
710 2158 811 2223 uelint.
856 2157 995 2239 inpensa
1016 2179 1141 2242 qnoque,
1164 2160 1197 2222 in
1223 2160 1333 2224 bellum
1344 2157 1439 2241 sarta,

342 2247 356 2270 '
391 2253 511 2327 portem
531 2245 693 2310 dimidium
714 2266 817 2329 regem
837 2253 1047 2326 prestaturum
1060 2245 1175 2327 populo
1189 2246 1342 2311 Romano.
1384 2242 1440 2308 Ha

228 3001 380 3101 Responsum

230 3105 349 3153 Romano-

225 3183 286 3218 rom.

163 3635 165 3640 '
221 3647 331 3728 aranas

219 3727 326 3766 {nimum

218 3785 298 3895 aptat
309 3784 372 3845 legn-

392 2330 589 2397 conditioues
608 2346 699 2396 erant
721 2331 820 2416 pacis.
867 2329 1003 2415 Reliqua
1025 2331 1128 2396 oratio
1148 2330 1217 2408 fuit,
1234 2334 1293 2398 Ut
1314 2349 1440 2398 mensores

391 2441 490 2484 rernm
505 2420 713 2519 bumannum,
736 2427 765 2480 et
783 2414 987 2518 suaseram
1004 2419 1237 2519 moderarentur,
1253 2419 1311 2523 'et
1325 2419 1440 2482 adenem

391 2505 1440 2676 2².thttt'ttt“ttttttttttttttttttttttttt

390 2679 528 2742 uniuersa
551 2677 643 2742 teneri
661 2697 762 2758 posse.
783 2677 864 2760 qnod
885 2677 912 2740 si
930 2677 1014 2740 Asia
1032 2697 1147 2760 qnoque
1167 2688 1300 2761 portem¹
1318 2679 1439 2762 aliquam

391 2764 564 2829 austratem
577 2764 677 2841 uelint,
693 2765 852 2830 duntnroda
865 2783 923 2826 non
945 2763 1041 2826 dubiis
1060 2763 1357 2850 regionibasfiniont,
1371 2761 1439 2828 uinci

390 2857 475 2916 mam
504 2851 730 2933 temperantiam
752 2849 892 2914 Romana
918 2848 1092 2930 cupiditate,
1115 2850 1204 2931 pacis
1232 2860 1265 2914 et
1290 2847 1439 2918 eoncordia

391 2958 509 3014 cauma,
526 2959 629 3022 regem
644 2957 813 3018 ⁴posueram.
859 2933 918 3010 Ea,
934 2957 1007 3021 quae
1028 2935 1134 3036 legato
1154 2957 1274 3036 magna
1288 2937 1327 3002 ad
1341 2933 1437 3022 pacem

391 3021 622 3111 impetrandam
638 3021 836 3104 videbantur,
851 3042 948 3106 parva
971 3022 1123 3086 Romanas
1137 3043 1212 3088 visa.
1249 3023 1347 3104 Nam,
1361 3033 1389 3087 et
1400 3021 1438 3083 in·
1523 3103 1524 3110 ἵ

389 3132 524 3192 passam,
543 3131 612 3196 quae
634 3111 668 3172 in
690 3105 904 3189 bellumfccta
926 3118 1013 3184 esset,
1033 3129 1149 3172 omnem
1166 3120 1319 3191 praetura
1338 3127 1436 3194 regem,

389 3218 518 3285 oequum
542 3195 722 3271 censebant,
744 3191 828 3278 cujas
852 3195 942 3276 culpa
970 3195 1079 3258 bellum
1104 3197 1270 3260 recitatum
1294 3205 1385 3271 esset,-
1403 3200 1437 3266 et,
1523 3261 1524 3264 Ἴ

389 3305 448 3348 non
462 3283 551 3349 Ionia
566 3283 655 3346 modo
677 3291 768 3364 atqua
782 3280 906 3344 AEolide
927 3280 1034 3346 deduci
1053 3281 1159 3346 debere
1175 3283 1322 3364 mamilio
1340 3279 1436 3366 ragit:

387 3372 451 3450 sed,
465 3371 540 3434 siem
558 3367 682 3432 Gracia
703 3368 798 3431 omnis
818 3367 945 3432 liberata
967 3376 1054 3445 esset,
1069 3367 1126 3444 ita,
1142 3389 1211 3452 quse
1230 3370 1262 3432 in
1277 3369 1355 3434 Asia
1374 3367 1435 3438 sint,

387 3477 486 3520 omnes
508 3455 627 3518 liberari
647 3455 743 3518 nrbes.
788 3453 829 3517 Id
849 3453 940 3518 aliter
950 3452 1025 3532 fieri
1044 3473 1105 3518 non
1122 3475 1221 3536 posse,
1238 3477 1329 3539 quom,
1351 3463 1383 3518 ut
1402 3451 1437 3514 cis

393 3541 671 3623 Tartmmmantem
683 3539 864 3624 pomessioue
877 3539 962 3610 Asiae
975 3540 1141 3610 Antiochus
1154 3543 1251 3606 cedat.

431 3625 594 3691 XXXVI.
618 3625 769 3714 Legatus,
807 3636 974 3711 postquam
1010 3625 1091 3689 nibil
1127 3626 1211 3710 aqui
1239 3627 1281 3702 ¹in
1318 3622 1436 3708 consilio

387 3714 558 3797 impetrare
579 3735 615 3777 se
632 3709 788 3789 censebat,
804 3711 951 3796 privatim
967 3711 1026 3796 (sic
1047 3713 1132 3776 euim
1154 3713 1343 3798 imperatum
1365 3708 1435 3788 erat)

388 3799 426 3866 P.
444 3798 604 3884 Scipionis
629 3811 751 3864 tentare
775 3801 917 3862 animum
944 3810 991 3863 est
1014 3811 1155 3864 conatus.
1201 3797 1356 3866 Omnium
1379 3795 1436 3882 pri-

384 3909 486 3970 mum,
507 3885 608 3952 filium
631 3886 663 3950 ei
684 3887 751 3950 sine
774 3885 877 3971 pretio
902 3883 1100 3950 redditurum
1125 3908 1244 3975 regem,
1267 3885 1366 3952 dixit:
1387 3881 1435 3946 de·

382 3973 468 4052 inde,
494 3974 626 4061 ignarus
651 3984 683 4036 et
707 3971 805 4036 animi
832 3969 1001 4056 Scipionis,
1025 3986 1058 4037 et
1078 3972 1177 4036 moris
1203 3973 1350 4050 Romani,
1375 3964 1435 4036 auri
1523 4031 1524 4050 .

494 4097 508 4126 ¹²
519 4096 547 4144 ia
557 4109 583 4142 eo
594 4093 701 4142 tumultu
712 4094 837 4155 demptam
849 4109 906 4156 equo
917 4094 992 4142 Gran.
1005 4095 1075 4142 cres.
1150 4098 1164 4127 ⁰
1173 4102 1198 4142 et
1209 4095 1253 4144 del.
1266 4095 1335 4142 Cres.

413 4209 607 4260 s‘Etats'enam
617 4225 647 4260 ne
657 4209 785 4273 urgerent]
797 4211 830 4258 Et
841 4211 898 4258 alie-
929 4211 1055 4274 aditiones,
1071 4213 1155 4262 utiam.
1188 4211 1291 4260 Notavit
1308 4211 1332 4258 id
1348 4209 1432 4255 Grono-

380 4293 417 4326 uae
435 4276 566 4323 tabescenti
583 4291 612 4324 na
629 4291 710 4333 graves
724 4278 897 4326 incumberent.
930 4279 992 4334 rins,
1008 4293 1052 4328 nec
1070 4284 1151 4328 tamen
1168 4282 1309 4329 annutante
1329 4281 1437 4336 expunxt·

379 4343 527 4408 ‘fatendum
546 4342 586 4388 hic
605 4343 698 4404 irrepsit
714 4343 739 4388 in
757 4343 897 4390 remotiores
930 4348 975 4391 rat.
