3042 4954
362 217 400 280 86
516 217 617 277 ΤΙΤΙ
646 216 771 278 LlVll
799 217 889 275 LIB.
912 215 1045 276 xxxrl.
1073 215 1174 275 CAP.
1193 212 1260 272 xl..

202 403 336 452 mussa
361 382 480 450 bellum
505 402 577 446 cum
601 379 729 445 Achaeis
753 380 875 445 liniret:
898 383 1040 458 alteram,
1064 392 1100 444 ut
1122 379 1272 445 adversus
1296 371 1421 458 Philip·

201 469 270 517 Μ·
283 476 337 519 ¹⁹⁷·
361 483 445 554 pum·
460 469 599 532 mitteret
621 487 728 532 aecum
751 467 878 530 auxilia.
923 466 987 530 Ea¹
1002 489 1036 530 se
1056 467 1224 533 missurum
1245 462 1337 526 dixit.
1360 483 1423 546 pro

361 577 440 640 pace
453 575 525 617 eum
547 553 687 631 Achaeis,
712 552 848 618 induciae
873 554 1061 637 impetrate,
1075 551 1179 620 donec
1201 549 1321 616 bellum
1344 569 1420 613 cum

364 641 513 726 Philippo
527 639 680 704 liniretur.

403 727 474 790 Xh.
496 725 550 790 De
573 726 668 813 Argis
697 747 823 812 quoque
851 724 1036 810 disceptatio
1061 722 1103 788 ab
1131 721 1243 788 Attalo
1269 743 1346 810 rege
1374 731 1423 784 est
1503 736 1504 748 ¹

361 825 452 876 nata:
476 831 575 898 quum
596 811 708 881 fraude
729 811 879 876 Philoclis
901 812 1060 896 proditam
1086 806 1197 872 urbem
1213 809 1245 872 vi
1266 808 1307 873 ah
1320 829 1360 872 eo
1374 822 1423 872 te·

361 899 431 962 neri
446 910 609 986 arguerem
631 897 695 978 ille,
710 897 751 962 ab
773 898 849 980 ipsis
865 898 1002 985 Argivis,
1018 909 1054 960 ut
1073 917 1107 960 se
1127 895 1317 973 defenderet,
1332 892 1422 958 adci-

361 999 440 1050 tum.
495 985 687 1048 Concionem
715 985 906 1070 Argivorum
935 1005 995 1048 rex
1017 981 1207 1067 postulabat,
1223 994 1259 1046 ut
1288 980 1321 1045 id
1347 979 1423 1045 sciri

359 1084 473 1155 posset.
518 1072 586 1135 Nec
601 1083 754 1158 tyrannus
767 1070 922 1135 abnuere:
946 1071 1013 1149 sed,
1027 1068 1171 1132 deductis
1185 1087 1225 1132 ex
1240 1067 1320 1132 urhe
1337 1087 1426 1152 prae·

361 1157 458 1234 sidiis,
472 1156 614 1221 liberam
640 1158 835 1231 concionem,
859 1156 958 1221 ⁶⁰uou
986 1154 1130 1219 inmixtis
1160 1153 1424 1230 Laemaemouiis,

361 1243 743 1328 declaraturam‚quidAr
766 1242 808 1304 isi
816 1241 941 1326 vellent,
950 1241 1087 1328 praeberi
1095 1239 1210 1305 dehere
1218 1240 1423 1306 dioehatrex.

362 1330 533 1432 Tyrannus
547 1330 675 1417 negavit
688 1328 730 1393 de
753 1343 911 1394 ucturum.
956 1329 1041 1393 Haec
1051 1327 1239 1412 disceptatio
1252 1328 1320 1391 sine
1332 1327 1424 1391 exitu

360 1415 429 1480 furt.
474 1416 528 1482 De
556 1415 724 1501 conloquio
752 1414 935 1493 discessum,
961 1413 1118 1480 sexcentis
1148 1413 1351 1478 Cretensibus
1380 1413 1424 1478 ab

361 1517 498 1590 tyranno
519 1502 602 1568 datis
619 1501 776 1577 Romano,
792 1497 988 1588 induciisque
1009 1501 1092 1564 iuter
1107 1499 1323 1566 Nicostratum
1337 1521 1424 1584 prae-

360 1602 461 1654 torem
477 1589 669 1654 Achaeorum
684 1602 716 1652 et
727 1587 1044 1653 Lacedaemoniorum
1054 1603 1222 1672 tyranuum
1236 1586 1270 1650 in
1285 1598 1426 1672 quatuor

360 1691 484 1740 menses
511 1674 610 1740 factis.
655 1672 738 1738 ludo
760 1673 931 1750 Quinctius
958 1672 1150 1739 Corinthum
1173 1686 1220 1738 est
1245 1671 1422 1757 profectus:

359 1773 392 1827 et
407 1761 447 1826 ad
462 1775 586 1848 portam
609 1782 682 1825 eum
699 1760 899 1825 Cretensium
925 1760 1055 1826 cohorte
1076 1761 1214 1836 accessit,
1229 1771 1266 1824 ut
1286 1757 1425 1824 Philocli

359 1847 510 1932 praefecto
538 1846 625 1910 urhis
650 1846 825 1931 adpareret,
854 1859 1025 1934 tyrannum
1054 1867 1071 1908 a
1099 1844 1249 1932 Philippo
1276 1844 1425 1910 descisse.

360 1933 520 1998 Philocles
535 1946 567 1996 et
585 1934 653 2017 ipse
674 1931 714 1996 ad
734 1933 956 2017 imperatorem
974 1933 1154 1997 Romanum
1168 1932 1202 1996 in
1216 1930 1424 2017 conloquium

359 2020 462 2084 veuit:
482 2019 698 2104 hortantique,
718 2030 754 2084 ut
774 2019 935 2104 extemplo
956 2017 1113 2096 transiret,
1130 2017 1303 2105 urbemque
1316 2019 1425 2083 trude·
1503 2055 1504 2094 ξ

359 2116 419 2180 ret,
434 2105 481 2168 ita
503 2105 676 2190 respondit,
701 2121 735 2168 ut
758 2105 914 2170 distulisse
935 2127 999 2170 rem
1025 2105 1134 2192 magis,
1157 2125 1254 2190 quam
1278 2125 1422 2191 negasse,
1503 2105 1504 2110 ’

359 2190 530 2256 videretur.
575 2192 606 2256 A
622 2191 779 2256 Corintho
794 2191 965 2268 Quinctius
982 2192 1169 2278 Anticyram
1184 2192 1323 2277 trajecit:
1345 2192 1425 2256 iude
1503 2195 1504 2232 l

359 2271 488 2342 fratrem
508 2276 755 2359 adtentandam
775 2279 978 2342 Acarnanum
1001 2290 1127 2366 gentem
1150 2277 1247 2342 misit.
1294 2276 1424 2342 Attalus
1503 2303 1504 2364 j

358 2367 399 2428 ab
416 2365 513 2448 Argis
529 2364 695 2450 Sicyonem
712 2376 758 2429 est
771 2363 942 2449 proiectus.
985 2364 1037 2428 lbi
1047 2375 1080 2428 et
1092 2363 1202 2428 civitas
1216 2363 1305 2427 novis
1319 2363 1425 2430 hono-

358 2450 447 2515 ribus
461 2463 579 2515 veterea
601 2451 684 2537 regis
707 2449 844 2515 honores
869 2451 975 2514 auxit:
999 2463 1031 2514 et
1046 2471 1099 2515 rex
1114 2449 1189 2514 ⁶¹ad
1204 2448 1248 2527 id,
1269 2451 1355 2536 quod
1372 2473 1425 2516 sa-

359 2557 450 2600 crum
465 2536 624 2622 Apollinis
645 2557 757 2624 agrum
779 2536 895 2622 grandi
916 2536 1077 2623 quondam
1096 2538 1232 2620 petuma
1246 2535 1426 2604 redemerat
1503 2547 1504 2552 ’

359 2623 421 2698 eis3
445 2636 513 2687 tum
527 2645 664 2710 quoque,
681 2643 722 2686 ue
742 2623 809 2686 sine
831 2621 936 2708 aliqua
957 2621 1174 2687 munificentia
1186 2623 1365 2708 proeteriret
1378 2625 1425 2689 ci·

358 2709 485 2774 vitatem
501 2711 619 2792 socium
633 2723 727 2795 atque
742 2709 884 2784 amicam,
901 2707 1044 2773 6¹decem
1067 2707 1184 2774 talenta
1198 2711 1320 2794 argenti
1334 2711 1426 2775 douo
1503 2773 1504 2780 ,

358 2795 457 2873 dedit,
483 2813 515 2861 et
540 2795 682 2860 “decem
713 2794 811 2859 millia
836 2795 1032 2859 medimnilm
1058 2791 1220 2860 frumeuti.
1254 2808 1349 2882 atque
1377 2798 1425 2862 ita

360 2881 540 2947 Cenchreas
562 2883 603 2947 ad
628 2903 722 2946 nares
747 2883 849 2947 rediit.
894 2880 938 2946 Et
962 2881 1071 2959 Nabis,
1087 2879 1248 2945 ⁶⁴firmato
1272 2883 1426 2967 praesidio

359 2969 467 3056 Argis,
485 2969 747 3034 Lacedaemonem
771 2989 940 3053 regressus,
956 2990 1054 3054 quum
1069 2968 1136 3052 ipse
1151 2968 1233 3032 viros
1247 2967 1426 3052 spoliasset,
1503 2973 1504 3018 l

197 3069 345 3117 Uxorrtmi-
359 3055 400 3119 ad
425 3055 556 3120 feminus
578 3053 757 3138 spoliandas
771 3053 937 3117 ⁶⁵uxorem
962 3059 1065 3142 Argos
1090 3055 1220 3119 remisit.
1264 3055 1313 3118 Ea
1334 3077 1425 3123 nuuc

198 3136 234 3181 ‘¹⁵⁸
244 3137 342 3211 argiva
359 3141 498 3228 singulas
512 3139 668 3215 inlustres,
684 3159 770 3201 nunc
785 3139 876 3202 simul
899 3139 1004 3224 plures
1025 3162 1140 3228 genere
1155 3141 1237 3204 inter
1251 3163 1284 3206 se
1293 3142 1425 3228 junctas
1503 3191 1504 3196 η

197 3199 291 3263 ῬΜ
359 3228 432 3292 dom
439 3250 491 3291 um
513 3225 710 3300 arcessendo,
726 3223 980 3312 blandiendoque
997 3247 1034 3290 ao
1048 3227 1210 3308 minando,
1225 3247 1289 3290 uon
1305 3250 1424 3294 aurum
1503 3269 1504 3284 .

361 3314 457 3378 modo
473 3313 520 3388 iis,
536 3313 589 3376 sed
607 3323 765 3394 postremo
780 3325 897 3380 vestem
921 3335 1046 3399 quoque
1061 3312 1277 3399 mundumque
1291 3335 1422 3382 omnem

359 3398 543 3464 muliebrem
554 3399 681 3462 ademit.

620 3503 748 3550 lauritio.
779 3505 885 3552 Arses'lr'a
893 3521 918 3552 se
928 3507 992 3552 miss.
1005 3507 1079 3553 Grou.
1092 3505 1158 3552 Cres.

395 3605 426 3646 60
443 3600 821 3648 Nonimmshtishacedoemusisb
838 3603 876 3648 de·
908 3603 984 3661 sibus,
1002 3601 1110 3648 scutariis
1141 3601 1223 3648 itidem
1250 3603 1423 3653 Parisicusibus

362 3663 521 3727 clamorum]
548 3666 605 3712 Nou
627 3666 807 3724 declsrstursm,
819 3667 876 3727 quid
907 3667 1124 3729 protoplastem.

361 3731 445 3792 Argivi
457 3731 553 3788 vellent,
565 3731 677 3792 quamdiu
689 3732 787 3778 immisti
797 3733 874 3779 forent
939 3737 971 3780 64
987 3731 1230 3794 firmatupraess'ds'u]
1252 3732 1333 3782 Firmo
1339 3735 1424 3783 relicto

363 3796 544 3843 Lacedremonil.
907 3800 944 3844 rel
956 3795 1072 3845 collocato
1083 3798 1200 3858 praesidio.
1232 3798 1271 3845 Sic
1281 3800 1380 3850 Tsoitus
1395 3801 1422 3848 iu

396 3861 498 3907 61⁸Ad
516 3863 544 3906 id
558 3857 630 3923 quod]
653 3864 741 3910 Praeter
757 3863 782 3909 id
802 3863 874 3923 quod,
908 3863 1027 3924 Agricola,
1038 3877 1059 3908 c.
1080 3869 1117 3910 14.
1148 3863 1261 3910 Subacts's
1274 3865 1421 3924 sumtum,

362 3934 516 3988 preterquam
527 3927 598 3986 quod.
900 3930 1054 3992 flumenque
1062 3929 1191 3988 proert'dts'r.

395 3992 643 4039 nenecessitatem
657 3989 766 4054 argenti]
783 3993 875 4039 Murcus
941 3997 972 4040 65
993 3989 1104 4055 Uxorem]
1119 3994 1225 4054 Apcgsm
1243 3995 1354 4042 nominc:
1380 4010 1423 4042 cn·
1503 3991 1504 4000 ³

362 4061 480 4104 nostrates
490 4064 545 4108 9³7.
558 4058 811 4118 cumquotuorunciis.
905 4060 945 4118 J'us
960 4064 984 4105 et
1001 4058 1152 4104 simulacrum
1170 4057 1301 4106 cruciandis
1317 4060 1424 4107 homiui·
1503 4093 1504 4096 =

395 4127 425 4169 63
443 4123 532 4169 Decem
552 4124 631 4168 millia
648 4122 793 4169 massanum
814 4123 875 4179 sru-
908 4124 952 4170 hus
968 4123 1125 4178 excogitatum
1140 4124 1295 4172 etsdmotum
1309 4126 1423 4186 sepiusu
1503 4139 1504 4148 ¹

361 4184 448 4249 mesti]
471 4188 606 4234 Medimnus
626 4195 674 4232 erut
694 4201 804 4233 mensura
824 4188 874 4232 sru-
907 4193 1009 4248 tyranno
1028 4187 1139 4234 describit
1155 4189 1238 4248 Polyb.
1258 4191 1274 4237 l.
1288 4190 1363 4236 Xlll.
1381 4205 1422 4238 ex«.
1503 4185 1504 4244 ζ

327 4307 332 4318 ,
362 4267 418 4310 gum
446 4254 508 4314 apud
532 4253 638 4310 Atticos,
658 4265 701 4312 pur
723 4265 763 4296 sex
782 4252 874 4298 modiis.
907 4257 990 4300 tremo.
1009 4251 1091 4299 'Vide
1106 4253 1177 4300 etism
1188 4254 1279 4302 Rollini
1290 4256 1361 4306 trist.
1370 4257 1423 4306 hn-
1503 4251 1504 4298 i

362 4318 446 4378 ltaque
456 4319 535 4364 decem
551 4316 626 4362 millis
641 4315 786 4363 medimnum
802 4316 875 4375 requi-
907 4317 1107 4380 tiq.'rom.v111.
1121 4333 1145 4380 p.
1157 4323 1211 4366 20³.

361 4390 474 4445 parantur
490 4385 538 4431 iere
551 4385 639 4428 tutto·
656 4381 741 4430 modiis
758 4381 873 4430 Parisinu-
