3042 4954
301 203 339 256 aa
693 177 971 256 T1T1L'1v11

144 347 280 427 escaus.
303 372 423 448 petens,
439 381 511 424 cunr
532 359 686 444 expeditis
700 361 839 446 quinque
862 360 1000 425 millibus
1021 315 1175 445 peditum,
1192 373 1225 424 et
1246 371 1373 426 trecen·

143 443 280 492 *⁰·²⁰⁰·
306 447 345 512 tis
370 447 526 532 equitibus
554 447 714 532 extemplo
742 447 912 531 profectus,
935 469 1029 510 cursu
1056 467 1156 530 prope
1178 444 1372 512 Chalcidem

306 532 477 613 contendit,
492 532 738 620 haudquaquam
753 533 867 598 dubius
889 533 1028 617 obprimi
1045 532 1208 596 Romanos
1222 555 1329 618 posse.
1351 555 1389 608 a,

297 633 367 706 'qua
388 619 555 689 destitutus
577 643 641 705 spe,
657 641 716 684 nec
738 618 910 706 quidquam
932 617 1029 695 aliud,
1046 640 1140 702 quarn
1163 620 1202 683 ad
1226 618 1374 684 deforme

306 704 518 788 spectaculum
536 706 696 770 semirutae
711 727 747 769 ac
767 705 916 770 fumantis
938 705 1031 768 sociae
1053 704 1137 768 urbis
1153 727 1249 791 quum
1265 706 1374 789 venis-
1417 751 1444 786 μ

306 806 361 866 set,
378 792 486 876 paucis
501 793 566 869 vix,
578 793 633 879 qui
655 791 823 878 sepelirent
843 790 927 855 bello
948 791 1117 868 absumtos,
1133 792 1260 869 relictis,
1276 815 1375 877 aeque

305 877 421 961 raptim
433 900 470 942 ac
481 891 621 959 venerat,
630 885 841 966 transgressus
852 892 948 962 ponte
961 877 1129 960 Euripum,
1140 899 1199 964 per
1209 879 1375 966 Boeotiam

144 963 450 1028 ructatus-Athenas
464 963 564 1042 ducit,
578 965 682 1050 ⁹⁸pari
696 965 823 1049 incepto
844 963 930 1027 haud
945 963 1103 1048 disparem
1120 978 1266 1029 eventum
1282 979 1375 1030 ratus

307 1069 544 1134 responsurum.
568 1064 599 1115 et
621 1051 842 1136 respondisset,
859 1051 892 1113 ni
910 1050 1098 1135 speculator,
1116 1050 1375 1134 (fflhemero'dro-

307 1159 375 1202 snos
391 1148 504 1202 vocant
516 1137 634 1214 Graeci,
647 1138 758 1224 ingens
768 1138 817 1200 die
831 1157 896 1200 uno
911 1159 1004 1200 cursu
1019 1135 1202 1201 emetientes
1217 1137 1375 1222 spatium)

306 1222 536 1308 contemplatus
559 1224 680 1310 regium
704 1243 817 1310 agmen
833 1245 851 1285 e
872 1225 999 1308 specula
1013 1221 1160 1306 quadam,
1172 1245 1376 1310 praegressus

305 1323 399 1373 nocte
410 1310 513 1373 medin
529 1309 672 1375 Athenas
685 1311 884 1395 pervenisset.
921 1309 1011 1373 Idem
1025 1309 1071 1372 ihi
1085 1330 1226 1386 somnus,
1243 1311 1376 1386 eadem-

306 1419 368 1480 que
382 1395 474 1483 negle
497 1397 581 1460 entia
595 1411 674 1473 erat,
690 1419 762 1482 quae
778 1395 961 1460 Chalcidem
977 1395 1043 1460 dies
1065 1408 1137 1459 ante
1158 1418 1277 1479 paucos
1295 1419 1377 1482 pro·

306 1481 440 1547 diderat.
454 1491 457 1498 ’
474 1419 625 1547 ἕΕκεὶῐειϊί
648 1483 766 1547 nuncio
788 1482 911 1566 trepido
926 1494 957 1545 et
980 1492 1098 1566 praetor
1113 1484 1375 1561 Atheniensium,

306 1580 338 1632 et
352 1567 537 1654 Dioxippus
560 1569 727 1653 praelectus
743 1567 881 1633 cohortis
900 1567 1043 1632 mercede
1058 1567 1259 1632 militantium
1276 1573 1376 1634 auxi·

306 1654 433 1730 lictum,
449 1656 628 1719 convocatis
648 1656 680 1718 in
705 1656 808 1719 forum
831 1653 992 1728 militibus,
1010 1653 1085 1718 tuba
1101 1654 1225 1740 signum
1241 1675 1375 1722 exerce
1433 1653 1439 1658 ’

306 1739 373 1805 dari
384 1741 509 1828 jubent,
525 1753 561 1804 ut
575 1740 682 1804 hostes
696 1741 806 1806 adesse
820 1762 928 1804 omnes
943 1741 1068 1804 scirent.
1091 1740 1136 1804 ita
1151 1742 1292 1826 undique
1307 1743 1377 1809 ¹ad
1397 1824 1399 1828 ,

308 1830 424 1910 portas,
441 1827 482 1891 ad
498 1848 604 1890 muros
618 1827 809 1891 discurrunt.
850 1826 971 1890 Paucas
993 1837 1066 1910 post
1081 1825 1175 1908 horas
1190 1827 1375 1914 Philippus,

307 1913 470 1997 aliquanto
483 1925 589 1976 tamen
604 1924 677 1976 ante
694 1913 808 1989 lucem,
824 1911 1081 1998 adpropinquans
1097 1912 1178 1989 urbi,
1195 1917 1377 1998 conspectis
1407 1961 1411 1966 -

307 1998 479 2062 luminibus
501 1998 629 2075 crebris,
645 2013 677 2062 et
694 1998 819 2063 fremitu
842 1997 1007 2062 hominum
1030 1999 1257 2084 trepidantium
1273 2004 1377 2085 (utin

307 2083 362 2148 tali
378 2084 530 2163 tumultu)
546 2085 705 2162 exaudito,
722 2086 871 2150 sustinuit
889 2085 995 2172 signa:
1019 2097 1050 2150 et
1064 2085 1227 2149 considere
1242 2108 1279 2150 ac
1293 2109 1376 2152 con·

308 2171 471 2256 quiescere
487 2193 601 2256 agmen
618 2173 720 2257 jussit,
734 2173 768 2234 vvi
783 2181 892 2256 aperta
913 2170 1083 2256 propalam
1099 2192 1224 2248 usurus,
1241 2175 1377 2259 quando

308 2278 421 2339 parum
436 2257 528 2322 dolus
543 2255 715 2342 profuerat,
748 2259 823 2323 2Ah
839 2257 960 2343 Dipylo
975 2257 1112 2321 accessit.
1135 2273 1228 2341 porta
1242 2282 1290 2338 ea,
1306 2261 1376 2326 vel-

306 2356 344 2408 ut
359 2345 391 2406 in
407 2365 463 2408 ore
483 2344 570 2408 urbis
590 2346 704 2430 posita,
720 2345 821 2430 major
841 2344 1005 2428 aliquanto
1026 2347 1258 2431 patentiorque,
1274 2369 1375 2432 quam

293 2442 431 2507 ceterae,
447 2445 510 2494 est:
533 2442 565 2494 et
579 2430 662 2494 intra
684 2453 752 2496 eam
773 2442 844 2494 extr
886 2451 924 2492 ue
946 2429 1019 2494 latae
1041 2441 1113 2493 sunt
1129 2431 1198 2508 viae,
1217 2445 1298 2496 utet
1313 2455 1377 2519 up-

307 2516 416 2600 pidani
434 2517 571 2604 dirigere
593 2519 690 2582 aciem
713 2513 824 2582 a'foro
844 2452 886 2578 hd
910 2527 1032 2598 portam
1053 2529 1203 2600 possent:
1226 2530 1258 2583 et
1279 2532 1377 2594 extra

307 2601 397 2666 limes
413 2602 498 2666 mille
515 2602 613 2668 ferme
635 2627 755 2689 passus,
771 2605 804 2666 in
818 2601 1021 2665 ⁸Academiae
1034 2603 1234 2688 gymnasium
1256 2603 1374 2688 ferens,

330 2689 407 2764 editi
433 2690 592 2775 equitique
617 2689 755 2754 hostium
781 2688 916 2766 liberum
942 2689 1076 2772 spatium
1106 2689 1274 2772 praeberet.
1321 2691 1376 2758 Eo

306 2711 409 2840 limite
431 2777 638 2841 Athenienses
663 2799 735 2840 cum
759 2774 857 2839 Attali
884 2773 1033 2859 praesidio
1055 2787 1086 2838 et
1111 2774 1243 2840 cohorte
1265 2777 1379 2843 Diox-

306 2861 385 2948 ippi,
402 2857 469 2928 acie
489 2863 573 2928 intra
593 2877 718 2948 portam
739 2862 902 2936 instructa,
918 2860 1010 2944 signa
1031 2860 1239 2926 extulerunt..
1271 2862 1377 2939 Quod

306 2949 363 3014 ubi
383 2948 549 3035 Philippus
572 2949 661 3028 vidit,
677 2947 793 3012 habere
814 2969 847 3010 se
867 2944 971 3009 hostes
993 2945 1025 3007 in
1048 2957 1204 3028 potestate
1227 2961 1327 3030 ratus,
1342 2966 1378 3019 et

307 3035 381 3100 ⁴diu
407 3048 518 3120 optata
540 3035 627 3099 caede
654 3032 875 3118 (nequeenim
902 3029 957 3094 ulli
982 3031 1169 3127 Graecarum
1197 3035 1376 3103 civitatium

307 3121 450 3186 infestior
470 3123 551 3199 erat)
567 3118 778 3202 expleturum,
795 3117 977 3181 cohortatus
1001 3116 1124 3194 milites,
1141 3130 1184 3193 ut,
1200 3143 1232 3184 sc
1248 3125 1377 3202 intusa.

307 3219 361 3289 tes,
374 3217 561 3292 pugnarent,
577 3208 747 3288 scirentque
761 3203 806 3266 ibi
818 3204 919 3287 signa,
936 3202 981 3266 ibi
1001 3205 1095 3266 aciem
1111 3227 1173 3269 esse
1187 3208 1304 3286 debera,
1318 3211 1379 3284 ¹ubi

306 3407 415 3450 munsvsc
430 3399 574 3460 precipuum
585 3403 622 3446 est
637 3397 744 3444 auxiliari
761 3396 822 3458 peri·
855 3407 908 3456 qua
925 3399 1024 3442 secatur
1038 3394 1152 3455 Dipylon.
1170 3395 1225 3443 viu.
1239 3394 1256 3442 h
1268 3397 1339 3446 vnn
1353 3417 1379 3450 c.

306 3464 464 3522 cirtensibus,
481 3464 652 3520 secundum,si
669 3463 766 3524 perdite
787 3475 822 3509 res
859 3467 895 3510 17.
924 3461 980 3508 Uns
994 3461 1045 3508 haee
1060 3464 1130 3520 ports
1143 3473 1173 3506 es
1189 3463 1378 3523 entiquisurlsis

306 3533 365 3588 sint,
378 3530 461 3576 saltem
473 3528 563 3574 ulcissi.
690 3571 696 3582 ,
855 3526 1004 3574 Athenarum
1024 3525 1098 3586 pertis
1120 3525 1190 3572 hodie
1205 3527 1301 3589 integre
1322 3545 1378 3580 me.

338 3601 369 3646 aa
381 3594 446 3640 Pars·
457 3592 747 3654 incepsoheesdde'epurcm
755 3607 821 3638 esea·
851 3596 905 3646 net,
920 3591 1046 3653 spectabile
1061 3589 1210 3650 antiquitatis
1228 3607 1378 3644 monumen.

306 3657 368 3721 tum]
394 3659 503 3706 Athenas
524 3671 553 3704 ex
580 3657 709 3717 improviso
730 3653 821 3719 oppug·
853 3660 913 3702 tum.

305 3724 374 3772 nanti
405 3722 462 3780 sibi,
492 3722 688 3782 quemadmodum
719 3722 822 3770 Romani
885 3718 1055 3768 adredesera
1063 3717 1230 3786 mnndum]
1246 3723 1313 3772 Olim
1323 3727 1378 3787 pri.

305 3786 442 3836 Chalcidem
483 3793 669 3849 oppugnassent,
713 3789 821 3835 eumdem
853 3787 902 3833 suti
914 3785 1016 3832 hominis
1034 3785 1118 3831 hortm
1128 3784 1214 3843 luerat,
1234 3794 1318 3848 postes
1333 3807 1375 3840 ee-

304 3859 416 3900 erentum
430 3866 597 3913 responsurum
612 3859 687 3912 retus,
698 3864 767 3913 quem
778 3854 820 3900 hs·
853 3851 916 3898 lehre
927 3850 1086 3912 gymnasium,
1098 3849 1124 3896 in
1139 3863 1187 3910 quo
1198 3852 1267 3899 Plato
1278 3854 1307 3902 de
1319 3858 1378 3918 phi.

305 3917 532 3966 buissentllomanl.
849 3916 960 3976 losophia
978 3915 1096 3969 dissemit‚
1108 3916 1172 3961 nude
1190 3916 1242 3974 eius
1261 3918 1377 3984 discipuli

336 3989 368 4032 99
385 3978 590 4045 Haemum]
608 3983 648 4030 Ab
668 3979 738 4050 ἡμέρα
759 3985 818 4043 dies,
853 3980 988 4029 Academici
1004 3980 1069 4026 dieti.
1102 3979 1320 4033 Nomen-ducebat
1342 3989 1376 4038 sb

302 4043 408 4115 etlglpe
419 4061 496 4094 curre.
547 4050 551 4059 '
852 4048 981 4103 Academo,
997 4045 1048 4092 sive
1065 4045 1183 4092 Eaedemo
1201 4046 1281 4097 heroe.
1315 4052 1376 4104 ind,

338 4112 512 4174 radpertus,
527 4118 583 4174 pest
598 4113 632 4160 sd
647 4109 738 4177 mures]
759 4114 821 4176 Lege
853 4112 918 4159 Plut.
938 4111 964 4157 in
983 4109 1084 4165 Theseo,
1105 4110 1205 4157 Pansae.
1224 4113 1241 4160 l.
1259 4111 1278 4158 1.
1299 4117 1376 4178 mog,

302 4194 331 4228 ex
343 4192 392 4226 uuo
408 4191 422 4224 s
436 4177 529 4239 seriptis
545 4179 671 4238 Gronosil,
683 4179 717 4226 sd
726 4186 819 4240 portes,
850 4176 928 4224 Laert.
939 4175 964 4221 iu
976 4176 1037 4222 Plst.

300 4244 466 4292 etedsssssros.
703 4269 706 4276 =
883 4241 971 4288 ⁴Ds'ss
981 4245 1064 4300 optata
1077 4239 1156 4286 cede.
1169 4244 1378 4313 ..cepissem

334 4309 404 4355 adl
421 4307 515 4371 Dipylo
532 4304 643 4372 messuit]
664 4309 771 4357 Accessit
789 4311 818 4357 sd
851 4305 1166 4367 mompsuestenum.
1198 4307 1302 4357 Videtur
1325 4315 1377 4362 tels

302 4375 384 4422 urbem
398 4373 429 4422 sb
441 4387 471 4422 es
485 4377 561 4436 parts,
573 4389 620 4436 qus
634 4375 675 4424 slis
689 4381 759 4438 porte
770 4379 816 4430 est,
851 4371 908 4435 quid
919 4369 1038 4418 excidisse.
