3104 4976
332 174 388 238 red
724 175 838 236 TlTI
866 174 1039 238 L1v11‘

170 361 306 412 nomas.
330 358 407 406 tam.
451 336 682 406 Dilataeodie
702 359 751 404 res
772 352 829 406 est.
874 341 995 422 Anam,
1017 337 1140 406 Punico
1162 338 1293 426 ingenio
1311 341 1395 412 inter

171 421 201 474 Α·
215 428 306 476 ῡίῐθθ·
332 427 452 492 Poenos
473 447 557 506 usus,
572 425 703 492 tabelias
716 425 911 511 conscriptas
932 425 1137 512 celeberrimo
1152 427 1334 512 locosupra
1347 453 1410 496 sev

109 533 114 540 ·
330 513 404 578 dem
419 513 636 599 quotidianam
651 512 935 596 ‘'magistratuum'
948 513 1053 598 prima
1072 533 1202 596 vespera
1214 498 1395 600 suspendit.

330 601 398 684 ipse
408 598 448 665 de
464 598 557 663 tertia
571 598 679 684 vigilia
693 621 804 665 navem
820 600 1004 666 conscendit
1017 611 1048 664 et
1062 597 1216 685 profugit.
1254 601 1398 670 ,Postero

275 715 285 724 ·
331 687 391 763 die,
429 707 507 750 uum
523 685 658 750 Suffetes
672 684 776 771 adjus
787 686 959 752 dicendum
973 685 1410 772 consedissenteouspectae»

331 708 466 849 tabeidae,
491 771 680 857 denteque,
705 784 737 836 et
761 771 864 838 lectae.
910 772 1070 859 Scriptum
1091 783 1169 850 erat,
1190 793 1396 840 nisteronem

332 877 506 923 nervuum
538 880 583 922 sn
616 877 797 936 uenturas,
825 877 969 924 eunucu
1003 880 1048 924 sn
1077 877 1244 924 seuroeas
1268 860 1327 944 (ita
1347 883 1409 932 se„

332 957 442 1010 natum
476 944 642 1032 vocabant)
678 963 844 1010 usuram
875 965 1054 1012 assuisse.
1103 944 1298 1014 ⁹·Publiceto
1334 949 1395 1013 cri-

332 1033 428 1108 mine,
455 1029 560 1096 minus
585 1032 707 1096 intenta
730 1030 772 1096 de
792 1031 902 1116 paucis
925 1033 1060 1118 quaestio
1082 1044 1160 1096 emt.
1181 1033 1265 1098 mitti
1289 1045 1395 1101 temen

332 1116 453 1206 legatos
477 1118 626 1196 Romam,
649 1118 705 1204 qui
726 1139 794 1182 rem
816 1117 857 1183 ad
870 1119 1022 1184 consules
1047 1132 1079 1185 et
1098 1117 1160 1183 ad¹
1180 1131 1325 1202 senatum
1340 1119 1397 1184 de-

269 1223 280 1231 ·
333 1203 463 1282 ferrent,
478 1205 615 1290 placuit;
637 1203 733 1270 simul
753 1204 809 1292 qui
830 1204 871 1269 de
892 1205 1015 1292 injuriis
1032 1204 1210 1275 Masinissae
1225 1197 1398 1291 quereren-

335 1303 398 1356 tur,
680 1349 686 1354 .
1087 1349 1090 1358 ,
1312 1353 1315 1362 ,

173 1377 301 1459 nussim
374 1375 495 1444 LXII.
520 1377 689 1446 Masinissa
716 1391 884 1466 postquam
908 1389 941 1446 et
964 1377 990 1420 ¹⁰
999 1377 1130 1444 infames
1152 1378 1398 1465 Karthaginien·

173 1446 307 1558 fflmf
336 1487 393 1544 ses,
408 1478 440 1530 et
453 1465 538 1530 inter
552 1466 682 1552 seipsos
696 1465 857 1532 discordes
872 1465 979 1542 sensit,
994 1465 1155 1550 prinsipes
1165 1476 1299 1550 propter
1312 1464 1398 1536 ,ebu-

173 1526 290 1625 „nm'fp
335 1549 445 1636 loqnia
458 1551 617 1617 Aristonis
637 1552 929 1631 senatui,·sanatom
945 1565 1074 1638 propter
1086 1551 1241 1618 indicium
1258 1549 1399 1637 ejusdem

336 1639 496 1705 Aristonis
518 1639 645 1724 ,populo
681 1651 880 1724 suspectum
916 1639 1023 1704 locum
1051 1639 1176 1725 injuriae
1203 1659 1271 1708 esse
1299 1650 1399 1716 ratus,

334 1746 446 1812 agrum
473 1726 802 1794 maritimumeorum
826 1737 858 1790 et
878 1725 1168 1812 depopulatusest,
1191 1723 1398 1811 erqmsdam

336 1811 429 1876 urbes
456 1812 535 1876 vecti
558 1811 621 1876 ales
648 1811 961 1901 Karthaginiensium
986 1811 1046 1876 sibi
1069 1811 1176 1900 coie'git
1204 1811 1398 1896 stipendium

333 1897 482 1981 pendere.
528 1835 683 1983 Kmporia
704 1911 819 1964 vocant
839 1920 908 1964 eam
935 1898 1109 1986 regionem.
1131 1919 1189 1962 ora
1207 1909 1255 1962 est
1269 1897 1400 1968 minoris

335 1985 450 2070 Syrtis,
466 1996 498 2049 et
522 1985 588 2070 agri
615 1983 735 2061 uberis3
758 1984 956 2058 unacivitas
977 1986 1043 2071 ejus
1059 1983 1188 2070 Leptis:
1215 2006 1254 2048 ea
1274 1983 1321 2049 sin
1347 1983 1400 2048 ula

330 2069 454 2134 indies
480 2069 599 2134 talenta
621 2072 754 2159 vectigal
779 2070 1098 2159 Karthaginiensibus
1120 2069 1216 2136 dedit
1263 2007 1400 2142 afflue!

333 2168 402 2220 tum
426 2157 587 2242 regionem
610 2170 763 2222 ettotam
789 2156 933 2224 infestam
955 2156 1136 2235 Masinissa,
1151 2167 1237 2224 etex
1258 2155 1408 2256 quadem,

332 2254 423 2326 perte
448 2243 556 2308 dubiae
580 2244 797 2328 possessionis,
819 2246 867 2311 sui
893 2244 995 2333 regni,
1018 2265 1060 2310 an
1081 2243 1398 2331 Karthaginiensium

311 2342 423 2418 sesset,
439 2329 594 2396 effecerat.
616 2343 649 2396 et
662 2331 739 2418 quia
754 2331 848 2396 simul
861 2332 901 2397 ad
918 2330 1084 2419 purganda
1102 2330 1245 2405 crimina,
1261 2343 1293 2396 et
1306 2351 1400 2416 ques-

333 2427 402 2480 tum
424 2416 465 2481 de
478 2439 511 2482 se
527 2417 665 2482 Romam
685 2441 740 2484 eos
761 2418 862 2484 ituros
881 2417 1057 2502 comperit:
1081 2418 1135 2504 qui
1156 2429 1189 2482 et
1210 2415 1264 2482 illa
1285 2437 1398 2480 onera·

335 2514 408 2567 rent
426 2503 666 2590 suspicionibus,
681 2515 714 2570 et
734 2504 775 2570 de
795 2505 868 2592 jure
891 2503 1092 2590 vectigalium
1117 2503 1338 2588 disceptarent,
1353 2501 1400 2571 ls-

170 2729 319 2844 ἓξὲξ.
336 2700 611 2830 Andochoasinidl
625 2701 666 2830 ete
674 2700 982 2830 Poesnibubellanddhr
1002 2699 1091 2829 εῖδει.
1114 2700 1253 2830 madhe
1274 2785 1311 2834 ea
1332 2699 1400 2826 shs-

172 2861 251 2909 nsunt
335 2850 420 2936 picIo
434 2852 554 2917 crimen
569 2851 736 2940 urguebat,
751 2852 850 2938 quod,
869 2872 964 2937 quem
983 2847 1245 2936 comprehensum
1262 2849 1400 2916 Romam

269 2989 273 2998 .
335 2938 420 3003 mitti
443 2938 620 3024 placuisset,
644 2961 702 3003 nec
727 2940 841 3023 ipsum,
862 2959 923 3003 nec
948 2959 1059 3002 navem
1089 2937 1155 3022 ejus
1178 2933 1399 3001 custodissent.

336 3025 389 3090 De
403 3047 481 3112 agro
495 3025 609 3090 deinde
622 3047 696 3090 cum
705 3025 794 3110 'regis
808 3025 920 3108 legatia
933 3023 1104 3108 disceptari
1118 3034 1267 3106 coeptum.
1313 3020 1399 3085 Ker-

324 3111 548 3200 'thaginienses
571 3113 645 3196 jure
667 3111 781 3174 finium
810 3132 951 3176 caussam
982 3109 1288 3193 tutabantu13quod
1313 3109 1401 3172 intra

334 3219 384 3263 eos
408 3200 553 3263 terminos
578 3207 662 3275 esser,
686 3198 793 3281 quibus
805 3200 847 3262 P.
863 3198 968 3281 Scipio
991 3200 1089 3262 victor
1112 3219 1230 3282 agrem,
1246 3197 1301 3279 qui
1311 3193 1401 3279 juris
1448 3211 1450 3223 ¹

334 3295 409 3353 esset
430 3285 747 3370 Karthaginiensium,
759 3285 905 3367 finisset.-
935 3295 968 3348 et
988 3281 1182 3370 confessione
1207 3303 1240 3346 re
1264 3281 1304 3344 'st
1334 3281 1400 3364 qui,

335 3392 424 3455 qaum
447 3371 598 3455 Aphirem
617 3370 785 3456 prrfitgum
807 3393 845 3435 er
865 3391 1036 3455 regnosco,
1052 3391 1117 3450 cam
1135 3377 1232 3454 parte
1280 3368 1402 3437 umido-

443 3511 625 3571 ”magnaura
636 3509 711 3557 Gron.
778 3507 974 3556 ¹addel.Gron.
987 3509 1057 3557 Crev.
1121 3507 1292 3556 resistebat.

368 3648 382 3687 8
398 3636 607 3702 Megiste-atum]
620 3640 712 3700 Nempe
723 3639 849 3699 Suffetum,
883 3645 997 3702 tanquam
1009 3639 1136 3688 rebellandi
1147 3639 1247 3688 consilis
1257 3639 1383 3698 agitantes.

335 3706 376 3765 qui
388 3705 450 3752 intra
463 3707 619 3768 appellantur.
651 3706 712 3753 Hac
727 3710 764 3752 est
780 3707 850 3754 lectio
918 3707 1047 3754 nram
1058 3714 1111 3753 tum
1120 3700 1252 3767 regiorum]
1263 3705 1336 3751 Hanc
1345 3709 1399 3750 tum

335 3772 476 3832 scriptorum
495 3776 520 3817 et
547 3777 605 3816 vett.
632 3771 760 3829 editorum,
790 3777 850 3819 teste
868 3772 1002 3832 'regionem
1030 3777 1055 3818 et
1079 3777 1156 3818 totam
1178 3772 1267 3816 smeret
1288 3770 1399 3817 infestam

335 3837 465 3884 Gmnorio.
500 3837 628 3884 consentit
636 3837 701 3884 Vrct.
712 3837 849 3884 cadeaRe-
882 3839 1008 3896 vmtsndo,
1026 3839 1131 3896 oreud03
1153 3842 1179 3883 et
1197 3835 1284 3883 secent
1305 3847 1400 3894 quoque

334 3902 451 3950 certiores
467 3903 525 3949 editi
546 3902 607 3948 maie
630 3902 786 3966 praeferebant
799 3918 850 3950 ma·
882 3908 910 3949 ut
926 3903 1006 3950 ecdem
1024 3904 1089 3964 regio
1106 3903 1206 3964 quedam
1218 3915 1246 3948 ex
1257 3903 1400 3961 pertentet

330 3970 460 4030 grassatus.
807 3969 810 3976 '
882 3968 960 4014 dubie
976 3967 1140 4027 possessionis,
1157 3968 1321 4027 incertumque
1336 3969 1401 4010 esset

365 4041 380 4082 9
399 4033 524 4081 Pabiimto
534 4028 645 4094 erimine]
656 4032 738 4085 Quum
746 4033 847 4080 exAris·
880 4032 1032 4081 Numidicine
1049 4034 1117 4094 regni
1132 4032 1175 4079 ills
1189 4045 1244 4092 psrs
1255 4043 1286 4078 sn
1298 4031 1401 4077 cutht-

333 4099 398 4146 tonis
409 4099 498 4146 indicio
512 4098 658 4159 suspiciones
672 4099 723 4156 jam
733 4103 759 4144 et
769 4099 847 4144 crimi-
879 4099 1023 4159 giniemium
1030 4103 1106 4145 etsets
1126 4097 1182 4157 quis
1193 4111 1277 4157 nempe
1289 4095 1399 4156 quedam

333 4167 442 4212 nationes
462 4167 487 4212 iu
505 4170 584 4211 totum
602 4164 759 4210 communiter
778 4177 847 4210 sens·
878 4164 904 4210 in
916 4177 944 4211 es
955 4163 1052 4224 regions
1067 4164 1119 4210 locs
1127 4161 1279 4224 possidebat,
1289 4175 1341 4221 que
1353 4173 1399 4207 sus

331 4235 394 4289 tum,
411 4246 460 4278 rma
478 4231 503 4278 iu
517 4231 635 4291 privatum
653 4241 793 4290 quemquam
812 4243 846 4276 re·
879 4243 930 4276 esse
952 4229 1114 4286 contenderet,
1137 4227 1346 4288 carthaginienses
1368 4229 1398 4274 ut

331 4295 444 4343 riderent.
637 4291 644 4326 ἶ
878 4309 907 4342 er
920 4308 945 4340 sc
954 4295 1043 4353 injuste
1055 4299 1124 4357 eapte
1133 4297 1272 4356 repeterent.

366 4365 395 4405 ιο
413 4353 531 4419 Insames]
566 4359 691 4419 Suspectos
719 4358 844 4417 Romanis,
