3042 4954
338 185 377 245 ³6
728 179 838 238 ΤΙΤΙ
869 177 1006 238 lell

178 363 317 420 uomet.
340 363 388 415 ter
401 348 541 435 objectos
564 343 705 430 undique
730 365 835 408 ramos
857 342 1071 428 inpediebant.
1116 343 1317 411 Cretensium
1334 365 1405 410 uua

178 431 210 477 A.
222 431 249 476 tt
259 435 316 476 ⁹⁰⁰⁴
340 435 455 502 cohors
477 455 541 498 non
561 431 683 496 inutilis
697 442 783 495 erat:
807 429 864 494 sed
877 452 916 494 ea
929 451 1055 516 quoque
1069 430 1136 516 ipsa
1157 445 1202 508 ut,
1217 433 1243 496 si
1259 430 1329 517 quis
1348 432 1402 496 in-

341 536 448 608 petum
470 519 595 593 faceret,
610 518 645 582 in
667 529 828 600 patentem
842 515 1104 603 vulneriequum
1127 519 1328 604 equitemque
1351 540 1405 584 sa·

340 608 437 697 gittas
462 606 617 692 conjicere
639 615 774 689 poterat,
798 603 842 666 ita
856 601 1039 666 ⁴“adversus
1058 617 1146 668 scuta
1172 605 1317 669 Romana
1340 625 1405 668 nec

341 695 381 760 ad
395 691 616 781 trajiciendum
631 690 703 754 satis
716 709 865 775 maguam
880 690 943 752 rim
961 689 1105 766 babebat,
1120 711 1179 754 nec
1193 691 1293 776 aperti
1307 689 1407 774 quid·

341 801 436 868 quam
459 791 536 857 erat,
552 781 638 864 quod
663 788 791 860 peteret.
836 775 949 861 Itaque
969 774 1003 839 id
1027 789 1062 840 ut
1080 797 1194 841 vanum
1222 776 1275 842 teli
1300 799 1406 863 genua

341 879 506 932 senserunt
525 887 602 942 esse,
627 862 710 928 saxis
732 862 846 947 passim
874 874 942 926 tota
965 861 1045 926 valle
1064 862 1244 947 jacentibus
1266 864 1408 928 incesse·

341 953 420 1018 bant
442 954 576 1017 hostem.
605 973 652 1027 ea,
676 951 794 1034 majore
818 969 891 1012 cum
914 946 1030 1024 sortitu,
1053 970 1147 1034 quam
1170 949 1300 1014 vulnere
1322 948 1406 1030 ullo,

340 1039 477 1126 pulsatio
502 1055 664 1103 scutorum
689 1055 861 1121 parumper
886 1035 1088 1100 succedentes
1105 1035 1267 1101 Romanos
1288 1036 1405 1102 tenuit.

179 1131 287 1176 retrun-
343 1126 482 1204 Deinde,
497 1125 535 1190 iis
556 1144 683 1210 quoque
707 1121 828 1207 spretis,
843 1120 971 1206 partim,
986 1121 1146 1188 testudine
1165 1121 1258 1200 facta,
1273 1145 1331 1208 per
1345 1123 1409 1187 ad-

180 1195 448 1298 l‘l¹⁸²²¹³⁰¹'‚⁰'⁵'r'ersos
460 1211 580 1276 vadunt
591 1208 714 1274 hostes:
760 1207 864 1284 artior,
877 1207 965 1272 brevi
976 1207 1109 1272 circuitu
1125 1229 1222 1294 quum
1238 1211 1271 1274 in
1283 1211 1406 1297 jugum

179 1273 289 1372 ibim
344 1301 432 1366 collis
449 1299 628 1376 evasissent,
643 1229 784 1380 trepidbs
798 1316 839 1357 ex
849 1293 1003 1378 praesidiis
1025 1295 1273 1381 stationibusque
1289 1295 1404 1362 Mace-

343 1387 443 1452 donas
464 1386 653 1450 deturbant:
677 1398 718 1459 et,
735 1396 770 1445 nt
784 1381 817 1445 in
833 1379 911 1445 locis
926 1379 1074 1466 inpeditis
1095 1381 1215 1446 difficili
1231 1381 1316 1470 fuga,
1331 1383 1404 1470 ple-

343 1495 458 1558 rosque
472 1473 567 1538 etiam
582 1469 782 1534 obtruncant.

388 1560 465 1624 XL.
489 1559 540 1624 Ita
553 1553 711 1645 angustiae
735 1556 858 1620 minore
880 1554 1061 1634 certamine,
1077 1577 1171 1642 quam
1187 1555 1271 1644 quod
1288 1557 1404 1622 animis

342 1657 586 1733 proposuerant,
614 1657 782 1729 superatae,
809 1652 841 1707 et
865 1642 898 1705 in
924 1642 1093 1708 Eordoeam
1116 1658 1321 1729 perventum3
1343 1643 1402 1708 ubi

341 1734 528 1822 pervastatis
548 1732 665 1816 passim
688 1730 781 1815 agris,
796 1729 830 1793 in
846 1727 1003 1797 Elimeam
1019 1752 1052 1795 se
1067 1729 1193 1814 recepit.
1215 1729 1291 1795 inde
1312 1730 1406 1816 inpe-

342 1835 410 1886 tum
427 1821 459 1883 in
476 1816 655 1883 Orestidem
671 1815 764 1891 fecit3
786 1827 817 1878 et
831 1815 984 1901 oppidum
998 1815 1158 1880 Celetrum
1170 1829 1217 1882 est
1227 1818 1406 1904 adgressus,

342 1908 376 1972 in
398 1904 567 1991 peninsula
591 1903 698 1968 situm.
743 1901 848 1966 Lacus
869 1905 987 1966 moenia
1001 1902 1116 1989 cingit:
1139 1904 1281 1989 angustis
1303 1903 1406 1968 sauci·

223 2025 225 2031 ·
342 1993 402 2058 bus
424 2010 523 2056 unum
549 2009 590 2054 ex
617 1988 792 2078 continenti
817 1989 876 2052 iter
900 2003 958 2054 est.
1004 1988 1115 2054 Primo
1140 1989 1203 2055 situ
1228 1993 1298 2075 ipso
1318 1989 1405 2068 freti,

343 2078 457 2144 clausis
475 2077 586 2163 portis,
602 2075 771 2161 imperium
795 2073 952 2140 abnuere:
975 2074 1100 2153 deinde,
1116 2091 1284 2164 postquam
1310 2077 1407 2165 rigna

343 2166 431 2242 ferri,
451 2187 487 2228 ac
516 2163 673 2229 testudine
699 2161 824 2226 succedi
849 2160 889 2225 ad
914 2176 1051 2246 portam,
1066 2165 1271 2250 obsessasque
1296 2166 1404 2228 fauces

344 2253 471 2340 agmine
483 2250 623 2315 hostium
635 2250 792 2325 viderunt,
805 2249 986 2334 priusquam
997 2250 1216 2333 experirentur
1231 2266 1404 2328 certamen,

344 2352 430 2404 metu
457 2338 489 2402 in
516 2337 709 2402 deditionem
728 2347 893 2400 venerunt.
937 2335 988 2400 Ab
1004 2331 1132 2401 Celetro
1153 2337 1187 2400 in
1202 2336 1404 2402 Dassaretios

342 2426 505 2512 processit,
521 2424 696 2509 urbemque
711 2421 836 2487 Pelium
855 2422 887 2486 vi
909 2423 1004 2507 cepit.
1026 2423 1149 2488 servitia
1168 2422 1242 2488 inde
1264 2445 1336 2489 cum
1351 2445 1406 2489 ce·

253 2519 255 2528 ’
342 2527 411 2578 tera
425 2511 535 2597 proeda
550 2511 695 2587 abduxit,
711 2523 743 2573 et
755 2509 854 2573 libera
868 2509 973 2593 capita
988 2509 1055 2573 sine
1068 2511 1172 2594 pretio
1186 2509 1305 2576 dimisit
1313 2533 1322 2588 ;
1345 2533 1406 2596 op-

344 2599 519 2685 pidumque
532 2598 570 2661 iis
585 2596 734 2674 reddidit,
749 2594 900 2681 praesidio
914 2594 1020 2660 valido
1039 2596 1186 2681 inposito.
1208 2619 1281 2664 nam
1297 2610 1330 2664 et
1343 2598 1405 2663 sita

343 2702 523 2772 opportune
545 2684 621 2749 urbs
642 2697 709 2748 erat
730 2682 771 2746 ad
791 2682 918 2766 inpetus
937 2681 969 2745 in
988 2680 1212 2750 Macedoniarn
1233 2683 1405 2750 faciendos.

345 2772 395 2838 Ita
415 2772 591 2859 peragratis
612 2771 750 2835 hostiurn
774 2769 868 2854 agris,
884 2768 993 2834 consul
1009 2769 1042 2833 in
1059 2769 1128 2834 loca
1144 2772 1211 2856 jam
1235 2783 1347 2856 pacata
1361 2771 1405 2836 ad

345 2859 561 2945 Apolloniam,
577 2856 663 2922 unde
684 2878 773 2922 orsus
795 2855 913 2920 bellum
934 2869 1011 2932 erat,
1027 2855 1134 2942 copias
1149 2856 1284 2922 reduxit.
1331 2855 1406 2923 Phi-

287 3003 291 3012 .
345 2946 468 3033 lippum
493 2957 672 3010 averterant
689 2943 802 3019 AEtoli,
818 2956 850 3006 et
864 2944 1068 3018 Athamanes,
1084 2953 1116 3006 et
1130 2942 1288 3021 Dardani,
1304 2955 1336 3008 et
1356 2956 1406 3010 tot

347 3033 429 3099 bella
441 3045 570 3118 repente
585 3031 646 3096 alia
660 3051 701 3094 ex
715 3028 784 3093 aliis
798 3028 876 3092 locis
890 3039 1007 3092 exorta.
1050 3026 1210 3094 Adversus
1219 3029 1405 3110 Dardanos,

340 3121 410 3207 jam
430 3119 616 3203 recipientes
634 3138 673 3180 ex
689 3113 881 3179 Macedonia
896 3135 973 3191 sese,
990 3113 1232 3202 Athenagoram
1255 3139 1328 3182 cum
1348 3141 1406 3184 ex·

344 3205 461 3292 peditis
486 3203 646 3290 peditibus
667 3225 705 3267 ac
729 3202 850 3287 majore
871 3213 960 3286 parte
988 3199 1145 3287 equitatus
1166 3203 1263 3280 misit,
1281 3205 1406 3290 jussum

344 3293 463 3356 instare
486 3289 527 3356 ab
552 3304 643 3376 tergo
666 3288 866 3364 abeuntibus,
884 3301 927 3364 et,
942 3286 1103 3372 carpendo
1125 3302 1321 3373 postremum
1347 3314 1406 3378 ag-

267 3430 271 3439 ,
344 3399 429 3454 men,
445 3399 478 3442 se
523 3378 604 3442 iores
627 3397 682 3460 eos
709 3375 750 3439 nd
773 3373 945 3442 movendos
968 3375 1063 3438 domo
1088 3377 1247 3441 exercitus
1270 3373 1405 3444 efficere.

345 3463 473 3530 AEtolos
522 3463 692 3528 amocritus
705 3474 835 3546 proetor,
851 3460 906 3544 qui
921 3481 1020 3525 morae
1034 3459 1075 3525 ad
1089 3460 1323 3528 decernendum
1339 3463 1407 3529 bel-

293 3589 301 3604 =
344 3552 411 3617 lum
426 3549 467 3616 ad
480 3549 681 3634 Naupactum
698 3561 810 3612 auctor
822 3545 936 3624 fuerat,
952 3546 1036 3613 idem
1051 3549 1200 3633 proximo
1214 3550 1350 3615 concilio
1363 3553 1407 3618 ad

345 3660 435 3704 arma
450 3637 646 3702 conciverat:
670 3646 745 3720 post
753 3633 869 3698 famam
881 3635 1034 3720 equestris
1042 3635 1080 3698 ad
1092 3634 1312 3722 Octolopbum
1324 3659 1407 3740 pug-

344 3746 406 3802 nte,
431 3723 721 3810 Dardanorumque
746 3734 777 3784 et
794 3718 930 3785 Pleurati
954 3742 1026 3786 cum
1043 3720 1160 3808 illyriis
1184 3723 1350 3789 transitum
1372 3745 1407 3790 m

345 3808 583 3887 Macedoniam,
595 3808 634 3873 ad
647 3809 717 3873 baec
727 3807 832 3872 classis
844 3809 998 3874 Romnnoe
1012 3806 1038 3848 ⁴⁹
1047 3808 1218 3874 adventum
1229 3810 1265 3890 in
1273 3809 1409 3892 Oreum,

345 4012 394 4062 tire
402 4013 466 4074 quod
476 4028 504 4059 ex
516 4019 614 4072 utraque
626 4021 692 4074 parte
701 4012 779 4058 cresim
790 4013 858 4059 ferire
890 4014 1006 4075 equiturn.

345 4084 432 4142 posset·
455 4079 509 4125 vid.
520 4079 627 4124 Martiali
638 4079 748 4124 lexicon.
921 4085 953 4128 ta
969 4079 1105 4128 Ademtum
1120 4082 1147 4126 t’n
1166 4075 1266 4144 Oreum]
1288 4081 1350 4142 bega
1365 4083 1408 4129 ad·

377 4145 560 4192 ⁴⁸*Adnersur
581 4151 650 4191 unua
667 4139 787 4202 Romana]
809 4143 859 4189 Ad·
890 4150 986 4190 aarum
1000 4143 1095 4191 &euna
1129 4137 1408 4196 sternuente.

344 4224 425 4258 versus
443 4207 545 4270 “pedites
565 4210 686 4256 Romanoa
713 4210 786 4255 acutis
809 4209 860 4254 auia
892 4209 1070 4257 antonomum
1089 4210 1192 4258 Romam
1213 4212 1347 4259 adventant.
1375 4213 1409 4262 Et

343 4281 463 4338 protector
480 4290 563 4337 parurn
585 4273 730 4336 proficiebat,
749 4274 805 4334 quia
816 4288 860 4320 nec
892 4273 975 4321 tarent
986 4274 1038 4321 libri
1051 4275 1157 4336 quidam,
1171 4277 1211 4338 qui
1225 4277 1355 4338 praeierunt
1367 4281 1408 4328 ad-

344 4343 500 4390 ...Scutae
530 4341 634 4403 pediturn
666 4346 743 4397 emnt,
767 4354 860 4400 parante
893 4341 1001 4386 veneratu
1016 4339 1108 4386 Oreum.
1351 4335 1354 4342 '
