3082 4976
418 7 423 16 ¹
517 1 524 32 l

368 193 427 249 508
539 177 1257 250 T1T1.1.1vrrr.utxt..car.1.1x.

211 359 243 407 ut
252 358 281 406 a
292 363 348 409 sra-
371 343 501 438 quldent
521 347 674 434 perculsis
688 347 848 414 Thraecae
860 343 926 413 sed
941 347 1000 433 ipsi
1014 349 1102 414 Deos
1117 359 1267 416 attereres
1276 347 1365 442 ‘fuge
1378 374 1430 420 es-

210 423 241 472 *
251 425 281 472 θ’·
294 429 347 474 ¹⁷⁹·
371 436 602 524 ae,coelamque
617 435 649 500 in
665 457 698 500 se
711 433 948 500 ruereaiebant.
991 433 1147 520 Dissipati
1158 433 1305 520 procella,
1316 461 1430 528 quum,

372 538 534 608 tamquam
557 543 602 586 ex*
612 520 789 607 naufragio,
805 519 949 606 plerique
962 520 1141 586 semiermes
1154 521 1193 586 in
1215 537 1329 605 castra,
1345 527 1433 591 unde

372 608 506 692 prefecti
527 619 627 684 erant,
643 605 814 682 redissem
836 605 1008 671 consultari
1022 607 1099 693 qnid
1114 621 1255 694 agerent,
1268 623 1431 696 coeptunr:

371 694 447 758 inde
466 705 536 760 orta
557 693 720 770 dissensio,
741 691 809 756 aliis
831 691 1037 767 redeundum,
1053 692 1121 758 aliis
1146 694 1378 778 penetrandum
1392 699 1431 762 iu

371 779 571 854 Dardaniam
600 777 809 843 censentibus.
854 777 1003 865 Triginta
1023 776 1121 844 ferme
1141 779 1242 844 millia
1263 781 1431 847 hominum

363 863 543 950 (Clondico
567 863 648 930 duce
674 863 806 950 profecti
829 867 932 945 erant)
954 876 1175 946 pervenerunt.
1197 878 1301 932 cetera
1321 868 1432 933 multi·

371 951 451 1016 tude
465 964 560 1028 retro,
576 973 639 1037 qua
652 964 802 1014 venerant
809 961 830 1026 ¹,
845 949 1145 1016 transdanubianam
1161 951 1321 1040 regionem
1337 975 1433 1038 repe·

211 1047 349 1124 saugosae
372 1037 431 1102 tiit.
478 1035 624 1114 Perse'us,
653 1037 771 1122 potitus
799 1055 909 1122 regno,
934 1035 1069 1101 interfici
1095 1037 1293 1125 Antigonum
1317 1041 1433 1126 jussit:

212 1113 358 1160 *mm*
371 1136 413 1201 et,
440 1121 516 1186 dum
536 1122 679 1188 firmaret
702 1144 761 1200 rea,
774 1121 897 1208 legatos
917 1121 1055 1186 Romam
1077 1122 1119 1187 ad
1140 1123 1311 1190 amicitiam
1326 1138 1435 1210 pater-

371 1229 446 1274 nam
461 1209 684 1286 ranorandam,
700 1207 993 1292 petendumqueut
1004 1229 1062 1273 rex
1076 1209 1117 1274 ab
1131 1222 1241 1275 senatu
1256 1211 1434 1296 adpellare·

371 1309 434 1370 tur‚
451 1293 546 1360 misit.
591 1293 676 1359 Haec
690 1316 729 1358 eo
743 1295 872 1358 annoin
887 1293 1077 1359 Macedonia
1091 1308 1191 1378 gesta.
1490 1373 1491 1382 ἵ

211 1389 358 1466 retenens.
415 1379 510 1444 LIX.
531 1380 625 1445 *Alter
649 1379 814 1445 consulum
839 1378 882 1456 Q.
899 1379 1029 1445 Fuluius
1054 1401 1098 1444 ex
1123 1379 1295 1468 Liguribus
1316 1384 1432 1448 trium·

209 1457 353 1518 arnapam.
370 1464 487 1552 phavit
511 1485 605 1552 quem
628 1467 825 1551 triumphurn
846 1466 948 1551 magis
972 1467 1094 1553 gratim,
1110 1487 1206 1553 quam
1228 1489 1335 1533 retum
1357 1492 1431 1558 ges-

372 1567 475 1628 tarum
505 1551 725 1640 magnitudini,
755 1553 863 1616 datum
898 1553 1073 1619 constabat.
1131 1555 1301 1618 Armorum
1330 1554 1432 1620 hosti·

370 1637 448 1702 lium
474 1656 622 1725 magnam
660 1638 723 1702 rim
753 1637 931 1712 transtulit;
963 1638 1083 1702 nullam
1118 1639 1285 1723 pecuniam
1313 1640 1428 1706 admo-

369 1723 456 1788 dum.
493 1723 598 1788 divisit
626 1737 731 1788 tamen
766 1722 800 1785 in
833 1723 973 1810 singulos
999 1724 1114 1791 milites
1141 1724 1310 1791 ¹‘tricenos
1342 1728 1428 1805 aeris,

299 1817 302 1824 '
370 1808 489 1894 duplex
502 1809 748 1890 centurionibus,
763 1808 880 1894 triplex
904 1810 1012 1896 equiti.
1057 1809 1148 1874 Nihil
1161 1811 1195 1876 in
1210 1830 1249 1875 eo
1262 1811 1429 1899 triumpho

369 1897 471 1984 magis
493 1895 615 1980 insigne
634 1893 704 1973 fuit,
727 1914 824 1995 quarn
848 1895 935 1980 quod
957 1895 1036 1960 forte
1055 1897 1170 1974 evenit,
1186 1912 1222 1960 ut
1240 1897 1349 1961 eodem
1373 1899 1429 1964 dia

369 1981 590 2065 triumpharet,
614 2003 678 2066 quo
702 1981 809 2064 prror'e
835 2001 920 2044 anno
941 2003 983 2044 ex
1004 1994 1143 2064 praetura
1165 1982 1427 2068 triumphaverat.

269 2075 275 2088 '
370 2064 553 2132 Secundum
577 2065 775 2151 triumphurn
795 2065 923 2130 comitia
944 2065 1053 2144 edixit,
1071 2066 1184 2152 quibus
1199 2069 1297 2134 creati
1310 2089 1427 2134 consu·

367 2149 413 2216 lea
428 2162 501 2216 sunt
518 2151 568 2214 M.
577 2151 692 2216 Junius
707 2150 837 2228 Brutus,
853 2153 891 2216 A.
905 2149 1048 2217 Manlius
1057 2153 1165 2218 Vulso.
1208 2153 1236 2198 ²⁷
1246 2155 1426 2221 Praetorunr

367 2237 451 2314 inde,
473 2237 575 2302 tribus
597 2238 718 2314 creatis,
735 2237 863 2302 comitia
884 2249 1051 2322 tempestas
1070 2237 1206 2303 diremit.
1229 2253 1354 2324 postero
1373 2241 1425 2306 die

367 2324 481 2410 reliqui
495 2337 558 2388 tres
572 2322 646 2388 iacti
667 2336 741 2388 ante
762 2321 845 2386 diem
861 2339 1009 2408 quartum
1026 2323 1102 2388 Idus
1118 2324 1330 2403 Martiaa‘M.
1342 2327 1425 2391 Titi·

367 2409 438 2475 nius
450 2407 586 2487 Curvus,
603 2408 655 2472 Ti.
672 2408 827 2473 Claudius
843 2408 941 2486 Nero,
957 2409 996 2473 T.
1014 2410 1165 2474 Fonteius
1181 2411 1323 2496 Capito*
1339 2412 1426 2477 Ludi

369 2493 507 2560 Romani
530 2495 695 2559 instaurati
716 2493 757 2558 ab
779 2493 923 2559 aedilibus
945 2495 1108 2560 curulibus
1124 2495 1185 2560 Cn.
1203 2497 1336 2563 Servilio
1351 2497 1423 2562 Cae·

267 2587 272 2600 '
291 2588 297 2600 '
365 2579 470 2665 piene,
488 2583 552 2665 Ap.
569 2580 704 2646 Claudio
721 2577 897 2657 Centhone,
913 2595 1043 2665 propter
1056 2581 1211 2668 prodigia,
1227 2605 1300 2668 quae
1313 2605 1424 2649 evene-

366 2679 449 2731 rant.
494 2665 597 2730 Terra
611 2666 727 2730 movit:
743 2667 776 2729 in
791 2663 867 2730 foris
880 2666 1026 2750 publicis,
1038 2667 1093 2731 ubi
1107 2667 1331 2734 lectisternium
1345 2683 1422 2749 erat,

365 2751 511 2818 Deorum
529 2751 646 2837 capita,
661 2773 734 2838 quae
756 2752 789 2816 in
811 2751 898 2816 lectis
920 2765 1019 2829 erant,
1035 2763 1216 2818 averterunt
1231 2777 1279 2831 se3
1303 2754 1424 2820 ”lans-

366 2860 429 2923 que
451 2859 523 2902 carn
545 2838 778 2924 integumentis,
794 2859 867 2922 quae
887 2838 961 2903 Jovi
985 2839 1130 2923 obposita
1150 2838 1219 2916 fuit,
1234 2839 1362 2906 decidit.
1384 2839 1424 2906 de

365 2943 474 2988 mensa
495 2923 580 2988 oleas
599 2945 726 3010 quoque
745 2936 949 3009 proegmtasse
969 2925 1334 3014 mureninprodigium
1356 2947 1423 2990 ver·

365 3029 434 3074 sum
450 3026 506 3075 eat.
550 3009 604 3074 Ad
626 3031 663 3074 ea
677 3011 835 3094 expianda
854 3007 932 3072 nihil
949 3009 1041 3088 ultra,
1057 3031 1153 3096 qaam
1168 3024 1205 3076 ut
1224 3011 1293 3077 ludi
1304 3013 1423 3078 instati-

365 3107 523 3172 rarentur,
538 3109 643 3160 actum
659 3106 715 3160 eat.

795 3221 912 3265 ⁸uerrcrat
923 3218 990 3265 Grec.
1002 3227 1004 3236 ’

398 3331 557 3383 refricem
566 3330 635 3398 erte]
651 3331 705 3378 Sira
715 3336 795 3378 ternos
807 3333 877 3379 deos·
910 3333 1070 3393 Obsequente,
1087 3333 1188 3394 lanaque
1207 3346 1260 3380 com
1276 3333 1422 3394 integriores<

365 3397 423 3454 rina,
436 3397 517 3457 quoles
528 3401 583 3444 octo
594 3395 688 3444 nnciam
701 3397 793 3458 argenti
803 3397 876 3444 Paria.
910 3398 952 3454 tir,
972 3413 1025 3460 qao
1040 3397 1099 3444 loni
1117 3403 1186 3444 erant
1204 3399 1322 3458 apposita.
1339 3398 1421 3446 duur

365 3463 477 3511 efficium.
510 3463 596 3512 Simul
612 3463 664 3508 boo*
677 3461 748 3508 nimir
767 3462 877 3522 exiguam
910 3462 956 3508 Sed
970 3475 1028 3510 non
1048 3463 1101 3509 ideo
1122 3474 1159 3508 rea
1181 3461 1210 3508 fit
1235 3463 1312 3509 multo
1333 3461 1420 3509 clarior.

365 3527 491 3582 ridebitur,
515 3529 588 3588 legat,
611 3533 641 3573 ut
667 3527 761 3586 quidum
789 3527 877 3573 babent
910 3527 1042 3573 Sabellarum
1061 3527 1194 3588 auspicetur
1209 3527 1340 3588 lamque
1354 3527 1421 3574 vati-

364 3592 433 3650 erliti,
445 3599 555 3640 tremu-
909 3598 991 3640 mento
1002 3591 1131 3640 utebantur
1141 3591 1419 3640 ituriarlcoenamebal·

398 3663 428 3706 87
446 3657 580 3704 Pretorum
598 3655 653 3702 inde
677 3656 753 3703 tribur
780 3648 878 3719 matie]
909 3671 964 3704 neo.
991 3656 1047 3721 Neo
1066 3661 1130 3703 curet
1145 3655 1238 3702 ratione
1254 3657 1304 3704 bec
1314 3655 1420 3704 emenda·

364 3721 483 3768 Videntur
502 3722 542 3768 hio
559 3722 671 3770 exciditne
690 3722 787 3769 nentina
805 3722 877 3768 trium
909 3723 954 3775 tio,
973 3734 1046 3780 quam
1067 3721 1106 3768 hic
1125 3726 1209 3778 agatur
1223 3722 1253 3768 da
1270 3719 1420 3772 holstenio,

362 3784 460 3834 illorum
477 3791 613 3847 praetorum.
646 3785 731 3846 Neque
749 3783 812 3833 enirn
828 3786 878 3832 nlla
909 3786 958 3833 sive
977 3786 1048 3848 cpnlo
1063 3785 1163 3848 praebito
1182 3787 1239 3834 lovi
1254 3789 1279 3833 et
1300 3785 1355 3833 aliia
1369 3784 1419 3832 eliis.

363 3852 425 3899 ratio
446 3858 551 3906 cat-car
566 3851 610 3897 hoa
627 3851 707 3910 potius
723 3851 878 3912 supersederit
911 3850 976 3897 Hinc
996 3851 1024 3898 lit
1044 3864 1138 3910 qnoque
1158 3852 1248 3898 mentio
1269 3851 1372 3898 olearum
1391 3849 1418 3894 ds

363 3918 486 3964 nominare
496 3916 588 3974 livius,
600 3927 670 3976 quarn
686 3929 726 3962 eor
741 3917 782 3976 qni
797 3921 876 3978 poeto·
909 3927 1000 3972 nanu,
1011 3915 1066 3962 Jori
1085 3913 1177 3962 scilieet
1194 3914 1311 3976 apposita,
1322 3930 1339 3964 a
1350 3911 1419 3961 mari·

364 3981 583 4030 rodiehctisuot.
910 3979 954 4028 bna
976 3983 1179 4041 praegustatorem.
1213 3979 1279 4031 Quid
1297 3981 1347 4028 aiat
1363 3979 1419 4024 late·

397 4047 615 4108 subsequenter
626 4041 809 4107 integumentis]
824 4045 878 4092 Mo-
908 4051 1026 4106 gummm
1041 4045 1099 4092 Jove
1120 4045 1227 4106 opposito
1248 4045 1286 4094 rel
1306 4043 1419 4108 oppandas
1490 4057 1491 4070 ¹

365 4114 407 4158 net
424 4111 535 4174 Sigonius
553 4111 678 4174 legendum
697 4122 748 4156 erre
767 4105 796 4156 ex'
810 4109 877 4156 lulio
910 4109 1007 4157 definire
1017 4123 1067 4157 nea
1077 4123 1210 4172 possumne.

684 4275 796 4383 aruis
818 4323 926 4384 ronr
947 4321 1102 4384 raaru.
