3042 4954
318 217 319 224 ,
430 163 901 226 Ltss.xxx1.cnr.xxl.
1087 256 1090 262 ,
1153 177 1189 240 19

114 326 226 410 umplso
239 326 357 412 ἀίεπω
370 319 597 392 esse·censebst
610 340 750 392 senatus:
773 329 828 392 sed
845 327 1048 412 exemplum‘u
1061 330 1184 414 mojori·
1196 332 1226 383 Β·
1235 334 1262 382 0
1275 341 1331 388 ⁸⁶¹·

112 413 169 478 bus
188 435 248 478 uon
268 413 445 495 accepisses
464 412 492 452 ⁸⁵
501 424 546 492 ut,
562 415 614 498 qui
627 435 720 500 neque
739 415 878 491 dictator,
894 437 987 500 neque
1007 417 1117 494 conusl,
1133 399 1223 482 nur-¹²·
1236 400 1263 446 ⁰·
1276 405 1341 472 ⁹⁰⁰·-

112 522 174 584 que
184 510 290 581 mutor
303 521 354 564 res
375 501 527 586 gessisset,
545 501 749 582 triumpharet.
793 503 859 572 Pto
873 501 992 566 consule
1009 503 1092 568 illum
1108 505 1184 570 Hu-

108 586 455 668 puniurupruniucium,
482 609 539 650 non
561 588 721 667 consulem,
747 598 803 650 out
823 597 991 668 proetornn,
1016 591 1182 656 obtinuisse.

111 671 360 737 Decurrebatur
375 688 480 736 tamen
495 695 544 751 eo,
563 687 597 742 ut
612 695 708 738 orsus
723 677 833 737 urbem
848 673 953 748 iniret,
971 675 1183 742 intercedente

111 758 164 822 Ti.
189 758 387 842 Sempronio
405 761 517 843 Longo
535 759 666 824 tribuno
691 759 792 844 plebis
800 783 809 836 ς
833 759 888 845 qui
912 759 1011 824 nihilo
1033 763 1134 848 mugit
1148 763 1181 828 id

109 865 201 908 more
215 847 390 930 majorum,
404 858 461 910 aut
476 844 540 909 ullo
554 846 701 932 exemplo
717 846 854 912 futurum
879 845 1008 912 diceret.
1055 848 1181 914 Postre-

108 953 164 996 mo
178 931 284 996 victus
299 953 455 996 consensu
480 931 613 996 Petrum
636 932 784 998 tribunus
808 932 915 997 cessit:
939 946 1023 1000 etex
1038 949 1181 1001 senatus-

108 1017 260 1084 consulto
276 1020 314 1082 Iu
332 1017 489 1082 Lentulus
503 1040 603 1082 orans
622 1019 731 1084 urbem
751 1034 798 1085 est
819 1020 986 1106 ingressus.
1008 1019 1181 1106 “Argenti

109 1103 184 1170 tulit
209 1126 255 1170 ex
278 1103 392 1189 prreda
415 1105 625 1190 quadraginta
649 1120 786 1192 quatuor
807 1105 907 1169 millia
929 1105 1054 1190 pondo;
1077 1109 1181 1180 ⁸⁷‚nuri

15 1183 16 1192 ’
108 1193 175 1255 doc
189 1190 295 1256 millis
309 1190 543 1278 quadringenta
564 1191 830 1279 quinquaginta't
853 1191 1005 1256 militibus
1017 1215 1057 1258 ex
1071 1195 1181 1281 praedu

16 1295 17 1332 ὲ
107 1278 133 1318 ⁸⁸
144 1291 279 1342 centum
297 1277 408 1365 viginti
423 1300 505 1342 asses
518 1278 634 1342 divisit.

16 1385 17 1394 ¹
153 1363 256 1429 XXI.
278 1363 354 1428 Jam
380 1364 537 1429 exercitus
563 1365 737 1430 consularis
765 1364 806 1431 ab
837 1366 966 1433 Arretio
996 1368 1180 1434 Ariminum

107 1451 280 1516 traductus
295 1463 374 1528 erat,
390 1464 422 1516 et
436 1452 576 1538 quinque
597 1451 696 1516 millia
717 1452 841 1516 socillm
860 1452 967 1518 Latini
988 1455 1126 1518 nominis
1139 1477 1180 1520 ex

109 1537 219 1602 Gallia
243 1537 278 1600 in
301 1536 465 1602 Etruriam
488 1539 688 1616 transierant.
712 1539 818 1624 itsque
839 1537 878 1604 L.
905 1539 1030 1618 Furius,
1057 1543 1180 1626 magnis

106 1623 280 1690 itineribus
295 1622 336 1687 ab
352 1623 502 1688 Arimino
516 1624 663 1689 adversus
679 1624 799 1702 Gallos,
817 1622 1008 1690 Cremonam
1032 1638 1099 1692 tum
1122 1627 1180 1690 ob·

18 1761 19 1784 .
103 1710 261 1787 sidentes,
275 1709 448 1795 profectus,
465 1724 566 1776 castre
582 1711 668 1776 mille
689 1711 936 1799 quingentorum
965 1733 1115 1796 passuum
1131 1713 1179 1776 in·

107 1796 242 1862 terrallo
257 1799 298 1860 sb
313 1795 404 1861 hoste
418 1797 532 1880 posuit.
578 1797 714 1870 Occasio
737 1799 864 1885 egregie
879 1797 924 1862 rei
945 1800 1093 1900 gerendae
1107 1795 1178 1878 fuit,

108 1884 134 1946 si
148 1885 302 1969 protinus
324 1882 365 1948 de
379 1885 431 1947 via
452 1885 492 1956 nd
516 1896 619 1949 castra
643 1883 859 1972 obpugnanda
880 1884 1030 1949 duxisset.
1077 1883 1179 1950 Palati

108 1970 226 2055 passim
242 1969 442 2070 regebantur
456 1965 513 2054 per
534 1993 639 2056 egros,
657 1970 744 2035 nullo
763 1971 837 2034 satis
851 1971 947 2034 firmo
970 1972 1081 2036 relicto
1095 1993 1180 2057 prae·

107 2056 202 2122 sidio.
224 2055 403 2120 lassitudini
426 2055 561 2120 militum
587 2057 702 2133 timuit,
718 2057 805 2143 q‘uod
832 2058 947 2142 raptim
968 2059 1100 2124 ductum
1123 2082 1179 2148 eg·

109 2165 183 2208 men
198 2158 283 2208 erat.
330 2143 427 2220 Gelli,
444 2142 582 2208 clamore
597 2165 728 2208 suorum
744 2164 784 2207 ex
800 2145 884 2232 agris
901 2145 1048 2222 revocati,
1064 2147 1178 2210 omissa

106 2229 232 2314 praeda,
248 2251 323 2317 quoe
344 2229 376 2292 in
404 2230 551 2294 manibus
573 2243 650 2308 erat,
674 2243 778 2294 castra
799 2230 982 2315 repetivere,
997 2244 1029 2296 et
1050 2246 1179 2317 postero

106 2316 161 2382 die
176 2317 210 2380 in
227 2317 327 2380 aciem
342 2316 511 2402 progressi.
536 2339 594 2382 nec
618 2317 786 2381 Romanus
808 2339 930 2382 ntorum
946 2319 1110 2406 pugnandi
1133 2318 1178 2382 fe·

106 2404 162 2468 cit.
177 2401 236 2468 sed
253 2403 306 2470 ,vix
324 2403 460 2488 spatium
473 2403 650 2468 instruendi
666 2403 740 2468 fuit:
765 2425 803 2468 eo
817 2425 912 2470 cursu
928 2403 1031 2468 hostes
1041 2404 1074 2469 in
1090 2427 1178 2491 proe·
1188 2416 1301 2466 Pretium

106 2489 187 2554 lium
202 2502 371 2554 venerunt.
416 2487 542 2554 Dextra
555 2489 606 2554 ala
622 2489 702 2576 (⁸⁹in
717 2489 782 2556 eles
803 2489 938 2554 divisum
961 2491 1107 2557 socialem
1122 2513 1178 2557 ex·
1186 2495 1239 2530 “¹¹¹³
1251 2486 1327 2532 ⁰¹¹⁸·

107 2577 245 2641 ercitum
266 2574 418 2656 habebnt)
435 2577 467 2640 in
481 2577 585 2661 prima
600 2575 666 2640 scie
689 2576 792 2642 locutu
806 2589 869 2641 est:
893 2578 925 2642 in
944 2578 1089 2643 subsidiis
1103 2548 1326 2662 duaessffim

13 2671 14 2678 ’
110 2663 272 2727 Romanoe
298 2663 446 2749 legiones.
491 2661 540 2726 M.
559 2662 674 2727 Furius
692 2662 822 2728 dextrae
846 2663 915 2741 ulae,
932 2665 1108 2749 legionibus
1125 2665 1175 2732 M.

109 2748 274 2825 Caecilius,
286 2749 444 2834 equitibus
461 2749 501 2814 L.
513 2749 659 2815 Valerius
677 2748 808 2814 Flaccus
827 2749 935 2834 (legati
950 2773 1059 2816 omnes
1073 2757 1176 2834 erant)

107 2837 288 2922 praepositi.
335 2836 460 2900 Praetor
475 2845 585 2900 'secum
607 2834 690 2900 duos
713 2833 843 2920 legatos,
867 2834 926 2900 Cn.
945 2831 1122 2900 Luetorium
1147 2855 1179 2902 et

108 2922 144 2986 P.
162 2921 325 2987 Titinium
338 2937 359 2997 ¹²,
374 2920 529 2987 habebat:
553 2943 626 2988 cum
649 2921 765 3009 quibus
780 2921 1075 3005 circumspicere‘et
1089 2923 1179 2988 obire

108 3009 148 3074 ad
173 3030 286 3072 omnes
310 3006 448 3073 hostiurn
479 3010 598 3074 subitos
624 3021 756 3072 cornutus
783 3019 897 3092 posset.
944 3008 1054 3072 Primo
1081 3009 1176 3086 Galli,

108 3094 197 3159 omni
213 3093 416 3160 multitudine
431 3097 464 3159 in
487 3119 588 3161 unum
602 3098 709 3160 locum
722 3093 749 3133 ⁹⁰
759 3094 907 3171 connisi⁰‚
924 3096 1061 3160 obruere
1082 3108 1178 3182 atque

107 3182 255 3247 obterere
284 3204 350 3246 sese
379 3181 527 3246 dextram
558 3181 653 3262 alem,
677 3203 750 3268 quae
779 3182 882 3267 prima
904 3194 982 3258 eret,
1009 3196 1178 3268 sperarunt
1252 3179 1255 3190 ’

107 3291 211 3355 posse.
234 3266 290 3332 ubi
305 3267 338 3330 id
359 3289 473 3352 parum
496 3267 700 3354 procedebat,
716 3269 907 3334 circumiret
921 3292 941 3332 u
956 3269 1122 3348 cornibus3
1145 3285 1177 3336 et

137 3409 158 3438 ¹¹¹
175 3407 498 3470 quiuquugtstodefflron.
512 3408 580 3455 crsv.
655 3405 825 3454 ”littorium
835 3406 902 3453 End.
985 3407 1178 3460 warmuse.

109 3473 387 3522 tmmmirsliaed.

140 3579 170 3619 85
191 3572 226 3620 Ut
253 3574 296 3634 qus·
317 3589 391 3636 neque
417 3574 530 3632 dictator,
552 3588 627 3637 neque
658 3572 742 3632 Neque
753 3570 816 3617 enirn
835 3571 874 3617 hic
891 3585 980 3618 novum
991 3572 1175 3634 sliquidspns-

109 3635 200 3701 comi]
210 3637 267 3685 Vid.
280 3639 296 3686 l.
308 3637 428 3686 xxv111.
440 3654 461 3686 c.
472 3645 512 3686 88.
657 3642 710 3684 tors
726 3637 816 3683 fectum
834 3643 990 3684 memoretur:
1010 3640 1051 3685 sed
1065 3639 1177 3688 obseres·

140 3708 171 3752 88
186 3705 299 3766 Argenti
317 3735 363 3752 ...
383 3705 547 3766 quodraginta
568 3719 626 3766 quo·
658 3708 700 3750 tur
714 3701 820 3749 solennis
837 3704 985 3750 consuetudo
1001 3707 1135 3766 temporum
1146 3706 1176 3752 il·

111 3776 162 3815 tsor
179 3771 261 3816 mitiis
279 3765 370 3832 pondo]
389 3770 491 3817 Selibrus
509 3775 626 3818 nostrates
659 3769 744 3822 lorum.
755 3769 902 3826 teststajsm
919 3783 933 3815 a
948 3769 1025 3827 livio,
1036 3769 1121 3816 XXV.
1134 3777 1173 3818 tt.

111 3836 290 3895 pcudstttto.
398 3839 400 3844 “
658 3831 859 3880 XXV11.t.etc.
880 3834 1000 3882 ldsutem
1013 3835 1119 3882 studiose
1132 3851 1175 3883 sn-

140 3907 171 3950 87
187 3901 253 3948 Auri
271 3901 320 3948 duo
337 3900 418 3946 millio
438 3893 626 3961 quadringente]
658 3903 728 3945 nutat
744 3903 834 3958 noster,
845 3897 902 3959 quis
918 3900 992 3960 ipsius
1008 3915 1058 3947 cero
1078 3915 1113 3948 res
1130 3901 1174 3948 im·

27 4016 28 4023 ¹
115 3965 208 4014 suturas
219 3971 343 4015 nostrates
354 3966 435 4025 pondo
445 3970 518 4014 8750.
658 3969 752 4010 mutate
761 3970 819 4011 esst
852 3965 918 4012 Nulli
933 3966 983 4024 jam
1001 3970 1070 4012 erant
1081 3966 1138 4012 socii
1150 3967 1175 4012 io

28 4038 29 4051 ¹
141 4039 168 4080 es
186 4034 290 4082 censum
300 4032 396 4092 uiginti
411 4025 484 4092 usus]
510 4028 626 4076 Denarios
658 4029 799 4076 exercitibus
811 4031 933 4077 Romanis.
968 4029 1018 4081 Qui
1035 4031 1098 4078 enlm
1109 4030 1175 4088 prius

112 4107 189 4162 snum
208 4115 265 4149 cnm
287 4095 397 4150 semisse,
418 4096 458 4157 qui
478 4109 528 4142 non
549 4099 626 4141 totum
658 4094 754 4142 iusmnt
773 4095 840 4152 socii,
852 4096 972 4143 cirltstcm
987 4097 1120 4156 Rumonem
1135 4109 1177 4153 per

109 4168 191 4230 explent
202 4161 420 4230 argentinensium.
659 4160 746 4208 bellum
766 4161 853 4207 sociale
870 4161 949 4221 sdspti
963 4162 1067 4219 fuerant,
1078 4173 1105 4204 sc
1122 4171 1176 4216 pro·

134 4241 160 4286 tt
175 4235 208 4284 In
219 4235 279 4282 alus
293 4228 401 4276 diuisum
409 4228 541 4274 exercitum
550 4227 626 4272 socio·
659 4225 752 4273 luduin
765 4227 869 4287 legiones
881 4229 943 4286 ipsus
955 4224 1174 4273 contrlbnebentur.

103 4301 143 4350 ts„
159 4293 278 4360 tabent]
299 4293 408 4356 triplice,
423 4293 445 4338 'l.
470 4291 503 4339 11.
522 4292 552 4336 dc
573 4291 626 4336 Mil.
692 4295 724 4338 90
740 4291 849 4354 Asinius]
872 4293 968 4339 muso.
988 4291 1088 4336 etVict.
1106 4289 1174 4335 codd.

100 4369 160 4423 pom,
188 4368 262 4429 ρων
290 4368 315 4412 7.
341 4357 389 4419 legi
412 4357 482 4415 Jubct
503 4356 626 4404 Ιιαὺιόαηῑ.
661 4360 685 4402 et
696 4357 800 4404 Andreae
810 4358 894 4414 editio,
907 4356 1011 4406 muniet.

701 4428 755 4484 cd
