3082 4976
397 158 462 216 uae
702 175 710 192 ·
768 155 1074 244 rrr1a1utt

244 314 379 381 mvi·
405 315 525 388 auxilia
545 332 764 402 contraxeram
787 317 1066 413 sed‘nequaqsnm'
1085 326 1221 410 mumero‘
1237 321 1426 390 mssitumhos·

243 397 313 446 Μ·
327 400 381 444 ¹⁸¹·
407 422 469 474 tem
498 409 653 496 aequabat
699 409 860 496 Principio
882 415 962 476 veris
988 413 1162 478 exercitum
1187 411 1218 475 in
1237 411 1425 510 Carpetaniam

407 495 507 573 duxit,
523 509 554 562 et
568 507 670 561 castra
688 499 805 562 locavit
819 497 862 563 sd
882 498 1035 584 oppidum
1052 495 1345 572 AEburam,mod1co
1362 513 1428 580 pra·

394 579 488 654 ‘sidio
501 584 542 646 in
566 579 643 646 urbe
664 583 776 669 posito.
822 584 932 649 Paucis
954 597 1026 670 post
1051 584 1161 650 diebus
1184 582 1335 657 Celtiberi,
1350 579 1429 644 millis

397 667 472 732 duo
486 665 584 732 ferme
598 667 680 746 iude,
698 669 759 733 sub
771 667 851 736 colle
872 684 1047 755 posuerunt
1061 686 1172 736 castra.
1194 691 1269 755 quos
1284 666 1333 733 ubi
1345 665 1429 730 adesse

334 793 342 802 -
407 765 526 838 praetor
549 754 715 818 Romanus
736 757 843 837 sensit,
860 756 908 821 M.
925 756 1071 822 Fulvium
1095 755 1221 822 fratrem
1246 774 1314 819 cum
1333 751 1431 816 duabus

396 840 521 904 ¹turmis
536 839 691 904 sociorum
707 841 848 927 equitum
867 843 906 908 ad
928 856 1031 906 castra
1045 841 1182 907 hostium
1197 839 1374 928 speculatum
1388 835 1431 899 mi·

408 925 457 1001 sit,
474 947 568 1010 quam
593 925 738 1011 proxime
758 929 925 994 succedere
945 928 985 993 ad
1008 929 1124 992 vallum
1140 931 1270 1015 jussum,
1288 940 1321 990 ut
1334 924 1442 998 viseret,

408 1025 528 1096 quanta
550 1026 671 1090 essemt3
694 1034 801 1097 pugna
821 1014 1002 1091 abstineret,
1017 1015 1232 1100 reciperetqne
1253 1033 1323 1088 sese,
1337 1009 1360 1072 si
1377 1007 1433 1070 hos·
1491 1049 1492 1052 κ

409 1097 489 1162 tium
520 1099 693 1184 equitatum
729 1112 895 1165 exeuntem
926 1100 1062 1164 vidisset.
1107 1101 1167 1177 Ita,
1198 1111 1233 1164 ut
1269 1107 1434 1184 praeceptum

398 1195 489 1262 erat,
502 1181 585 1249 iecit.
631 1184 693 1248 Par
707 1184 773 1248 dies
787 1185 907 1272 aliquot
917 1187 996 1250 nibil
1012 1186 1096 1250 ultra
1109 1199 1340 1270 motum,quam
1353 1194 1384 1244 ut
1395 1179 1433 1242 ha
1491 1197 1492 1206 ¹

409 1269 483 1334 duta
497 1282 611 1336 turmae
626 1266 883 1338 ostenderenturt
905 1271 978 1336 dein
1000 1271 1259 1348 subducerentur,
1275 1269 1326 1334 ubi
1339 1266 1435 1352 equits·

409 1367 461 1422 tus
484 1355 1063 1457 bostiumcastrisprocucurrissent&
1109 1357 1289 1424 Postremo·
1303 1349 1436 1425 Celtiberi,

409 1441 556 1508 omnibus·
577 1442 669 1506 simul
695 1442 836 1528 peditum
861 1443 1066 1532 equitumque
1087 1444 1189 1530 copiis
1204 1441 1313 1510 castris
1335 1435 1436 1526 egressis

410 1529 477 1594 acie
490 1527 610 1594 directa
625 1528 730 1594 medio
750 1528 847 1596 ferme
867 1532 969 1617 spatio
991 1533 1073 1596 inter
1098 1529 1174 1596 bins
1196 1543 1297 1596 castra
1316 1524 1437 1591 constite-

410 1627 495 1680 runt
541 1615 679 1700 Campus
700 1617 900 1701 erat-planus
915 1617 1018 1680 omnis
1039 1630 1071 1682 et
1091 1631 1184 1702 aptus
1198 1637 1322 1707 pugnae.
1343 1611 1381 1676 ibi
1391 1623 1438 1672 ste·

411 1715 478 1766 tere
493 1701 631 1788 Hispani
652 1699 773 1767 hostem
796 1715 1021 1790 exspectantes.
1067 1702 1233 1768 Romanus
1254 1695 1437 1766 intransllum

399 1809 484 1852 suos
508 1786 664 1853 continuit
691 1795 749 1871 p'er
773 1790 977 1875 quatriduum
999 1790 1207 1854 continuum:
1233 1803 1266 1854 et
1285 1786 1328 1852 illi
1350 1779 1437 1847 eodem

410 1874 482 1938 loco
503 1875 602 1939 aciem
626 1873 810 1940 instructam
833 1887 1010 1942 tenuerunt.
1054 1877 1105 1952 Ab
1122 1875 1277 1940 Romanis
1298 1869 1371 1936 nibil
1388 1885 1440 1929 mo·

409 1973 489 2025 tum.
512 1961 584 2024 inde
605 1959 751 2046 quievere
774 1962 806 2024 iu
832 1962 942 2026 castris
964 1959 1124 2039 Celtiberi,
1144 1960 1221 2048 quia
1240 1983 1282 2046 pu
1326 1979 1352 2021 ae
1370 1951 1440 2037 copis

201 2123 203 2132 y
408 2065 474 2109 non
498 2045 614 2111 fiebat:
633 2044 751 2130 equites
768 2059 895 2117 tantum
916 2048 949 2112 im
974 2047 1138 2112 stationem
1164 1980 1441 2134 egrediebbnturmt

289 2199 293 2206 ,
407 2133 512 2218 parati
526 2144 638 2208 essent,
653 2131 679 2194 si
694 2130 770 2217 quid
792 2135 833 2198 ab
851 2133 942 2199 hoste
962 2145 1149 2198 moveretur.
1170 2155 1257 2220 pone
1271 2143 1367 2196 castra
1384 2123 1441 2222 usi·

405 2237 472 2306 que
488 2219 678 2304 pabulatum
708 2231 739 2282 et
768 2219 923 2308 lignatum
952 2218 1051 2296 ibant,
1077 2221 1181 2285 neutri
1208 2219 1320 2284 alteros
1345 2208 1443 2298 inpedt·

402 2317 506 2372 entes.
927 2313 931 2326 “

248 2401 385 2478 uinquam:
454 2391 741 2463 XXX1.Praetor
766 2395 940 2471 Romanus,
964 2392 1018 2458 ubi
1044 2392 1118 2458 satis
1142 2401 1192 2458 tot
1217 2390 1339 2458 dierum
1362 2383 1444 2474 quiete

249 2465 370 2518 ΝΜ·
410 2479 546 2546 credidit
566 2503 652 2568 spem
674 2483 787 2549 factam
810 2479 903 2560 hosti,
917 2479 998 2545 nibil
1020 2502 1053 2544 se
1075 2479 1215 2565 priorem
1242 2492 1401 2546 moturum,
1413 2466 1443 2531 L

412 2565 551 2652 Acilium
566 2590 639 2634 cum
654 2569 704 2635 ala
718 2567 844 2634 sinistra
857 2579 889 2632 et
899 2585 955 2630 sex
969 2563 1108 2630 millibus
1124 2563 1362 2652 provincialium
1374 2573 1443 2622 auu·

408 2650 524 2720 tiorum
539 2654 707 2720 circumire
720 2665 859 2719 montem
876 2651 978 2739 jubet,
989 2652 1048 2738 qul
1059 2652 1100 2716 ab
1122 2665 1171 2718 ter
1194 2675 1215 2717 o
1229 2649 1367 2716 hostibus
1378 2651 1445 2712 ertit

410 2737 496 2817 inde,
519 2737 574 2804 nbi
593 2741 765 2807 clamorem
792 2739 937 2816 audisset,
960 2738 1128 2803 decurrere
1224 2751 1326 2804 castra
1347 2744 1444 2827 eorum·

409 2837 505 2891 uncte
518 2827 798 2910 protectumque
811 2838 939 2911 possent
953 2825 1103 2909 conspici.
1141 2823 1277 2890 Flaccus
1288 2823 1354 2887 luce
1363 2830 1446 2902 pumt

397 2910 451 2976 ·C.
476 2911 690 2995 Scribonium,
717 2912 900 2999 praefectum
931 2907 1064 2994 sociitm,
1099 2909 1141 2974 ad
1177 2909 1297 2976 vallum
1332 2900 1445 2969 bostium

397 2995 505 3061 '‘cum
529 2999 688 3085 equitibus
713 2997 972 3064 extraordinariis
1001 2997 1135 3061 sinistrae
1164 2996 1226 3061 aloe
1252 2991 1358 3060 mittit.
1386 3001 1447 3081 qut}l

409 3083 464 3148 ubi
480 3096 513 3147 et
532 3087 663 3170 propius
684 3085 843 3162 accedere,
859 3097 890 3148 et
912 3082 1028 3170 plures,
1044 3103 1138 3170 quem
1156 3083 1242 3147 soliti
1258 3090 1355 3155 erant,
1371 3069 1447 3165 001¹?

408 3169 479 3240 beri
503 3183 747 3257 conspexerunt,
774 3170 877 3235 omnis
905 3163 1061 3256 equitatus
1084 3166 1260 3234 effunditur
1285 3160 1401 3232 castris:
1418 3173 1449 3216 ⁸¹·

409 3256 477 3322 mul
490 3269 523 3322 et
536 3257 696 3342 peditibus
716 3258 842 3346 signum
862 3257 903 3320 ad
925 3254 1109 3322 exeundum
1124 3253 1230 3320 datur.
1253 3243 1447 3318 ‘'Sennomus

409 3343 457 3408 uti
477 3354 670 3429 praeceptum
693 3359 770 3421 mat
786 3342 842 3408 ubi
856 3341 994 3427 primum
1007 3339 1190 3404 ⁵fremiturn
1206 3335 1394 3428 equestrium
1408 3345 1449 3392 ut·

286 3468 290 3473 -
370 3474 373 3480 .,
393 3428 497 3507 ‘divit
513 3431 627 3496 avertit
647 3453 755 3516 equos,
769 3442 801 3494 et
815 3440 916 3493 castra
934 3427 1055 3512 repetit.
1077 3448 1116 3490 eo
1137 3425 1270 3491 effusius
1291 3420 1377 3508 sequi
1395 3415 1451 3478 110⁸·

340 3541 342 3543 ·
397 3526 463 3588 stes.
486 3516 597 3600 primo¹
611 3517 741 3602 equites,
756 3537 832 3580 mox
845 3527 878 3580 et
898 3512 1040 3599 peditum
1061 3512 1142 3578 acies
1167 3511 1290 3588 aderat,
1306 3503 1388 3572 haud
1405 3497 1449 3562 du·

408 3599 460 3664 bia
473 3623 540 3687 spe,
554 3601 679 3668 ⁶castra
691 3625 731 3667 eo
753 3602 853 3667 diense
873 3599 1120 3685 obpugnaturos.
1142 3599 1340 3686 quingentos
1352 3604 1451 3678 pestus

407 3707 472 3750 non
488 3688 568 3772 plus,
581 3689 694 3754 avallo
708 3689 848 3754 aberant.
892 3685 1014 3770 ltaque,
1026 3683 1083 3749 ubi
1095 3683 1230 3748 Flaccus
1242 3683 1318 3748 satis
1332 3679 1451 3743 abstrac-

407 3785 456 3838 tos
469 3794 525 3838 eos
540 3797 558 3837 a
572 3775 723 3859 praesidio
737 3787 914 3839 castrorum
929 3793 1058 3836 suorum
1076 3781 1165 3835 ratus
1180 3781 1241 3848 est,
1258 3771 1344 3834 intra
1356 3758 1453 3826 vallum

633 3892 818 3958 uprocnrrtme
830 3897 905 3944 Grau.
917 3894 985 3942 Cres.
1060 3892 1131 3940 ¹¹ius.
1140 3896 1166 3938 et
1175 3890 1245 3939 unu.
1280 3915 1284 3927 ·

437 4009 557 4058 ⁴Cume
589 4012 664 4063 itibus
675 4012 875 4059 ertrwds'acn‘r's
884 4012 918 4058 si·
940 4047 942 4054 Α
984 4010 1103 4056 econtra
1123 4023 1149 4055 eo
1168 4007 1209 4055 dic
1231 4021 1259 4054 se
1279 3985 1450 4066 offlssl
1491 4059 1492 4064 ,

404 4079 490 4124 stim
508 4078 553 4124 ala
596 4077 651 4124 vic.
669 4075 917 4125 nat.s‹t1.xxvt1.
949 4073 1018 4120 Nihil
1031 4074 1180 4121 mutandum.
1214 4072 1351 4130 usuram
1366 4065 1452 4124 sulm
1491 4065 1492 4116 l

404 4157 426 4191 e.
439 4148 479 4189 ts.
549 4167 550 4172 =
949 4144 1043 4186 tanturn
1062 4139 1126 4185 inter
1142 4137 1199 4186 bins
1216 4145 1299 4186 castra
1314 4123 1455 4194 apsumi·
1491 4191 1492 4200 ἵ

438 4207 604 4255 amttam
614 4203 767 4270 equestrium]
788 4205 852 4270 Lege
862 4218 916 4252 eam
948 4202 1043 4250 'Nunc
1060 4203 1144 4252 emsdt
1163 4203 1213 4250 illis
1232 4199 1341 4266 sum
1354 4200 1378 4242 ct
1392 4191 1454 4238 ΦΨ

398 4271 690 4333 Gummiofmalrssse
745 4279 819 4320 mear:
835 4285 916 4334 queas·
948 4269 1162 4329 qaoqasttsmns
1177 4281 1205 4316 ss
1221 4266 1400 4330 magnetum
1413 4261 1453 4314 ‘l‘

399 4337 683 4400 stumuusubtpmu
716 4337 835 4404 squama
861 4351 874 4362 ·
947 4341 1012 4382 rent.
