3042 4954
359 185 397 238 ³8
751 175 863 236 ΤΙΤΙ
892 173 1030 235 LIVII
1104 173 1109 178 '

198 357 266 412 un
279 347 335 410 aaa.
359 340 493 430 oemque
516 340 696 426 manipnlos
719 340 796 406 Ievis
816 353 999 418 armatura,
1024 341 1177 425 aquatum
1202 337 1249 402 ire
1271 348 1305 402 et
1325 353 1427 438 pran-

199 429 336 477 ΜΗΟΟ·
360 428 437 495 dere
459 429 568 514 jubet:
605 426 684 491 alios
711 427 744 490 in
775 428 911 492 statione
937 437 1077 492 mmatos
1104 425 1229 500 retinet,
1255 445 1427 510 opperrms

252 538 256 547 ¹
360 535 475 602 agmen
511 513 654 599 pediturn
690 512 811 578 tardius
838 514 971 579 dumam
1000 526 1132 598 propter
1159 511 1346 598 gravitatem
1370 534 1426 576 ar·

362 621 499 666 morum.
544 599 644 676 Quod
665 599 721 664 ubi
742 599 879 679 advenit,
898 615 931 664 et
950 599 1026 683 ipsis
1047 601 1248 684 imperatum,
1263 611 1311 676 nt,
1324 611 1427 664 statu·

319 695 321 702 ’
361 689 401 754 tis
422 687 521 771 signis
539 687 698 774 armisque
718 700 792 752 ante
813 709 846 750 se
866 686 987 772 positis,
1002 685 1119 770 raptim
1140 685 1248 750 cibum
1262 697 1425 770 caperent,

360 774 444 839 binis
458 774 595 838 ternisve
608 794 765 838 summum
781 795 821 837 ex
835 771 1004 857 manipulis
1023 772 1163 857 aquandi
1177 791 1288 836 caussa
1301 771 1426 836 missia:

359 860 487 926 interim
548 881 603 924 nes
622 881 696 924 cum
711 859 773 924 levi
789 872 950 938 armatura
968 872 1096 942 paratus
1116 858 1349 944 instructusque
1362 869 1426 922 ate·

360 948 410 1026 tit,
426 881 547 1033 siquid
566 945 664 1010 hostis
682 957 832 1010 moveret.
876 945 989 1022 AEtoli,
1008 947 1085 1032 (jam
1106 947 1191 1008 enim
1214 957 1257 1022 et,
1272 967 1347 1032 quae
1366 967 1427 1030 per

361 1055 456 1116 apros
470 1033 644 1096 multitudo
658 1055 767 1117 sparsa
778 1032 892 1108 fuerat,
907 1044 1071 1116 receperat
1084 1054 1118 1096 ae
1133 1032 1166 1095 in
1187 1035 1305 1113 castra)
1320 1042 1356 1096 nt
1369 1033 1426 1096 de·

200 1140 349 1187 mtottaae-
362 1120 482 1184 fensuri
500 1120 707 1196 munimenta,
723 1119 808 1184 circa
827 1131 937 1204 portas
955 1118 1137 1204 vallumque
1157 1133 1301 1183 armatos
1317 1117 1427 1203 dispo-

199 1210 348 1253 ’ΝΜ
362 1219 454 1284 nunt,
470 1206 546 1272 dnm
569 1205 692 1292 quietos
712 1205 819 1270 hostes
842 1199 913 1290 ipsi'
930 1204 1048 1268 feroces
1071 1227 1111 1268 ex
1133 1217 1204 1270 tuto
1228 1204 1427 1289 spectabant.

361 1306 529 1379 postquam
556 1309 642 1356 mota
666 1293 757 1378 signa
787 1289 1004 1356 Macedonum
1025 1303 1109 1368 sunt,
1129 1307 1163 1355 et
1186 1291 1354 1356 succedere
1381 1291 1427 1355 ad

361 1378 478 1444 sallum
493 1379 599 1464 parati
616 1391 711 1464 atque
730 1379 876 1443 instructi
891 1399 1028 1463 coepere,
1044 1399 1155 1442 omnes
1175 1389 1317 1461 repente,
1330 1377 1427 1442 relic·

362 1465 402 1530 tis
415 1466 612 1541 stationibua
628 1486 686 1550 per
699 1485 840 1529 aversam
855 1477 976 1549 partem
996 1477 1172 1528 castrorum
1193 1464 1235 1528 ad
1253 1463 1425 1542 tumulum,

361 1553 401 1616 nd
417 1567 520 1617 castra
534 1551 751 1616 Athamanum
766 1551 960 1638 perfugiunt.
984 1549 1076 1614 multi
1092 1550 1126 1614 in
1141 1549 1202 1614 hac
1216 1573 1345 1638 qnoque
1357 1565 1426 1615 tam

361 1639 486 1724 trepida
508 1628 583 1726 friga
607 1641 691 1721 capti
714 1639 851 1722 caesique
872 1650 946 1701 sunt
964 1636 1159 1701 AEtolorum.
1178 1697 1185 1712 ,
1204 1637 1383 1722 Philippus,
1397 1639 1427 1700 si

361 1727 436 1790 satis
461 1725 524 1789 diei
548 1739 735 1810 superesset,
757 1745 823 1786 non
843 1723 970 1800 dubius,
987 1725 1064 1807 quin
1079 1723 1276 1788 Athamanes
1296 1745 1427 1809 qnoque

360 1813 434 1878 exui
449 1811 559 1876 castris
580 1811 766 1895 potuissent,
782 1808 834 1872 die
854 1831 913 1894 per
934 1809 1093 1894 proelinm,
1109 1809 1225 1874 deinde
1245 1831 1305 1893 per
1317 1809 1427 1895 direp-

361 1901 479 1964 tionem
501 1909 675 1961 castrorum
697 1895 855 1977 absumto,
870 1895 929 1960 sub
948 1896 1072 1960 tumulo
1093 1897 1126 1959 in
1151 1896 1301 1981 proxima
1319 1899 1427 1981 plani·

361 1986 404 2048 tie
419 1982 570 2059 consedit,
582 1983 686 2066 prima
701 1982 773 2046 Ince
786 1981 979 2068 insequentis
989 1983 1052 2045 diei
1068 1981 1190 2046 hostem
1205 1982 1426 2070 adgressurus.

198 2083 340 2145 rugianam
362 2069 427 2135 Sed
443 2067 545 2133 AEtoli
560 2069 670 2133 eodem
687 2066 813 2151 pav'ore,
829 2091 893 2155 quo
908 2091 964 2132 aua
984 2081 1086 2134 castra
1108 2068 1310 2154 reliquerant,
1333 2082 1428 2136 nocte

169 2211 177 2218 .
198 2149 314 2263 *²²⁰¹*st
360 2156 510 2241 proxima
527 2155 659 2240 dispersi
680 2153 841 2240 fugeruut.
884 2154 910 2206 ⁵²
920 2155 1068 2219 Maximo
1087 2156 1156 2219 usui
1176 2155 1237 2220 fuit
1262 2157 1427 2242 Amprnan-

198 2223 340 2328 ffibJ,‚⁸'
361 2243 429 2317 der,
446 2261 510 2328 quo
524 2241 606 2306 duce
622 2241 828 2319 Athamanes,
841 2242 989 2306 itInerum
1006 2242 1109 2326 periti,
1122 2243 1253 2306 summis
1263 2242 1429 2307 montibus

359 2329 386 2368 ⁵²
395 2349 452 2414 per
478 2327 574 2392 calles
597 2331 722 2414 ignotos
746 2328 947 2415 sequentibus
970 2351 1023 2391 eos
1045 2328 1189 2394 hostibus
1214 2329 1247 2392 in
1267 2329 1427 2394 AEtoliam

361 2413 587 2496 perduxerunt.
609 2435 674 2478 non
688 2415 734 2478 ita
753 2416 870 2480 multos
891 2415 924 2478 in
947 2415 1089 2498 dispersa
1109 2415 1187 2503 fuga
1204 2437 1293 2479 error
1316 2415 1429 2482 intnIit

361 2501 393 2564 in
427 2500 643 2565 Macedonum
673 2502 802 2588 equites,
832 2524 912 2588 quos
947 2500 1019 2565 luce
1047 2503 1151 2584 prima
1181 2501 1358 2587 Philippus,
1387 2517 1428 2568 ut

333 2587 520 2653 (desertum
546 2579 704 2652 tumulum
730 2588 820 2668 vidit,
849 2587 891 2652 ad
916 2588 1111 2672 carpendum
1141 2587 1279 2653 hostium
1309 2611 1426 2676 agmen

364 2675 458 2738 misit

404 2759 539 2825 XLIII.
565 2761 628 2824 Per
650 2781 703 2838 eos
722 2760 799 2838 dies,
823 2776 855 2826 et
871 2761 1091 2848 Athenagoras
1113 2761 1220 2850 regius
1244 2759 1428 2846 praefectus,

362 2846 532 2912 Dardanos
546 2847 733 2932 recipientes
746 2869 780 2912 se
798 2848 832 2911 In
849 2849 926 2912 fines
943 2847 1085 2932 adeptus,
1101 2861 1296 2932 postremum
1310 2869 1428 2936 agmen

297 2947 303 2960 '
361 2936 465 3018 primo
488 2934 636 3000 turbavit.
670 2935 754 3014 dein,
779 2948 947 3020 postquam
974 2934 1121 3000 Dardani
1146 2935 1304 2998 conversis
1326 2937 1428 3021 signia

235 3077 241 3087 .
324 3034 332 3048 ·
360 3020 507 3085 direxere
526 3021 635 3096 aciem,
651 3041 745 3107 aequa
761 3042 870 3119 pugna
888 3023 976 3107 justo
995 3019 1115 3104 proelio
1136 3035 1215 3085 erat.
1237 3021 1294 3086 ubi
1313 3043 1428 3085 rursus

245 3108 252 3124 '
359 3109 532 3192 procedere
547 3106 692 3172 Dardani
708 3108 887 3192 coepissent,
901 3107 1006 3192 equite
1027 3119 1059 3170 et
1076 3106 1136 3170 levi
1158 3119 1320 3172 armatura
1333 3107 1428 3194 regii,

306 3205 308 3210 ’
360 3193 483 3258 nullum
506 3193 578 3257 talis
599 3192 710 3257 auxilii
731 3213 833 3280 genus
850 3191 1002 3257 habentes
1016 3192 1197 3272 Dardanos,
1213 3207 1361 3260 oneratos
1375 3195 1429 3258 in·

360 3280 530 3344 mobilibus
551 3280 656 3354 armis,
676 3279 849 3360 vexabant:
871 3292 903 3344 et
924 3279 995 3343 loca
1019 3279 1089 3364 ipsa
1113 3281 1315 3366 adjuvabant.
1359 3283 1428 3345 Oc-

360 3366 416 3430 cisi
435 3366 589 3450 perpauci
610 3377 693 3442 sunt‚
709 3365 817 3450 plures
830 3365 997 3441 vulnerati,
1010 3380 1122 3451 captus
1142 3389 1250 3446 nemo,
1264 3367 1341 3453 qnia
1357 3387 1428 3432 non

359 3449 519 3518 excedunt
537 3465 657 3517 temere
677 3450 841 3516 ordinibus
864 3452 1009 3530 suissed
1028 3452 1195 3519 confertim
1214 3467 1246 3519 et
1266 3469 1427 3541 pugnant,

359 3550 391 3602 at
405 3537 535 3603 cedunt.
580 3537 631 3602 Ita
648 3536 766 3602 damna
789 3539 939 3604 Romano
959 3552 1090 3625 accepta
1110 3539 1205 3618 bello,
1220 3540 1345 3624 duabus
1365 3561 1428 3624 per

359 3636 556 3708 opportunas
576 3623 793 3710 expeditiones
814 3627 958 3690 coercita
980 3627 1136 3712 gentibus,
1152 3627 1333 3693 restituerat
1348 3626 1429 3692 Phi·

360 3708 475 3795 lippus,
490 3710 617 3811 incepto
636 3708 722 3788 forti,
744 3733 809 3776 non
828 3733 983 3799 prospero
1004 3712 1107 3776 solnm
1130 3728 1255 3779 eventu.
1300 3712 1429 3779 Minuit

359 3794 475 3861 deinde
500 3797 530 3860 ei
555 3799 636 3861 torte
660 3796 768 3862 oblata
792 3821 842 3863 res
868 3800 1006 3864 hostium
1030 3798 1215 3865 AEtoIorum
1245 3821 1427 3866 nnmerum.

257 3973 261 3984 ·
361 3882 481 3968 Scopas
501 3884 650 3974 princeps
670 3885 784 3972 gentis,
798 3885 839 3950 ab
855 3885 1053 3952 Alexandria
1071 3909 1188 4012 magno
1209 3907 1283 3952 enm
1302 3887 1428 3980 ponde-

394 4110 421 4150 51
441 4103 551 4152 Matiana
562 4107 616 4154 uerri
624 4103 692 4170 fait]
708 4109 787 4170 Vulgo
796 4112 875 4156 aurai-
910 4113 1030 4174 equitatus
1041 4143 1066 4158 ..
1080 4144 1086 4157 .
1099 4113 1204 4158 monimo
1212 4111 1334 4172 mtflsit.

360 4187 405 4219 me.
439 4172 484 4218 Sed
498 4172 593 4219 Thnan.
605 4172 656 4220 c‘od.
668 4175 741 4220 aJae.
754 4176 877 4222 Gronorio
942 4183 973 4223 ⁵2
990 4176 1040 4222 Per
1051 4172 1133 4239 ealles]
1149 4177 1204 4224 Hoc
1220 4175 1309 4238 recepit
1324 4175 1351 4221 in
1367 4187 1427 4224 con·

361 4237 492 4298 inspectus,
509 4243 533 4283 et
550 4244 629 4284 noster
640 4239 730 4285 Victor.
747 4241 771 4285 id
789 4239 878 4285 babent
909 4245 1001 4286 textum
1014 4242 1150 4288 Gronovius
1161 4255 1257 4303 proper
1267 4240 1344 4297 cauea
1355 4240 1428 4286 nixas

360 4304 423 4360 qnod
445 4303 568 4349 edidImus.
601 4305 690 4351 Eodem
709 4311 788 4350 tamen
807 4306 879 4350 modo
911 4307 1052 4352 auctoritate
1074 4307 1282 4366 primoomnium
1305 4305 1427 4354 editIcuia.

362 4367 454 4426 Liviut,
476 4369 490 4417 I·
510 4369 587 4419 xtlt.
610 4385 630 4416 c.
649 4377 687 4420 59.
715 4369 879 4416 Thessalorum
912 4371 1010 4419 Accedit
1022 4372 1111 4418 Victor.
1125 4372 1192 4422 tiber.
