3126 4978
359 263 361 272 .
438 199 530 264 LlB.
552 197 689 264 XXXV:
706 199 812 260 CAP:
830 197 912 258 XLI.
1147 203 1204 259 9)ὶὸ

148 357 198 430 M.
215 362 331 436 Furius
347 363 519 452 Crassipes:
539 367 636 453 quina
643 365 732 431 *dena
749 363 869 450 jugera
877 362 946 448 agri
959 361 1034 428 slata
1047 361 1081 424 in
1095 357 1203 448 singu·
1213 381 1244 428 n.
1255 381 1283 428 c.
1293 381 1348 425 sao.

146 449 196 514 los
218 451 339 536 pedites
360 466 443 530 sunt,
460 451 611 537 ”duplex
633 449 800 537 equitibus.
844 447 1074 512 3⁹Bruttiorum
1095 447 1244 532 proxi-A·
1258 446 1348 494 ⁰³⁹⁹·

147 557 199 600 me
223 536 326 602 fluerat
347 553 439 626 ager:
464 539 580 604 Bruttii
605 547 755 622 ceperant
774 537 812 599 de
828 534 966 602 Graecis.
1013 533 1126 598 Romae
1148 556 1206 619 per

148 620 232 685 idern
254 637 377 707 tempus
396 626 461 690 duo
481 626 611 690 maximi
630 623 757 688 fuerunt
777 636 933 696 terrores3
955 619 1148 684 ⁴⁰diutinus¹
1161 620 1207 684 al·
1397 691 1403 698 ,

147 719 207 781 ter,
223 707 279 772 aed
293 709 429 796 segnior.
472 709 603 776 ⁴1Terra
616 710 683 774 dies
697 707 1010 794 duodequadraginta
1024 706 1133 770 movit.
1148 727 1208 791 per
1290 723 1294 730 ·

148 792 280 858 totidem
295 793 361 858 dies
375 793 461 859 ferioe
475 795 509 859 in
524 795 735 861 sollicitudine
744 816 782 859 ac
796 805 882 858 metu
896 792 994 858 fuere.
1018 792 1049 855 in
1065 790 1206 858 triduum

146 879 214 964 ejus
228 882 273 944 rei
288 903 396 946 caussa
410 881 596 967 supplicatio
612 881 718 958 habita
731 892 787 946 est
831 878 890 943 Ille
905 901 968 944 non
982 900 1082 964 pauor
1096 901 1205 956 vanus,

147 965 203 1028 sed
218 987 292 1030 vera
307 969 479 1032 multorum
495 967 599 1032 clades
620 967 688 1032 tuit.
711 964 858 1030 incendio
872 989 891 1030 a
904 965 975 1030 foro
991 965 1110 1030 Boario
1123 978 1204 1042 orto,

138 1049 231 1114 -diem
246 1065 435 1140 noctemque
450 1053 586 1118 aedificia
605 1055 637 1117 in
654 1052 798 1118 Tiberim
813 1074 901 1117 versa
920 1073 1035 1133 arsere,
1050 1051 1205 1117 tabernae·

146 1159 212 1222 que
225 1159 335 1203 omnes
349 1161 420 1204 cum
439 1141 545 1227 magni
558 1139 652 1225 pretii
667 1139 823 1208 mercibus
838 1138 1122 1226 conflagraverunt.

193 1224 286 1289 XLI.
309 1224 380 1290 Jam
396 1225 460 1290 fere
474 1227 506 1290 in
522 1227 611 1292 exitu
631 1247 733 1290 annus
753 1243 836 1289 erat:
859 1237 890 1289 et
909 1225 942 1288 in
958 1224 1025 1289 dies
1046 1227 1147 1310 magis
1163 1223 1350 1300 lar-adparatus

149 1331 203 1373 ma
224 1310 265 1374 de
281 1310 433 1376 Antiochi
456 1310 550 1388 bello,
565 1325 596 1376 et
617 1334 694 1377 cura
717 1310 864 1375 Patribus
886 1311 1053 1376 crescebat.
1098 1305 1352 1396 laqueatum·

149 1395 191 1460 de
216 1397 385 1483 provinciis
406 1399 647 1485 magistratuum
670 1397 914 1482 designatorum,
938 1419 1001 1481 quo
1025 1396 1209 1461 intentiores
1280 1429 1282 1434 ·

148 1497 251 1546 essent
274 1505 394 1561 omnes,
412 1484 524 1570 agitari
547 1497 687 1568 coeptum
710 1495 767 1546 est.
811 1482 997 1562 Decrevere,
1013 1496 1048 1546 ut
1070 1483 1208 1547 consuli·
1256 1503 1258 1506 ·

150 1567 211 1632 bus
231 1568 334 1646 Italia,
351 1583 382 1634 et
399 1591 463 1655 quo
484 1582 610 1634 senatus
631 1569 809 1644 censuisset,
826 1570 904 1654 (jam
927 1591 992 1633 esse
1013 1567 1128 1633 bellum
1152 1568 1208 1632 ad·

149 1675 258 1720 versus
272 1655 464 1720 Antiochum
476 1675 594 1742 regem
609 1677 720 1720 omnes
742 1653 893 1735 sciebant)
909 1655 1081 1738 provinciae
1096 1666 1208 1718 essent.

148 1740 240 1826 cujus
253 1764 291 1806 ea
304 1763 371 1806 sors
386 1754 477 1822 esset,
491 1756 627 1828 quatuor
644 1741 741 1806 millia
760 1739 901 1824 peditum
916 1739 1030 1803 civium
1048 1740 1209 1804 Romano·

149 1849 234 1904 rum,
250 1838 281 1892 et
302 1829 435 1893 trecenti
456 1829 585 1914 equites,
601 1849 656 1892 sex
677 1825 777 1891 millia
799 1825 920 1890 socidm
945 1825 1051 1890 Latini
1073 1827 1211 1890 nominis

148 1933 225 1978 cum
246 1913 484 1999 quadringentis
506 1913 664 2000 equitibus
687 1927 761 1978 sunt
782 1911 917 1978 decreta.
962 1911 1084 1978 Eorum
1107 1911 1211 1976 delec-

150 2011 219 2065 tum
235 1999 352 2064 habere
366 1999 406 2064 L.
423 2000 593 2077 Quinctius
606 1999 715 2066 consul
725 1999 847 2086 jussus3
870 1997 1001 2085 nequid
1021 2012 1210 2077 moraretur,

149 2107 216 2172 quo
237 2086 342 2151 minus
363 2087 474 2152 consul
496 2105 607 2162 novus,
625 2109 689 2172 quo
711 2097 836 2151 senatus
858 2085 1036 2166 censuisset,
1051 2085 1213 2170 extemplo

150 2171 311 2258 proficisci
333 2183 449 2257 posset.
492 2173 573 2238 Item
596 2171 637 2236 de
662 2172 830 2257 provinciis
855 2184 1026 2256 praetorum
1050 2171 1213 2236 decretum

128 2270 219 2323 'ests
249 2258 387 2345 ⁴²prima
416 2273 451 2324 ut
479 2281 546 2323 sors
574 2257 660 2335 dure,
687 2258 869 2343 urbanaque
897 2271 928 2321 et
956 2257 1040 2322 inter
1069 2257 1151 2322 cives
1176 2281 1214 2322 ac

151 2345 336 2432 peregrinos
356 2345 536 2430 jurisdictio
558 2357 656 2410 esset:
679 2342 827 2423 secunda,
846 2343 987 2408 Bruttii:
1011 2343 1115 2422 tertia,
1135 2343 1215 2408 clas·

151 2431 204 2506 sis,
230 2443 267 2495 ut
291 2433 362 2497 navi
387 2444 465 2510 aret,
486 2453 551 2518 quo
575 2442 701 2496 senatus
729 2431 918 2496 censuissetr
941 2445 1063 2516 quarta,
1088 2430 1214 2496 Sicilia:

152 2517 274 2602 quinta,
292 2455 456 2584 Sardinia:
479 2531 582 2594 sexta,
597 2517 757 2603 Hispania
771 2516 911 2582 ulterior.
928 2515 1116 2602 imperatum
1132 2539 1216 2601 prae-

152 2617 240 2667 terea
255 2602 294 2668 L.
311 2604 466 2682 Quinctio
488 2604 609 2668 consuli
627 2616 682 2679 est,
699 2617 735 2672 ut
752 2603 831 2668 duas
854 2603 993 2689 legiones
1015 2605 1130 2668 civium
1149 2604 1216 2668 Ro-

151 2710 321 2754 manorum
348 2713 444 2755 novas
466 2691 693 2765 conscriberet3
715 2701 748 2753 et
774 2688 896 2753 socidm
922 2713 959 2754 ac
982 2691 1089 2754 Latini
1116 2691 1216 2754 nomi·

152 2775 205 2838 nis
224 2776 336 2863 viginti
357 2775 455 2840 millia
476 2775 629 2862 peditum,
644 2788 677 2839 et
697 2775 896 2861 octingentos
916 2775 1046 2860 equites.
1067 2797 1141 2839 eum
1162 2797 1217 2838 ex·

152 2861 288 2926 ercitum
318 2862 458 2948 praetori,
488 2863 539 2927 cui
573 2860 690 2926 Bruttii
723 2860 886 2945 provincia
917 2861 1079 2942 evenisset,
1109 2859 1217 2924 decre-

152 2959 278 3013 verunt.
323 2944 423 3012 AEdes
445 2947 615 3012 duaedovi
639 2968 677 3010 eo
703 2967 788 3012 anno
814 2947 848 3011 in
876 2943 1037 3030 Capitolio
1063 2946 1217 3010 dedicatae

151 3044 237 3098 sunt
283 3033 422 3099 Voverat
448 3034 489 3098 L.
506 3034 622 3098 Furius
644 3033 810 3118 Purpureo
834 3044 956 3117 praetor
982 3031 1108 3110 Gallico
1134 3030 1217 3096 bello

155 3139 263 3195 unam,
279 3120 554 3186 alteramconsul.
576 3118 735 3184 dedicavit
762 3119 803 3196 Q.
820 3118 963 3184 Marcius
988 3117 1081 3183 Ralla
1102 3119 1218 3181 duum-

154 3205 216 3271 vir.
247 3204 374 3270 Judicia
390 3207 422 3269 in
437 3205 640 3276 foeneratores
654 3227 692 3270 eo
706 3226 790 3270 anno
804 3204 903 3270 multa
919 3227 1024 3269 severe
1039 3217 1112 3268 sunt
1124 3202 1217 3281 iacta,
1226 3201 1363 3264 tenento-

153 3290 378 3356 accusantibus
396 3293 538 3376 privatos
559 3291 705 3358 aedilibus
727 3291 898 3367 curulibus,
921 3291 970 3356 M.
987 3290 1110 3355 Tuccio
1131 3305 1163 3356 et
1180 3289 1217 3356 P.
1226 3296 1263 3358 ¹9⁸
1272 3283 1367 3328 amna

154 3377 254 3442 Junio
271 3376 383 3443 Bruto.
406 3378 447 3444 de
464 3379 563 3444 multa
583 3378 805 3443 damnatorum
826 3377 990 3463 quadrigae
1010 3377 1165 3442 inauratae
1185 3353 1254 3441 ini*

80 3505 84 3515 ι
154 3462 316 3549 Capitolio
338 3463 450 3549 positoe
470 3465 504 3530 in
523 3464 602 3530 cella
620 3463 709 3530 Joris
731 3463 861 3548 ⁴³supra
884 3461 1042 3551 fastigium
1065 3463 1218 3542 aedieutae,

588 3609 598 3638 ¹
609 3605 702 3652 dlutius
712 3607 785 3654 Gron.

189 3722 222 3764 88
238 3715 338 3796 Quplea
358 3719 487 3788 equitibus]
509 3726 598 3774 Victor.
616 3723 676 3772 tiber
706 3721 755 3788 uit]
770 3719 856 3772 satta·
876 3729 913 3772 est
929 3729 999 3772 terne
1018 3731 1111 3787 motus,
1124 3727 1164 3787 qui
1181 3738 1223 3788 per

156 3789 279 3831 morcant
290 3799 344 3834 cnm
355 3789 386 3836 tir
395 3805 454 3852 quoa
462 3791 524 3838 sidit
530 3790 675 3848 Gronovius,
707 3796 763 3838 octo
774 3795 798 3838 et
808 3791 907 3846 triginta
916 3791 964 3840 dier
976 3792 1084 3840 assiduus
1094 3793 1148 3840 tuit.

158 3847 279 3909 habetque
291 3853 373 3914 equiti.
740 3862 771 3902 ⁴2
788 3856 877 3902 Prima
894 3861 922 3902 at
943 3853 1004 3918 sorr]
1023 3858 1059 3904 Ut
1078 3858 1154 3918 prima
1173 3871 1223 3904 sors

190 3915 420 3982 sawmntorum]
441 3921 495 3968 vid.
514 3926 566 3968 not.
585 3925 626 3968 5⁴.
645 3919 675 3966 cd
708 3920 766 3967 duur
777 3921 955 3980 iurisdictiones
970 3924 1173 3984 complecteretur.
1185 3935 1225 3968 ur·

157 3977 277 4026 XXXN.
288 3987 328 4030 ts.
708 3986 793 4032 hanam
805 3988 904 4033 etinter
915 3987 976 4033 river
989 4001 1016 4033 ac
1026 3989 1168 4049 peregrinos.

191 4050 223 4090 to
239 4045 363 4096 Di'utr'rar
375 4047 447 4112 alter]
465 4051 562 4112 Vulgati
573 4052 676 4110 diaetae,
741 4058 772 4098 43
790 4052 1012 4113 Saprasartr'gr'um
1022 4049 1140 4116 edicula]
1152 4051 1226 4097 AEdr'·

156 4111 183 4156 et
199 4109 234 4156 sic
252 4111 347 4174 tegebat
357 4113 474 4170 Sigonius.
510 4117 609 4166 Heamii
627 4119 678 4166 edi·
710 4117 764 4164 cata
785 4118 825 4164 hio
846 4117 999 4174 intelligenda
1019 4118 1111 4165 videtur
1129 4115 1226 4174 capsula

157 4173 195 4221 tio
217 4180 241 4222 et
258 4179 365 4237 quaedam
385 4181 437 4226 alise
454 4182 477 4228 id
498 4183 588 4232 habent
604 4185 678 4245 quod,
710 4183 799 4243 aliqua,
811 4198 863 4243 quaa
879 4184 979 4229 sonasse
995 4184 1087 4238 rignum
1099 4182 1166 4228 doris
1183 4185 1226 4226 aut

155 4241 211 4302 ipsa
230 4245 355 4290 structurae
375 4245 467 4294 ratione
487 4247 620 4310 flagitante,
629 4250 678 4298 ‚hio
711 4262 777 4296 sacra
787 4249 932 4307 includeret3
951 4263 998 4307 quo
1010 4261 1081 4293 reum
1092 4247 1154 4292 hanc
1163 4259 1225 4291 eam-

155 4307 278 4353 cdcndum
290 4309 433 4358 curavimus.
711 4315 762 4360 dem
776 4329 856 4362 vocem
869 4315 971 4374 sumpsit
980 4312 1071 4358 Uinius
1084 4313 1097 4357 Ι.
1107 4311 1225 4358 XXXVI.

186 4373 316 4418 41⁸Terru
325 4374 375 4420 dira
383 4375 620 4438 duodequadraginta
629 4396 677 4426 mo·
711 4394 730 4426 c.
748 4385 771 4424 5.
789 4379 905 4426 AEdirula
923 4379 974 4438 ejus
995 4377 1103 4438 (Veneris
1119 4374 1223 4435 Gnidiae)

200 4454 275 4498 vot.
295 4457 350 4501 ru.
757 4462 778 4520 ρ
