3136 4982
227 245 233 254 ,
293 163 298 182 ”
371 185 429 242 ssa
758 179 1036 241 r1r1a1v11

209 356 349 407 uuam.
372 343 611 430 accipet-euasi
632 341 673 406 ab
692 341 802 422 eudem
826 343 972 428 superbia
996 364 1061 408 non
1084 343 1192 409 uenire
1213 345 1259 424 ‚st
1284 367 1421 412 caussam

210 424 279 479 M·
294 429 349 473 ¹⁸⁷·
372 431 539 496 dicendum
568 441 746 578 arguerent,
769 453 831 516 quc
851 431 1006 516 judicium
1033 441 1068 496 et
1095 430 1238 496 tribunos
1268 431 1367 516 plebis
1393 449 1424 500 et

372 516 556 582 concionem
578 536 612 580 re
625 515 770 601 iquisset3
792 528 834 594 et,
849 515 963 603 quibus
973 515 1027 602 jus
1041 515 1082 582 de
1095 539 1128 582 se
1142 517 1286 589 dicenda
1299 533 1423 596 sentens

373 604 427 668 siae
448 616 481 668 et
501 601 678 686 libertatem
698 601 872 679 ademisset,
887 601 937 666 his
951 601 1127 682 comitatus,
1142 603 1227 669 reiut
1240 618 1350 689 captos
1363 619 1425 670 tra·

372 687 462 767 heus,
482 687 678 773 triumphum
700 688 741 752 de
762 687 881 773 populo
902 688 1049 754 Romarm
1070 689 1191 789 egisset,
1206 691 1427 756 secessionem-

374 797 436 862 que
449 797 489 840 eo
501 775 554 840 die
567 775 601 838 in
617 773 809 857 Capitolium
825 797 844 840 a
858 774 993 840 tribunis
1013 773 1115 860 plebis
1132 773 1272 842 fecisset:
1296 775 1443 843 Habetis‘

374 881 447 946 crgo
460 861 642 926 temeritatis
655 862 740 926 illius
754 865 923 926 mercedem.
945 883 1003 946 quo
1016 863 1090 932 duce
1101 872 1133 926 ct
1146 873 1269 928 audere
1287 883 1341 928 nos
1353 866 1428 928 reli·

371 949 493 1032 quistis,
505 948 545 1010 ab
555 969 590 1012 eo
604 949 666 1030 ipsi
678 949 782 1012 relicti
794 949 876 1024 estis.
898 957 928 1011 et
942 957 1059 1012 tantum
1070 949 1240 1012 animorum
1250 951 1361 1013 indies
1374 969 1429 1014 no·

373 1033 421 1098 bis
431 1035 583 1110 decrescit,
594 1042 640 1113 ut,
651 1035 695 1098 ad
705 1055 788 1116 quem
802 1033 827 1074 ⁹¹
837 1043 909 1103 aute
919 1047 1032 1098 annos*
1044 1036 1260 1116 septemdecim,
1270 1037 1429 1100 exercitum

373 1130 402 1183 et
416 1122 537 1184 classem
553 1120 719 1196 iubentem
734 1119 979 1202 tribunusplebis
992 1121 1166 1204 aedilemque
1179 1122 1299 1185 mittere
1309 1122 1343 1184 in
1352 1122 1431 1186 Sici·

282 1221 284 1228 ’
373 1207 463 1270 liam·
476 1208 546 1270 ausi
555 1227 664 1285 sumus,
676 1207 730 1288 qui
738 1207 962 1288 pretenderent
973 1227 1050 1282 eum,
1060 1208 1231 1270 etRomom
1245 1209 1430 1286 redimerent,

373 1293 419 1356 ad
431 1314 495 1356 eum
504 1293 662 1373 privatum
674 1314 712 1354 ea
723 1294 798 1370 oilla
809 1314 865 1356 sua
879 1293 1106 1371 retrudendum,
1122 1293 1167 1356 ad
1177 1314 1314 1360 caussam
1326 1294 1431 1358 duen-

374 1381 455 1458 darn,
470 1380 589 1442 mittere
602 1399 663 1441 non
677 1380 866 1444 audeamus?
889 1374 1024 1443 Tribuni
1046 1377 1155 1462 plebis,
1170 1377 1319 1464 adpellati
1331 1379 1375 1442 ab
1391 1379 1431 1444 L.

371 1464 533 1548 -Scipione,
550 1465 594 1528 ita
616 1463 833 1540 decreverunt,
849 1465 885 1530 Si
905 1465 1001 1528 morbi
1020 1485 1127 1528 caussa
1147 1474 1350 1542 commoretur,
1371 1467 1432 1530 sibi

373 1553 504 1628 placere,
519 1551 621 1633 accipi
630 1572 696 1614 eam
710 1572 855 1627 caussam,
871 1553 1033 1634 diemquca
1045 1552 1167 1636 collegis
1174 1552 1311 1633 prodici.
1356 1551 1432 1616 Tri·
1541 1613 1542 1620 ,

374 1637 478 1703 bunus
492 1634 593 1722 piebis
607 1659 645 1700 eo
656 1648 799 1720 tempore
815 1636 868 1701 Ti.
886 1634 1093 1722 Sempronius
1108 1636 1271 1701 Gracchus
1286 1648 1364 1714 erat,
1377 1638 1433 1714 ¹cui

375 1723 548 1788 inimicitia
570 1745 643 1788 cum
660 1722 697 1787 P.
715 1723 862 1807 Scipione
884 1720 1129 1788 intercedebant.
1151 1723 1189 1800 is,
1205 1745 1303 1810 quum
1317 1723 1433 1788 vetuis-

211 1875 214 1886 ,
375 1822 422 1874 set
435 1831 550 1874 nomeu
572 1831 663 1874 suum
685 1809 813 1874 decreto
827 1807 1182 1895 collegarumadscribi,
1198 1809 1433 1896 tristioremque

213 1900 484 1978 Gnatideomnes
505 1895 693 1974 seutentiam
717 1907 947 1980 exspectarent,
963 1894 1007 1959 itu
1020 1894 1173 1960 decrevit:
1200 1897 1297 1970 Quium
1308 1897 1351 1960 L.
1366 1898 1433 1976 Sci·

212 1972 339 2086 gffim
368 1985 428 2068 pio
442 1991 558 2046 camuel
567 1981 697 2045 morbum
707 2003 769 2046 esse
782 1989 894 2046 caussa
902 1984 910 2016 ‘
911 1982 1029 2065 fratri,
1040 1982 1117 2050 satis
1130 1983 1166 2045 id
1177 1981 1239 2045 sibi
1251 1983 1367 2060 uideri,
1395 1984 1434 2048 Se

214 2095 338 2158 sapon,
371 2071 415 2134 P.
427 2067 607 2149 Scipionem,
615 2066 793 2151 priusquam
809 2069 938 2144 Romam
951 2069 1088 2145 redisset,
1103 2069 1242 2132 accusari
1251 2089 1312 2134 uon
1322 2088 1433 2152 pussu-

373 2175 451 2218 rum.
473 2163 535 2228 tum
556 2173 680 2238 quoque,
700 2155 730 2218 si
747 2175 778 2220 se
797 2155 940 2236 adpellet,
952 2155 1072 2218 cnsilio
1086 2156 1116 2218 ei
1117 2155 1274 2238 ficturum,
1289 2177 1329 2220 ue
1346 2177 1435 2220 caus·
1541 2219 1542 2238 χ

374 2261 439 2304 sam
454 2240 549 2308 dicat.
593 2239 648 2304 Ad
668 2241 703 2304 id
714 2241 883 2326 fastigium
906 2239 993 2304 rebus
1011 2241 1115 2324 gestis,
1138 2239 1304 2306 honoribus
1322 2244 1437 2324 populi
1541 2269 1542 2300 2

375 2326 521 2401 Romani,
538 2328 579 2392 P.
595 2327 765 2408 Scipionem
780 2328 916 2390 Deorum
935 2327 1143 2410 hominumque
1164 2348 1307 2390 consensu
1323 2349 1435 2410 perve-

370 2414 466 2490 nisse,
481 2413 517 2476 u·
534 2412 587 2476 snb
602 2413 726 2476 Rostris
739 2434 820 2476 reum
842 2422 934 2489 stare,
957 2422 987 2476 et
1007 2413 1145 2494 praebere
1158 2435 1249 2478 aures
1261 2415 1435 2478 adolescen-

376 2500 451 2563 tium
462 2499 616 2576 conuiciis,
629 2500 744 2580 popedo
753 2499 892 2562 Romano
903 2499 1000 2583 magis
1014 2498 1157 2582 dsfirrme,
1171 2521 1261 2583 quam
1276 2493 1349 2582 e‘psi,
1361 2502 1414 2565 sit.

421 2583 516 2650 LIII.
538 2583 699 2670 ”Adiecit
721 2583 849 2648 decreto
869 2583 1133 2670 indignationem:
1157 2585 1358 2667 Srrdpcdibus
1372 2608 1437 2652 oes-

376 2672 433 2736 tris
451 2669 555 2748 stabit,
570 2671 696 2748 tribuni,
713 2672 844 2734 domitor
857 2672 912 2734 ille
925 2669 1055 2755 Africae,
1070 2667 1201 2754 Scipio?
1223 2673 1292 2736 ideo
1305 2682 1440 2755 premor

376 2757 576 2823 stabilissimus
601 2759 688 2838 demes
709 2757 874 2836 Poeuorum
897 2758 931 2819 in
946 2757 1117 2838 Hispania,
1137 2767 1269 2840 quatuor
1288 2760 1440 2824 ecercdus

363 2843 459 2930 fudit
474 2841 681 2928 fiegaoitque:
704 2845 773 2907 ideo
793 2842 957 2927 Syphacem
976 2845 1066 2925 cepit,
1081 2842 1298 2920 Hannibalem
1313 2845 1439 2922 devicit,

263 3003 265 3006 ¹
376 2931 601 3016 Karthaginem
616 2931 790 3014 vectigalem
813 2927 898 2994 nolis
908 2928 1002 3012 ficit,
1019 2928 1199 2992 Antiochum
1216 2931 1441 3013 (recepit-euim

364 3017 506 3102 fratrem
527 3025 690 3080 consortem
711 3014 800 3099 lepus
821 3015 933 3098 glorier
947 3015 1220 3096 amputatura
1239 3015 1341 3080 Tauri
1353 3015 1440 3102 juga

377 3102 496 3180 emovit,
518 3111 553 3166 ut
577 3103 691 3166 deabus
703 3150 705 3160 .
715 3102 855 3165 Petilliis
879 3101 1155 3177 schoenemann
1171 3103 1210 3166 de
1222 3102 1265 3166 P.
1280 3101 1440 3186 Africano

318 3205 321 3212 '
370 3191 509 3272 palmam
522 3190 692 3271 peteretis?
716 3186 860 3250 Nullisne
869 3189 987 3264 meritis
999 3188 1072 3264 suis,
1087 3189 1181 3252 nullis
1194 3189 1441 3256 nestrislwnari-

378 3275 431 3340 aas
444 3296 582 3359 umquam
599 3277 631 3337 in
647 3295 744 3338 arcem
759 3283 855 3337 tutam
870 3283 899 3336 et
913 3274 993 3337 velut
1006 3282 1142 3337 sanctam
1155 3275 1236 3338 clari
1250 3276 1313 3338 uiri
1320 3297 1441 3359 perce·

379 3363 485 3426 nient:
507 3361 570 3440 ubi,
585 3362 614 3424 si
628 3381 687 3422 non
703 3359 893 3436 namabilis,
910 3359 1061 3423 inuiolata
1074 3361 1180 3424 saltem
1193 3371 1328 3432 senectus
1335 3384 1441 3426 aarum

378 3449 546 3513 considat?
583 3444 689 3510 Movit
704 3457 736 3508 et
749 3446 921 3520 decretum,
937 3459 968 3508 et
983 3445 1106 3530 adjecta
1118 3445 1221 3529 oratio
1235 3467 1301 3512 nou
1316 3459 1441 3512 ceteros

379 3531 484 3606 modo,
510 3532 564 3596 sed
590 3532 674 3615 ipsos
702 3531 795 3596 etiam
826 3545 1038 3596 accusatores:
1070 3544 1112 3608 et,
1136 3530 1364 3598 deliberaturos
1394 3557 1441 3612 se,

380 3617 456 3703 quid
482 3617 528 3682 sui
553 3617 635 3703 juris
660 3631 692 3682 et
717 3617 812 3682 officii
840 3636 930 3695 esset,
953 3616 1109 3683 dixerunt.
1155 3618 1287 3682 Senatus
1308 3619 1442 3698 deinde,

379 3703 515 3768 concilio
538 3701 639 3788 piebis
664 3703 804 3784 dimisso,
824 3702 933 3768 haberi
957 3716 1004 3767 est
1024 3716 1158 3788 coeptus.
1187 3703 1231 3766 ibi
1251 3706 1366 3787 gratiss
1389 3707 1443 3770 in-

369 3803 488 3878 gentes
504 3791 546 3854 ab
562 3791 711 3854 [aniverso
723 3791 843 3870 ordine,
859 3789 1017 3878 praecipue
1032 3812 1050 3853 a
1065 3787 1282 3878 consularibus
1304 3791 1445 3858 seniori-

367 3953 371 3961 '
413 3955 505 4002 rassisis
513 3955 587 4002 Grou.
600 3956 668 4002 cres.
717 3953 884 4007 'iustitiam
894 3955 1066 4004 muttereCrev.
1115 3953 1244 4010 ‘caussam
1252 3955 1327 4004 Grau
1336 3955 1410 4004 Cres.

367 4145 371 4154 ,
412 4102 441 4146 st
459 4096 526 4143 Ante
535 4097 608 4144 amis
618 4094 793 4158 septemdecim]
814 4095 892 4156 Magis
925 4122 927 4126 ·
956 4094 1115 4157 samaeas
1129 4093 1219 4142 &creta
1235 4093 1446 4158 indignationem]

166 4185 171 4192 ·
278 4167 280 4172 '
380 4162 483 4222 placeret
504 4168 560 4208 ante
582 4175 671 4207 anum.-
697 4161 815 4222 quomodo
833 4161 891 4208 MS.
912 4163 1041 4222 Uccreto,¹
1056 4161 1120 4220 quod
1137 4161 1208 4208 modo
1221 4163 1446 4222 mcuomtumest,

380 4227 539 4288 moguntium
572 4226 652 4282 habet,
685 4231 746 4272 teste
778 4225 890 4274 Heuroio.
923 4227 1009 4285 adjecit
1026 4226 1162 4288 orationem
1179 4225 1272 4288 plenam
1295 4224 1449 4282 iudigmtio-

381 4293 426 4338 Sed
438 4293 526 4338 Victor.
538 4306 580 4354 pro
597 4292 672 4338 tubus
685 4292 720 4352 his
731 4291 836 4350 rombus,
849 4306 891 4337 ars·
925 4292 971 4340 nis.

382 4363 434 4401 teas
453 4362 522 4403 recte.
