3136 4982
428 186 521 246 ure.
544 186 707 249 xxxvu.
739 187 841 246 cer.
865 155 954 247 L111j
1037 183 1042 196 ²
1171 199 1229 252 ses

154 351 263 434 tisqtee,
279 355 370 434 quum
382 373 414 418 ee
426 361 683 427 commemorante,
700 347 918 436 ”ammonere
935 351 1025 418 dixit.
1070 352 1156 420 Haec
1170 355 1226 422 cd·
1236 374 1266 424 υ.
1279 378 1306 425 c.
1316 381 1372 428 ees.

153 435 377 520 prober-tibus·
391 436 524 517 cunctis,
541 437 791 524 jubentibusque
813 439 917 502 dicere
938 439 1054 524 ipsum,
1074 439 1306 508 momtsmec·
1318 451 1371 496 ¹⁸⁹·

155 522 189 586 in
205 520 239 586 id
256 524 455 600 verecundie,
471 526 547 608 qaid
558 524 620 590 sibi
632 547 653 587 a
667 535 775 590 mictu
783 529 958 609 populoque
972 525 1114 591 Romano
1128 529 1226 596 tribui

152 629 271 693 requam
301 621 453 708 censeret:
485 612 670 694 propensius
698 613 947 696 cumulatiusque,
973 615 1003 676 si
1030 635 1089 697 qao
1113 618 1223 698 possit,

151 695 177 733 ⁵¹
182 707 279 780 prom
288 719 357 780 *epus
371 699 482 766 merita
496 699 569 774 siut,
584 698 884 782 serratumfactumem
890 722 904 774 ,·
927 697 967 762 ad
981 721 1020 764 ec
1034 720 1108 764 rex:
1133 702 1171 766 Si
1183 705 1223 768 ab

151 785 229 848 ulicis
241 784 303 848 sibi
309 786 511 867 prensionem
525 785 611 866 optio
624 784 806 868 deferretur,
822 784 962 862 libenter,
977 787 1054 849 data
1068 789 1222 873 modose-

149 872 266 936 cultnte
277 871 454 936 consensui
467 880 604 938 senatum
620 869 802 946 manum,
818 873 945 937 consilio
966 873 1149 955 amplissimi
1170 897 1221 938 or-

149 957 236 1022 dinis
249 957 489 1042 nsururnfnisse,
501 978 540 1020 ne
553 957 630 1040 qaid
639 966 694 1020 aut
703 957 892 1024 inmoderate
901 959 1028 1041 cupisse,
1040 969 1096 1024 nat
1105 963 1221 1042 petisse
1288 1025 1293 1040 ,

143 1063 260 1124 param
274 1045 404 1108 modeste
418 1043 519 1108 uideri
533 1052 657 1125 posset:
680 1064 782 1108 uerum
802 1043 964 1120 enimuero,
981 1066 1069 1128 quum
1085 1047 1148 1128 ipsi
1161 1051 1218 1112 da-

149 1131 216 1194 turi
236 1131 310 1207 sint,
329 1131 540 1214 multomagis
560 1128 794 1209 munificentiam
817 1151 917 1194 eorum
939 1132 973 1194 in
990 1153 1023 1196 se
1033 1131 1218 1218 fratresque

147 1237 218 1282 eccos
238 1217 371 1299 ipsoram
392 1216 522 1280 arbitrii
542 1215 650 1280 debere
671 1237 741 1282 esse.
789 1214 878 1288 Nihil
900 1214 961 1280 hec
983 1216 1127 1284 erutione
1150 1223 1217 1306 ejus

151 1301 263 1368 Patres
277 1301 448 1386 conscripti
462 1300 605 1367 deterriti
620 1316 703 1379 sunt,
719 1323 784 1388 quo
805 1303 909 1370 miuus
930 1302 1036 1374 dicere
1049 1303 1153 1390 ipsum
1162 1309 1215 1392 ju·

148 1388 273 1455 herent.
294 1400 327 1454 et
341 1409 440 1474 quum
455 1387 661 1474 aliquamdiu,
676 1387 752 1454 hinc
773 1387 979 1476 indulgentie,
995 1389 1072 1456 hinc
1090 1393 1215 1458 modes-

148 1476 204 1553 tic,
220 1473 247 1513 ⁵²
254 1476 338 1540 inter
358 1474 575 1560 permittentes
597 1475 630 1539 in
646 1473 756 1552 vicem,
772 1496 837 1539 non
859 1476 960 1563 magis
981 1489 1101 1554 mutue,
1118 1501 1214 1566 quum
1226 1537 1245 1560 N

147 1561 402 1647 ⁵³inexplicabili
422 1560 581 1640 facilitate,
595 1572 749 1626 certatum
771 1574 861 1640 esset,
879 1560 1039 1627 Eumenes
1060 1563 1214 1650 ⁵⁴templo
1320 1569 1322 1574 ’

145 1649 291 1715 excessit.
337 1647 472 1716 Senatus
486 1647 520 1712 in
534 1647 645 1714 eedem
664 1660 804 1732 perstare
820 1650 984 1727 sententie,
1000 1659 1038 1714 ut
1050 1650 1213 1716 aluredum
1333 1657 1338 1665 ’
1357 1673 1358 1683 ’

145 1758 211 1802 esse
224 1734 352 1812 diceret,
368 1737 515 1820 ignorare
528 1757 638 1820 regem,
655 1737 731 1819 quid
745 1757 882 1819 sperans,
898 1746 954 1800 out
960 1746 1072 1820 petens
1085 1741 1212 1802 orneris.
1230 1811 1231 1814 Ἴ

146 1843 217 1908 qua
228 1824 460 1887 adcommodata
474 1843 568 1906 regno
589 1843 641 1886 sno
655 1824 728 1898 sint,
744 1824 845 1905 ipsum
862 1823 975 1906 optime
987 1821 1082 1888 scire.-
1103 1825 1213 1890 ,islam

145 1913 240 1996 longe
261 1911 481 1993 nullunquam
502 1918 651 1989 senatum,
666 1930 760 1974 nosse.
781 1909 981 1974 reuocandum
996 1911 1094 1995 igilur
1111 1921 1141 1976 at
1162 1933 1212 1976 co·

142 1999 288 2081 geredum,
303 2017 371 2080 qna
384 1997 488 2072 uellet,
499 2016 624 2078 quaque
636 1997 773 2073 sentiret,
789 2017 985 2079 eupromere„
1125 2061 1126 2068 ,
1204 2061 1208 2069 ,

192 2082 290 2148 LIII.
315 2083 478 2147 Reductus
493 2104 511 2146 a
527 2093 665 2166 praetore
680 2082 713 2144 in
728 2082 884 2168 templum
898 2103 967 2162 rex,
982 2093 1015 2148 et
1028 2082 1134 2150 dicere
1142 2086 1302 2172 jus-Oreus
1313 2101 1362 2157 uu.

145 2191 216 2236 sus:
253 2171 503 2245 Perseverassem,
528 2168 642 2254 inquit,
665 2178 777 2246 tacere,
803 2171 919 2234 Patres
946 2173 1122 2255 conscripti,
1149 2165 1302 2238 nisime-nis.

145 2257 339 2320 Rhodiorum
352 2257 535 2340 legationem
548 2277 618 2318 moa
631 2265 789 2322 vocaturos
809 2276 861 2322 voc
874 2257 1001 2320 scirem:
1023 2267 1063 2335 ct,
1076 2260 1141 2324 illis
1155 2283 1211 2324 au·

144 2344 233 2422 ditis,
246 2343 324 2406 uuili
337 2343 543 2407 necessitatem
551 2341 631 2425 fiere
647 2343 779 2406 dicendi.
826 2340 901 2418 Quae
915 2344 1035 2426 quidem
1050 2366 1085 2408 eo
1098 2347 1210 2433 diffici-

140 2430 324 2500 immoratio
338 2429 409 2506 erit,
425 2428 506 2510 quod
522 2449 559 2490 ea
574 2429 735 2511 postulata
756 2449 856 2494 rorum
865 2427 985 2512 fictura
999 2431 1085 2508 sint,
1101 2443 1210 2502 utnon

144 2517 239 2580 solum
254 2516 346 2591 nihil,
360 2517 441 2599 quod
453 2522 560 2578 corelra
576 2535 622 2578 me
634 2516 686 2592 sit,
702 2515 756 2580 sed
775 2535 814 2579 ne
834 2517 917 2602 quod
929 2517 973 2580 ad
993 2517 1076 2599 ipsos
1089 2521 1209 2603 quidem

137 2603 272 2684 proprie
275 2603 446 2683 pertineat,
456 2610 564 2684 petere
573 2602 746 2666 uideantur.
782 2603 885 2686 Agant
894 2603 974 2669 enim
984 2615 1120 2670 caussam
1134 2609 1210 2677 civi

143 2691 255 2754 tatium
269 2686 459 2765 Gracarum,
472 2696 503 2751 et
512 2687 644 2752 libcrari
653 2709 706 2753 eas
719 2689 821 2752 dicent
831 2689 947 2752 debere.
964 2708 1023 2773 quc
1034 2692 1209 2774 impetrata,

142 2777 195 2838 cui
208 2774 398 2852 dubium-est,
415 2775 533 2858 quin-el
545 2796 567 2836 a
581 2772 817 2842 nobisauersuri
825 2775 890 2837 sint
901 2795 962 2837 reon
976 2797 1029 2840 eas
1038 2779 1209 2842 modociui-

142 2871 234 2938 tates,
246 2861 543 2945 qualiberahautur,
553 2861 608 2924 sed
618 2861 709 2927 etiam
718 2869 829 2924 ueteres
836 2861 1060 2942 stipendiarias
1069 2873 1191 2930 nostras
1195 2901 1206 2938 ,-

142 2949 208 3030 ipsi
220 2957 321 3013 natan
331 2957 420 3012 tanto
429 2947 578 3030 obligatos
589 2945 730 3028 beuqieio
743 2945 833 3010 uerbo
846 2948 952 3022 socios,
961 2968 997 3010 re
1010 2969 1083 3015 veru
1096 2950 1209 3034 snbp'ec·

141 3044 191 3100 tos
216 3034 344 3118 imperio
366 3043 397 3098 et
420 3033 566 3099 obaoaios
587 3032 727 3096 habituri
744 3033 831 3100 sint?
854 3033 911 3114 Et,
934 3033 976 3116 (si
994 3033 1072 3099 Diis
1088 3037 1211 3119 placet)

140 3141 237 3205 quum
250 3121 307 3186 tas
320 3130 427 3186 tuntas
439 3141 510 3203 opes
522 3118 729 3200 aelfiectobunt,
742 3115 984 3198 dissimulabant,
995 3122 1060 3185 alla
1069 3131 1166 3204 porte
1175 3127 1211 3188 iel

134 3211 187 3272 ad
199 3209 418 3289 sepertinere:
440 3227 491 3272 uos
501 3207 588 3270 modo
599 3207 754 3283 iddecere,
766 3215 797 3270 et
807 3207 1208 3293 conueniensesseautefiac-

140 3295 194 3371 tis,
211 3295 323 3358 dicent.
369 3294 447 3360 tter
467 3313 518 3358 uos
539 3314 578 3356 ne
598 3293 736 3374 decipiat
755 3293 867 3372 oratio,
876 3293 1101 3376 prendendum
1125 3297 1208 3363 uobis

139 3383 220 3454 erit,·
244 3401 318 3446 neue
331 3399 393 3446 non
406 3381 500 3446 solum
522 3379 719 3462 ittaqualiter
731 3378 812 3444 ulios
832 3381 957 3444 nimiam
972 3381 1153 3464 deprimatis
1169 3407 1208 3448 eu

549 3519 558 3546 ¹
570 3522 628 3562 eunt
639 3516 719 3564 Grom
727 3515 795 3563 Grec.

171 3658 205 3704 49
223 3648 378 3713 Cognoecere]
414 3647 500 3709 scripti
534 3649 656 3708 mguoeeie
690 3644 857 3704 teudere,ideo
873 3645 903 3691 ed
919 3657 967 3692 rem
978 3643 1205 3693 molliendemvide-

140 3719 205 3766 unde
225 3717 360 3764 Gronovius
376 3715 499 3772 tegendum
515 3719 586 3773 putet
602 3727 656 3776 cog·
689 3716 730 3759 tur
750 3712 839 3758 inserts
860 3725 912 3758 esse
934 3710 984 3756 huc
1006 3711 1162 3772 parenthesis,
1182 3715 1206 3758 ee·

140 3798 216 3833 nosce.
689 3792 744 3840 quo,
755 3777 776 3822 ei
788 3790 835 3836 quc
845 3776 871 3822 in
883 3789 908 3822 re
916 3777 999 3837 poerit.

173 3854 205 3896 80
225 3847 320 3896 Omieea
338 3849 365 3894 in
382 3846 410 3892 id
423 3841 574 3904 uerecundia]
596 3843 656 3889 Dum
722 3839 852 3888 ct'lnter
859 3842 1026 3903 permittentes
1036 3837 1148 3904 inuicem]
1163 3841 1205 3888 In·

132 3915 232 3962 ‘rocula
249 3915 276 3959 in
293 3915 322 3960 e'd
335 3912 483 3972 reetrIngunt
498 3922 581 3970 perum
598 3908 656 3956 elio·
687 3913 723 3954 ter
741 3907 872 3954 Eumenem
899 3907 1075 3968 permittentem
1094 3907 1204 3953 PetrIbuc
1288 3951 1289 3954 ,

139 3979 200 4040 quiu
211 3980 318 4026 docorem
335 3977 525 4025 edhortctIouem
536 3974 568 4034 ,cd
585 3971 655 4020 omit-
688 3974 745 4034 quid
760 3973 815 4019 dere
825 3973 923 4030 veilent,
936 3979 960 4019 et
971 3973 1051 4020 Patres
1065 3971 1203 4033 permittcn·

139 4045 237 4092 tendum
249 4044 421 4093 verecundiam.
687 4045 723 4086 tec
735 4037 837 4084 Eumeni
849 4038 906 4097 quid
917 4044 997 4098 petere
1007 4039 1028 4084 ei
1040 4039 1149 4099 pIuceret.

172 4116 201 4157 st
222 4109 302 4156 Prout
318 4110 369 4170 ejus
388 4106 473 4154 merita
494 4103 557 4166 rint]
577 4102 657 4150 recito
683 4136 686 4140 ν
721 4099 1203 4165 58⁴*1ueeplicabili1Cquullustermi-

137 4179 176 4222 est
189 4175 350 4237 interpretari,
363 4184 437 4234 quum
453 4177 521 4218 teuta
537 4171 587 4228 ejus
604 4182 653 4214 me·
687 4182 742 4226 erue,
756 4169 823 4215 nulle
835 4167 942 4215 finiende
960 4168 992 4213 rei
1004 4167 1043 4212 viu
1054 4165 1202 4225 reperiretur.

136 4241 254 4288 eitetitrt.
288 4239 366 4296 Muris
375 4243 454 4286 umen
463 4237 579 4297 placeret:
592 4233 653 4279 Pro·
719 4240 749 4280 54
770 4227 877 4295 Yenrplo]
893 4233 947 4280 viu.
963 4235 1012 4280 not·
1029 4238 1065 4280 19.
1079 4229 1134 4276 edi.
1148 4229 1168 4276 1.
1180 4243 1199 4273 c.

132 4307 234 4366 peucine
249 4305 439 4365 cumulatiusque
514 4314 585 4362 quum
603 4298 654 4360 rjae
686 4305 727 4347 80.

113 4415 117 4424 ,
135 4371 290 4420 meritoriae.
325 4369 397 4422 Quod
409 4382 438 4416 uc
447 4367 607 4430 recempoesit
618 4364 652 4412 of·

737 4435 796 4500 rit
