3104 4976
660 77 664 106 l
684 95 687 104 .

414 209 511 273 mo.
531 169 676 275 xxxiv.
699 211 807 272 cun
833 211 984 273 xxxtu.
1165 210 1220 274 ms

165 370 245 432 tur?
267 369 385 460 Nempe
411 375 457 441 leis
478 379 608 442 macine
631 377 774 456 duodeci,
798 379 827 442 si
853 378 947 443 socios
974 385 1052 446 meos
1067 373 1365 466 pronos-uostr-
1406 375 1408 382 '

164 453 246 518 tibus
258 457 393 534 hubeass
416 463 445 527 si
458 483 522 527 cum
536 463 670 529 hostibus
688 473 719 528 te
736 463 911 548 conjrengas.
954 460 980 500 ¹⁵
995 463 1105 526 Utrum
1118 481 1180 527 uon
1199 454 1260 526 a*
1271 453 1300 502 ⁰·
1311 458 1365 502 ¹⁹⁵·

164 548 197 642 ἐς
197 539 404 625 factumest?
426 571 500 612 uum
513 560 542 614 et
556 549 727 627 Messenen,
743 571 804 615 uno
823 560 915 634 atque
928 550 1029 613 eodem
1037 547 1221 632 jrcrefoede·

163 647 220 728 ²¹3⁸,
236 649 295 712 quo
308 641 339 695 ct
354 633 608 713 lacedmmmm,
623 637 658 700 iu
668 636 837 700 amicitiam
851 644 984 700 nostram
995 643 1158 717 acceptam,
1173 655 1221 701 so-

164 733 226 777 crus
240 717 306 798 ipse
318 721 431 784 sociam
451 721 538 787 mobis
555 722 657 786 urbem
675 724 709 786 oi
726 732 819 806 atque
842 723 939 786 armis
962 721 1072 803 cepisti
1079 746 1091 782 .-
1113 729 1144 784 et
1156 741 1222 784 cum

163 799 328 886 Plcilrppo,
353 805 438 871 leoste
458 809 839 886 remunerandorum
861 809 965 883 solum,
987 807 1049 882 sed,
1066 804 1131 869 ¹⁶si
1146 806 1222 870 Diis

157 886 273 987 placet,
285 890 477 974 affinitatem
496 895 588 958 etiam
606 915 667 978 per
680 894 844 959 Philoclem
853 891 1031 977 proficuum
1048 889 1111 976 ejus
1131 893 1223 975 pepi·

161 974 256 1054 gostis
277 984 308 1038 et
321 975 429 1054 ¹lullum
443 981 602 1045 uocaset
616 1001 671 1044 nos
686 1001 796 1064 gerens
810 1000 893 1042 mare
912 980 995 1043 circa
1012 977 1150 1046 Maleam
1172 981 1222 1050 im·

151 1056 272 1140 festum
285 1064 414 1129 novimas
429 1067 695 1152 piraticisfecisti
701 1093 712 1129 .·
734 1075 765 1130 et
783 1067 890 1148 plures
898 1085 999 1148 prope
1013 1065 1091 1131 cives
1106 1063 1222 1128 Roma-

164 1163 231 1223 mos,
245 1165 335 1229 quom
346 1145 522 1234 Plrilrppus,
538 1153 646 1236 cepisti
660 1161 751 1235 atque
771 1152 925 1216 occidisti:
948 1152 1102 1234 tutiorque
1112 1150 1222 1214 Mace-

163 1229 267 1296 donia
279 1253 346 1311 ora,
361 1257 451 1320 pram
460 1240 701 1320 promontorium
711 1236 828 1301 Malea
837 1239 1014 1302 commeatus
1022 1239 1067 1301 ad
1075 1238 1224 1302 accercitus

164 1325 284 1414 nastros
290 1323 489 1401 portantibus
507 1324 721 1410 maoibruficil.
765 1324 905 1387 Proinde
918 1322 944 1365 ¹⁷
946 1344 1052 1405 parce,
1067 1324 1120 1400 sis,
1122 1324 1223 1405 fidem

165 1420 286 1484 acpuru
296 1407 594 1493 societatisjoctares
616 1420 656 1486 et,
672 1410 782 1474 omisso
795 1407 1135 1492 ¹⁸popularioratiome‚
1144 1419 1223 1473 tam-

164 1507 254 1570 quam
268 1499 415 1575 mronuus
428 1505 459 1558 et
471 1497 567 1561 nostis
579 1499 711 1580 loquere.

208 1573 382 1642 XXXIII.
404 1580 473 1646 Sub
491 1583 575 1647 ‘haec
608 1582 785 1647 Aristaenus
819 1600 904 1644 nunc
941 1599 1069 1644 monere
1103 1579 1222 1654 Nabin,

166 1663 366 1728 nuncetiam
388 1687 489 1746 orare,
506 1680 552 1749 ut,
566 1669 643 1734 dum
666 1667 784 1744 liceret,
807 1667 884 1730 dum
910 1666 1032 1732 occasio
1051 1677 1141 1741 esset,
1162 1665 1223 1728 sibi
1251 1687 1256 1696 ·

166 1765 203 1809 uc
231 1746 366 1814 iortnnis
394 1753 458 1832 suis
478 1753 680 1836 consuleret.
726 1752 858 1820 Referre
893 1751 1008 1818 deinde
1035 1751 1222 1822 nominatim

166 1829 354 1919 ¹⁸’tyrannos
368 1837 541 1906 civitatium
565 1840 771 1906 finitimorum
796 1839 903 1925 coepit,
918 1839 984 1924 qui,
999 1836 1144 1921 deposito
1163 1836 1223 1902 im·

165 1920 268 2018 perio,
281 1923 485 2013 restitutaque
507 1927 650 1992 libertate
671 1926 744 2004 suis,
766 1947 833 1994 non
856 1937 957 1991 tutum
984 1923 1091 2001 modo,
1103 1921 1157 1988 sed
1177 1935 1224 1988 et-

166 2025 231 2103 rum
245 2005 433 2076 honoratam
447 2013 532 2078 inter
545 2014 629 2079 cives
644 2025 835 2080 senectutem
858 2011 1007 2099 egissent
1053 2009 1118 2074 His
1131 2008 1225 2074 dictis

166 2111 199 2155 sn
215 2094 315 2158 vicem
330 2098 517 2185 auditisque,
532 2121 596 2168 nox
617 2121 718 2186 prope
736 2099 864 2166 diremit
885 2097 1097 2184 conloquium.
1144 2095 1354 2160 Poe-Neutra»-

165 2187 235 2242 tero
263 2180 315 2248 die
345 2182 454 2262 Nubis,
481 2185 579 2272 Argis
605 2209 637 2252 se
663 2189 768 2252 cedere
794 2208 833 2249 ac
864 2186 1009 2249 deducere
1030 2175 1369 2266 presidium‚“⁰‘¹³‘“⁰·

165 2267 289 2348 quondo
303 2270 350 2334 ita
365 2271 516 2337 Rmnauis
523 2273 673 2354 placeret,
688 2283 718 2336 et
728 2274 864 2355 captivos
877 2281 908 2335 et
921 2271 1069 2354 perfugas
1088 2254 1313 2368 redditu-{3⁰:222n
1322 2253 1347 2286 '⁹

165 2371 243 2428 rum,
258 2352 349 2419 dixit.
393 2356 492 2421 Aliud
504 2361 534 2423 si
551 2360 628 2443 quid
646 2361 849 2442 postularent,
864 2359 1009 2439 scriptum
1031 2365 1065 2418 ut
1089 2357 1224 2435 ederent,

165 2437 265 2520 petiit,
282 2449 316 2504 ut
336 2443 508 2512 deliberare
525 2466 589 2509 cum
615 2446 721 2509 amicis
740 2453 853 2527 posset.
898 2442 949 2507 Ite
968 2454 1000 2506 et
1024 2454 1161 2528 tyranno
1184 2440 1224 2504 od

165 2524 409 2593 consultandum
430 2542 554 2616 tempus
579 2529 688 2596 datum
714 2543 773 2594 est:
804 2541 835 2594 et
859 2527 1041 2608 Quinctius,
1065 2528 1222 2592 sociorum
1233 2535 1362 2586 outneuus

165 2609 267 2674 etium-
288 2613 484 2699 principibus
513 2615 675 2694 adhibitis·
703 2615 815 2681 habuit
846 2613 1023 2680 consilium.
1069 2602 1305 2712 Maximaeffib‘t
1319 2612 1389 2661 'W‘

165 2697 264 2780 portis
278 2702 434 2765 sententio
455 2713 541 2766 erut:
563 2705 826 2768 Perseverandum·
845 2703 879 2765 in
894 2701 971 2772 bello
986 2721 1056 2776 esse,
1072 2710 1103 2764 et
1116 2679 1321 2778 tollen-,323⁶
1330 2678 1387 2712 ⁰⁰⁰¹

117 2863 123 2873 ⁸
165 2784 419 2870 dumtprannum.
441 2809 600 2873 numquam
612 2791 707 2853 aliter
717 2797 814 2852 tutam
822 2788 992 2851 libertatem
1006 2787 1137 2849 Gracia
1134 2789 1224 2870 sore.

167 2867 273 2934 Satires
296 2874 513 2960 multoficisse,
529 2896 590 2938 uam
612 2876 725 2939 moveri
748 2874 857 2937 bellum
882 2873 1025 2936 aduersus
1045 2892 1119 2947 eum,
1136 2892 1226 2953 quam

165 2956 268 3020 omitti
281 2968 400 3024 motum.
422 2971 453 3024 et
467 2963 563 3045 ipsum
578 2963 659 3026 uelut
672 2959 866 3043 comprobato
884 2959 1092 3024 dominatione
1098 2958 1226 3040 finnio-
1336 2981 1341 2990 ·

164 3041 386 3125 remsuturum,
401 3057 524 3113 auctore
538 3047 646 3132 irp'usti
660 3048 784 3130 imperii
796 3044 1052 3128 adsumtopopulo
1068 3043 1226 3118 Romano,-

166 3135 198 3190 et
208 3133 342 3213 erempla
355 3131 463 3226 multos
478 3136 511 3198 im
526 3137 601 3200 aliis
614 3134 789 3200 ciuitatibus
801 3133 847 3198 ad
865 3131 1074 3196 insidiandum
1085 3129 1227 3194 libertati

199 3283 315 3342 CQuilue
325 3288 343 3335 i.
354 3288 422 3334 rebus
433 3304 455 3335 a
472 3305 493 3336 o.
504 3287 517 3334 l
532 3289 564 3336 N.
584 3290 605 3336 ls.
623 3305 654 3336 ns.
673 3289 762 3336 duabus
780 3289 825 3348 leg.
846 3287 875 3342 Q.
896 3289 913 3333 s'.
925 3302 946 3332 a
956 3285 995 3333 ol
1010 3287 1043 3333 N.
1053 3286 1076 3334 Ιι.
1088 3285 1176 3332 duabus
1190 3299 1227 3331 re·

166 3349 325 3466 gummogreu'e
334 3353 410 3403 Gron.
437 3355 465 3411 Q.
476 3356 493 3402 i.
506 3355 602 3401 retusa.
614 3353 651 3400 ol
666 3354 699 3401 N.
712 3355 734 3400 lt.
746 3353 835 3401 duobus
845 3353 949 3400 manime
962 3353 1030 3400 Creu.
1080 3349 1093 3387 h
1104 3351 1227 3398 curemus

200 3538 229 3578 ts
250 3531 335 3580 Utrum
363 3549 409 3581 uon
432 3550 446 3581 o
474 3541 497 3580 te
513 3533 612 3594 suctum
633 3529 680 3596 eet]
713 3531 1008 3590 audes,etmolliendaesd
1026 3530 1161 3576 comttstem
1174 3541 1226 3575 ors·

164 3595 401 3658 Scriptisslrurmuam
417 3615 433 3646 a
450 3607 481 3647 te.
505 3599 623 3645 Pmtculs
638 3613 680 3645 ue·
711 3597 915 3646 tioniudhibetut.

163 3675 222 3725 gens
233 3665 333 3712 omniuo
348 3665 478 3712 tremueris
493 3670 537 3710 est.
570 3663 678 3725 Suspice·
747 3658 933 3724 tuspopulnrt]
944 3661 1065 3708 Pleusibili
1078 3661 1104 3706 in
1116 3662 1209 3720 vulgus.

163 3733 203 3776 tur
213 3730 349 3778 Gronovius
366 3744 417 3777 eum
435 3730 568 3790 absorptum
586 3743 638 3776 esse
648 3729 678 3775 sb
746 3735 774 3778 19
794 3725 917 3790 Pyramum
935 3759 960 3774 ..
976 3728 1018 3788 qui
1034 3726 1137 3786 deposito
1154 3727 1226 3785 impe·

164 3793 249 3841 ultimo
266 3795 357 3856 syllaba
376 3796 439 3842 vocis
456 3795 620 3856 precedentis,
637 3794 677 3840 Li·
710 3790 759 3856 rio]
781 3793 881 3852 Aliquot
903 3797 1069 3838 commemoret
1101 3791 1227 3850 Polybius,

163 3859 275 3920 riumque
291 3861 390 3920 dedisse,
402 3861 547 3908 Utrumuum
562 3872 608 3906 mou
624 3874 640 3905 a
656 3865 679 3904 te
710 3859 726 3904 1.
739 3859 771 3906 11.
788 3873 812 3904 n.
825 3864 863 3903 4⁴.
877 3870 935 3916 quos
946 3857 1027 3916 procul
1039 3856 1111 3903 dublo
1131 3856 1157 3901 in
1174 3855 1225 3900 uoi-

157 3925 255 3984 sactum
266 3924 323 3972 ertl
710 3937 751 3971 mo
765 3923 867 3970 habebut
884 3923 1026 3979 Aristonus,
1038 3921 1160 3981 Lyuiudem
1174 3920 1225 3964 Me-
1283 3961 1289 3975 ,

198 3991 287 4037 lehis·
295 3989 435 4054 dimplens,
445 3990 588 4052 affinitatem
596 3983 681 4051 etium]
712 3989 910 4052 gulopolituuum,
921 3986 1048 4033 Xenonem
1066 3985 1225 4031 Hermionen-

164 4052 307 4118 Indignatur
317 4055 443 4113 Quintius,
452 4055 535 4102 Nubin
551 4060 679 4116 quonum
712 4067 772 4110 sem,
796 4054 951 4112 Cleonymum
973 4049 1112 4105 Phliasium,
1134 4049 1227 4095 Aristo·

164 4119 209 4165 sibi
229 4127 324 4168 tuntum
347 4135 464 4183 urrogsre,
486 4127 513 4167 ut
534 4121 563 4166 sd
579 4117 679 4186 affinitu-
713 4119 822 4166 mschum
841 4117 966 4177 Argivum,
988 4116 1029 4175 qui
1054 4127 1137 4161 omues
1158 4110 1228 4158 Arcti

163 4189 211 4231 tem
229 4201 281 4234 cum
299 4187 362 4244 regio
378 4188 533 4234 Macedonum
547 4186 618 4233 domo
629 4184 680 4231 sni·
713 4185 751 4231 sel
767 4183 918 4239 auctoritate,
936 4181 974 4227 vel
990 4185 1056 4226 metu
1073 4176 1177 4231 adducti,
1188 4179 1226 4233 ty·

164 4263 214 4297 mos
225 4253 334 4299 attollere
344 4253 438 4299 uudmt.
711 4249 832 4296 renuidem
855 4247 1020 4306 deposuerunt,
1036 4255 1132 4299 seseque
1151 4244 1175 4285 et
1193 4239 1225 4284 ci·

199 4314 381 4377 tttpareeut]
405 4317 493 4364 DesIns
513 4330 599 4377 queso.
628 4315 681 4361 Vox
712 4315 798 4360 vitutus
809 4326 863 4359 suus
874 4311 968 4358 Achels
979 4309 1142 4366 adjunxerunt.

165 4383 197 4428 sle
207 4388 336 4444 usurpatus
348 4396 390 4442 pso
402 4385 424 4428 si
434 4384 480 4439 uis,
492 4389 519 4427 ut
530 4383 595 4428 rodes
605 4392 648 4442 pro
658 4381 682 4424 si

752 4447 814 4502 ut
