3126 4978
384 341 388 350 ¹
429 268 525 353 nin.
546 249 671 328 xxxv.
698 257 801 328 cue.
826 267 926 327 xvu.
1157 272 1216 328 sos

159 439 190 496 et
210 431 407 511 nummisma
421 433 527 517 quibus
535 430 727 518 stipendium,
740 428 872 516 aquibus
881 451 974 496 naues
984 427 1142 512 ecfodere
1153 431 1216 496 eui-
1228 441 1257 490 υ.
1269 439 1297 488 a.
1306 425 1373 491 sss.v
1399 504 1403 512 l

157 519 261 602 gitis?
276 521 338 585 Gar
347 521 522 604 Syrantsas,
535 529 626 603 atque
633 519 664 582 in
674 519 753 582 alias
761 517 873 590 Sicilia
879 517 1006 582 &acas
1016 519 1218 599 urbesprata·
1226 508 1256 556 Α
1269 509 1298 558 ⁰·
1309 513 1364 556 ¹⁹³·

159 625 225 668 reru
238 608 406 690 quotannis,
416 627 481 670 eum
491 605 614 689 imperia
622 615 651 668 et
663 605 760 690 uirgis
774 615 802 668 et
813 605 974 685 scurribus,
986 603 1129 668 mittitis?
1144 603 1219 667 nibil

162 690 249 754 aiud
258 691 396 774 prosecta
409 692 525 767 dicatis,
541 712 634 775 quam
650 693 742 755 armis
751 691 956 773 apenninos
965 691 1070 754 iis'iras
1082 691 1163 776 leges
1173 691 1219 754 in·
1262 689 1267 697 ’

157 778 303 858 posuisse.
339 777 1221 862 EamdemdequrnaetLampsacociaitutibusqne,quce

161 861 259 928 Ianiae
272 875 325 928 aut
338 865 468 928 AEalidis
481 873 559 940 sunt,
576 883 711 926 caussam
733 864 772 926 ab
786 863 936 926 Antiocho
956 863 1088 944 accipite.
1136 863 1220 926 Bella

162 961 319 1031 superatas
340 971 361 1014 a
381 949 552 1034 majoribus,
568 959 598 1012 et
618 948 853 1031 ⁵⁰stipendiarias
874 967 913 1012 ac
931 949 1220 1034 uectigalesfactas,

163 1035 197 1096 iu
210 1039 363 1122 anaqam
368 1057 425 1122 pus
437 1036 555 1118 repetit.
576 1036 682 1120 itaque
703 1037 746 1098 ad
767 1036 830 1099 bcec
851 1036 878 1098 ei
898 1037 1070 1118 responderi
1083 1035 1222 1112 uelim‚si

163 1141 202 1185 eu
215 1143 301 1207 aquo
315 1124 509 1204 disceptatur,
525 1132 555 1186 et
568 1143 627 1185 uon
641 1121 711 1188 belli
721 1129 826 1186 caussa
841 1123 995 1206 quaritur.
1031 1121 1083 1187 Ad
1098 1143 1135 1185 ea
1148 1119 1220 1186 Sul-

162 1207 274 1294 picius,
289 1207 402 1274 ⁶¹Fecit
426 1211 597 1285 oaecunde,
622 1207 734 1294 iuquit,
750 1207 923 1284 Antiochus,
939 1208 1000 1292 qui,
1027 1208 1054 1270 si
1078 1208 1142 1272 alia
1160 1229 1222 1292 pra

164 1315 276 1359 caussa
288 1294 351 1379 ep'us
364 1317 421 1359 nou
436 1303 531 1371 erant,
547 1296 802 1378 qna-dicerentur,
817 1295 972 1378 quemlibet
988 1297 1059 1371 ista,
1072 1316 1161 1380 quam
1176 1315 1220 1371 se,

164 1381 269 1445 dicere
288 1381 405 1446 maluit.
452 1381 536 1456 Quid
563 1381 641 1444 enim
676 1381 771 1442 simile
804 1381 892 1443 babet
918 1380 1078 1444 ciuitatium
1107 1401 1221 1458 aarum,

166 1487 242 1549 quas
264 1468 455 1549 comparasti,
482 1471 613 1530 caussa?
636 1465 689 1530 Ab
709 1467 872 1550 Rbegiuis,
892 1475 920 1530 et
948 1467 1166 1550 Neapolitanis,
1193 1475 1223 1530 et

171 1554 351 1630 Tarentinis,
365 1575 406 1617 erc
418 1574 476 1638 quo
488 1553 521 1616 in
535 1560 669 1616 nostram
686 1561 825 1617 aenanmt
840 1561 1028 1634 potestatem,
1043 1573 1101 1615 uno
1115 1563 1143 1616 et
1155 1575 1223 1635 per·

163 1649 255 1722 petuo
274 1637 469 1724 tenorejuris,
483 1660 600 1722 semper
620 1647 771 1719 usurpato,
787 1657 944 1722 numquam
964 1639 1141 1719 intermisso,
1156 1659 1225 1724 qna

168 1723 329 1807 easoederq
342 1727 457 1804 debent,
470 1725 627 1811 eaigimus.
673 1727 803 1789 Potesne
824 1726 945 1788 tandem
966 1725 1073 1801 dicere,
1085 1734 1118 1788 ut
1132 1725 1156 1786 ii
1168 1746 1224 1805 pa-

166 1812 233 1894 puli
246 1816 372 1894 nan‘per
392 1833 435 1889 se,
449 1832 509 1876 nan
528 1833 583 1894 per
603 1811 696 1876 alium
716 1819 896 1896 quemquam
909 1807 1019 1891 sadus
1031 1812 1224 1892 mutaverint,

168 1899 489 1976 damnavimus,
514 1908 549 1961 ut
573 1899 665 1962 semel
688 1907 831 1963 acuerunt
855 1898 887 1961 in
910 1896 1059 1983 majarum
1086 1896 1227 1961 Antiochi

166 1994 354 2066 potestatem,
377 1987 409 2048 in
431 1995 572 2068 perpetua
592 1985 777 2066 possessione
796 1985 884 2070 regni
906 1984 995 2048 uestri
1013 1984 1226 2068 permansisse,

163 2081 200 2137 ‘et
213 2092 269 2134 nan
284 2072 362 2135 alias
375 2093 479 2135 earum
495 2071 526 2135 in
540 2071 685 2153 Philippi,
702 2072 782 2136 alias
795 2070 827 2134 in
843 2069 996 2136 Halemai
1007 2069 1109 2153 fuisse
1126 2079 1227 2152 pates·

171 2167 243 2234 tate,
261 2157 341 2221 alias
355 2179 408 2240 per
428 2158 642 2225 multasannas
662 2157 742 2221 nulla
763 2158 937 2242 ambigente
957 2158 1121 2221 libertatem
1141 2177 1228 2220 ussur-

164 2242 285 2325 passe?
306 2244 392 2308 Nam
412 2245 450 2320 si,
464 2245 544 2328 quad
558 2245 723 2328 aliquanda
744 2244 917 2320 servierunt,
942 2253 1102 2326 temporum
1121 2243 1229 2328 iniqui-

173 2339 236 2394 tate
249 2331 351 2412 pressi‚
357 2329 416 2414 jus
427 2340 494 2412 post
509 2339 551 2393 tat
564 2329 591 2368 ⁶²
602 2331 702 2394 secula
716 2330 874 2393 adserendi
888 2351 937 2393 eas
951 2330 982 2392 in
996 2331 1165 2394 sanitatem
1171 2326 1229 2410 sa·
1259 2377 1260 2380 ,

172 2416 258 2490 cies,
283 2416 356 2500 quid
376 2417 471 2494 abest,
498 2417 572 2500 quin
591 2426 691 2480 actum
706 2417 788 2480 nome
801 2416 873 2479 nibil
897 2417 945 2496 sit,
957 2419 1036 2500 quod
1053 2439 1073 2483 a
1090 2415 1231 2498 Philippo

174 2501 363 2567 liberavimus
394 2501 556 2579 Graciam,
587 2511 617 2565 et
644 2511 781 2583 repetant
807 2504 917 2584 posteri
946 2501 1009 2586 q'us
1045 2502 1230 2577 Camurium,

175 2589 362 2666 Chalciden,
378 2589 617 2665 Demetriadem,
633 2599 662 2652 et
680 2589 888 2654 Thessalorum
903 2599 994 2653 totam
1007 2588 1152 2675 gentem?
1173 2589 1234 2654 Sed

173 2676 247 2758 quid
260 2695 318 2760 ega
331 2695 469 2739 caussam
484 2675 645 2739 ciuitatium
659 2696 732 2760 aga,
748 2696 851 2759 quarn,
866 2676 936 2758 ipsis
956 2677 1123 2761 agentibus,
1140 2685 1167 2738 et
1182 2695 1234 2738 uas

173 2771 204 2824 et
214 2783 318 2844 regem
332 2762 427 2844 ipsum
438 2782 613 2846 cognoscere
627 2762 738 2844 aquius
752 2767 818 2825 est?
1135 2759 1137 2769 '

220 2847 334 2911 XVII.
358 2846 478 2910 Vocari
497 2847 611 2911 deinde
636 2847 808 2910 civitatium
836 2846 1007 2933 legationes
1025 2848 1127 2933 jussit,
1151 2867 1235 2930 prae-

175 2934 384 3021 paratusjam
407 2946 481 2998 aute
501 2945 533 2998 et
557 2933 726 3014 instructas
747 2931 788 2996 ab
814 2931 968 3010 Eumene,
985 2935 1051 3020 qui,
1066 2945 1234 3018 quantum-

175 3041 311 3106 cumque
338 3019 451 3083 virium
477 3019 639 3085 Antiocho
667 3018 856 3096 decessisset,
887 3041 945 3082 suo
975 3021 1007 3084 id
1037 3039 1235 3083 accessurum

176 3127 277 3193 regna
300 3104 445 3171 ducebat.
488 3105 631 3171 Admissi
656 3105 771 3190 plures,
795 3104 872 3169 dum
897 3129 969 3170 suas
995 3107 1125 3192 quisque
1150 3125 1236 3168 nunc

177 3191 330 3277 querelas,
345 3213 431 3256 nunc
452 3192 719 3276 expostulationes
740 3192 859 3269 inserit,
876 3205 909 3257 et
928 3215 1018 3280 aequa
1033 3192 1148 3278 iniquis
1162 3191 1236 3254 mis-

176 3289 277 3355 cent·,
292 3301 310 3340 e
324 3277 550 3361 disceptatione
571 3276 806 3344 altercationem
824 3277 976 3344 iecerunt.
1004 3280 1119 3365 itaque,
1135 3299 1238 3364 neque

175 3364 306 3428 remissa
320 3363 385 3429 ulla
400 3385 444 3440 re,
461 3385 562 3450 neque
575 3365 753 3448 impetrata,
765 3387 855 3514 seqqe
869 3379 1077 3444 sevenerunt,
1093 3365 1236 3429 omnium

177 3450 292 3515 incerti
307 3450 401 3532 legati
426 3451 562 3514 Romam
588 3450 759 3518 redieruut.
838 3473 888 3530 ex,
912 3451 1048 3517 dimissis
1070 3453 1117 3531 iis,
1133 3451 1383 3518 causi-numne-

177 3535 257 3602 lium
272 3535 312 3600 de
327 3535 411 3601 bello
427 3535 575 3600 Romano
589 3537 710 3602 habuit.
733 3537 782 3602 lbi
792 3536 906 3602 ⁵³blius
921 3539 983 3603 alio
996 3537 1131 3604 ferocius
1149 3535 1394 3649 (quiaifflssm

211 3673 289 3720 teau.
300 3681 324 3721 et
334 3675 408 3721 Grau.
421 3675 489 3722 Cres.
552 3661 567 3706 ἱ
572 3672 639 3737 facit
646 3673 710 3721 aaa.
775 3679 787 3708 ¹
796 3677 968 3738 postulationes
979 3679 1064 3725 inserit
1070 3693 1137 3740 aqua
1148 3678 1239 3742 iniquis
1245 3667 1316 3716 bell&

180 3739 379 3788 namucense.
687 3741 690 3746 ’

213 3837 695 3904 50⁹&tpmutartmneveestgues]tnu.
727 3855 781 3888 rum
805 3839 1083 3906 increpare]·Pasterius
1111 3843 1157 3890 hoc
1179 3843 1242 3889 alius

181 3909 234 3951 not.
246 3912 286 3954 92.
297 3905 408 3951 mxxl.
420 3909 460 3951 41.
728 3921 776 3954 nan
788 3909 838 3953 essi
848 3907 909 3952 Livii
921 3907 1092 3966 existimamus,
1102 3909 1140 3955 sed
1153 3908 1241 3954 immis-

214 3974 242 4016 51
253 3969 266 3996 ⁸
276 3971 345 4018 Fecit
351 3969 489 4036 uerecunde]
501 3971 616 4018 Pudorem
626 3985 695 4018 suum
711 3988 714 3998 ·
727 3985 780 4018 sum
791 3972 821 4019 ub
831 3970 861 4018 iis
870 3972 911 4032 qui
922 3985 971 4021 uon
988 3975 1097 4022 viderunt
1108 3973 1242 4035 parenthesi

181 4034 274 4094 probot-
307 4035 403 4082 Etenim
414 4036 558 4096 impudentis
573 4041 609 4082 est
619 4037 695 4084 iutili-
728 4034 869 4084 includenda
885 4051 913 4083 ee
932 4039 1015 4085 omnis
1034 4053 1086 4099 quse
1103 4037 1243 4096 interpositu

166 4099 228 4144 ‘bns
242 4101 388 4148 sermonibus
406 4101 465 4148 velle
482 4102 549 4148 alteri
565 4103 644 4149 fucum
661 4102 697 4150 ia·
728 4109 785 4148 sunt
800 4102 862 4148 inter
877 4103 1012 4150 adverbium
1022 4103 1139 4164 feracius,
1155 4107 1179 4146 et
1196 4100 1242 4147 hoc

185 4176 245 4212 cere.¹
271 4179 273 4184 ·
728 4167 869 4226 membrum,
880 4168 1014 4229 superbiam
1019 4169 1193 4228 postulatorum
1205 4166 1243 4211 in-

217 4233 247 4274 52
265 4223 530 4294 Secula1ruuie„vid.
549 4237 599 4281 nat.
616 4235 656 4282 67.
667 4233 695 4280 sd
729 4247 831 4293 crepare.
863 4231 876 4258 '¹
886 4231 970 4292 ltaque
986 4246 1068 4278 sensus
1083 4231 1143 4277 erit:
1161 4242 1242 4276 amnes

185 4291 230 4339 ῙΧ·
243 4299 280 4340 ¹⁸·
730 4299 849 4360 increpare
859 4297 976 4357 incipiunt
993 4297 1123 4359 superbiam
1136 4296 1244 4355 postulu-

217 4365 247 4405 58
265 4359 338 4407 Alius
344 4361 599 4424 aliaserociussquia.
611 4394 618 4408 .
630 4395 637 4408 .
647 4379 695 4412 nra·
729 4367 818 4420 torum,
831 4367 949 4409 certantes
966 4363 1027 4408 inter
1044 4375 1068 4408 ss
1085 4360 1137 4422 quis
1149 4359 1244 4407 ferocis-

176 4421 219 4482 p'or
240 4431 299 4473 eran
326 4423 398 4472 Alius
416 4428 549 4488 superbiam
568 4429 697 4487 postulata·
728 4427 1135 4487 simeetaudacissimuloqueretur.
