3082 4976
410 173 470 226 450
694 167 700 174 ’
790 169 905 232 'l'l‘l'l
934 169 1072 230 LlVll

249 330 387 384 ‘ic-⁶⁶⁹·
410 331 530 397 deditos
553 335 695 418 spoliari.
737 335 850 426 Itoqne
864 335 904 400 'se
927 357 993 401 cnm
1015 337 1061 400 iis
1082 332 1228 420 ¹³legatos
1247 329 1438 396 coenum

249 401 279 447 Δ·
289 402 318 450 ⁰·
331 404 388 446 ¹⁸⁸·
410 419 570 493 missuros·
595 421 655 505 qui,
670 422 700 486 si
713 424 851 500 redeant,
867 425 949 487 sende
967 420 1117 499 uenerint,
1132 422 1234 484 ornnin
1253 420 1289 484 iis
1308 419 1358 483 sun
1375 417 1440 480 reddi

398 503 552 590 jubeont;
569 508 681 592 quique
687 509 834 590 protinus
847 507 1024 574 eont'trons
1038 510 1143 592 Alpes,
1158 516 1189 571 et
1202 506 1371 570 denmrcient
1384 503 1439 564 Gol-

409 593 480 656 licis
491 595 625 675 populis,
641 595 864 659 multitudinem
877 616 962 659 usam
977 595 1056 659 domi
1068 595 1255 658 contineant.
1297 593 1380 674 Alpes
1386 609 1440 672 pro

404 697 451 761 pe
463 679 837 782 inexsuperabilemfinem
848 682 882 744 in
896 684 995 745 medio
1005 703 1077 782 esse:
1100 678 1192 744 ¹⁴non
1205 679 1356 778 sdiqneniis
1361 677 1441 776 melios

397 765 745 937 suentes?
760 759 1440 932 t‘nt‘ntf‘teentsrnrn

412 935 509 1014 Gelli,
526 937 656 1003 redditis
677 940 838 1018 omnibus,
857 962 930 1026 quae
951 941 1019 1004 sine
1038 939 1224 1025 cujusquam
1245 934 1355 1024 injurie
1372 933 1441 999 habe

411 1021 500 1100 bunt,
517 1023 610 1088 Italis
624 1039 834 1092 excesserunt.

457 1109 525 1175 LV.
548 1109 679 1197 Legatis
692 1111 847 1178 Romanis
856 1111 1062 1199 Transalpini
1077 1111 1189 1198 populi
1200 1110 1332 1198 benigne
1344 1127 1441 1194 respou-

410 1194 538 1262 derunt.
560 1198 699 1264 seniores
724 1201 835 1264 eorum
860 1199 992 1264 nimium
1015 1199 1177 1264 lenitatem
1202 1197 1311 1284 populi
1336 1192 1441 1262 Romani

410 1282 624 1372 castigarum:
651 1289 741 1361 Quod
753 1309 803 1351 eos
815 1289 960 1366 nomines,
977 1289 1032 1371 qui
1040 1285 1145 1372 'gentis
1158 1285 1275 1370 irpnssss
1283 1283 1402 1368 prq‘scti
1411 1301 1441 1357 oe

409 1369 524 1452 cupere
537 1369 645 1456 og'rum
660 1374 786 1456 imperii
799 1375 947 1452 Romani,
961 1374 994 1438 'et
1007 1374 1047 1436 r'n'
1056 1374 1160 1436 alieno
1181 1374 1246 1437 solo
1259 1372 1397 1454 edificare
1407 1388 1441 1448 op

406 1457 515 1538 pidum
530 1455 670 1522 ¹⁶'cono'ti
682 1461 774 1537 sintss,
792 1461 951 1543 inpunitos
965 1460 1150 1524 dimiserint.
1193 1458 1341 1522 Debuisse
1349 1472 1441 1540 pann

409 1541 593 1609 temeritatis
604 1544 766 1610 mercedem
780 1548 888 1610 stotssi.
909 1548 992 1630 qnod
1011 1547 1083 1610 nero
1097 1545 1189 1609 etium
1198 1548 1261 1609 'sno
1275 1542 1440 1613 reddiderint,

410 1630 520 1706 uereri,
533 1651 572 1694 me
585 1631 676 1695 tonte
687 1631 1002 1718 indulgentioplnres
1015 1633 1059 1695 od
1072 1633 1154 1696 tolio
1168 1633 1311 1696 audendo
1325 1628 1441 1712 inpellun-

409 1723 471 1780 tur.
518 1715 569 1780 Et·
582 1719 788 1802 exceperunt,
807 1730 840 1783 et
863 1718 1024 1802 prosecuti
1045 1740 1117 1782 cum
1140 1717 1244 1781 donis'
1256 1717 1368 1805 legatos
1380 1717 1440 1777 'sunt

412 1800 462 1866 M.
478 1801 633 1867 Claudius
654 1804 776 1882 consui,
802 1805 905 1869 Gellis
926 1827 966 1868 ex
987 1805 1152 1889 provincia
1177 1801 1308 1882 exuitis,
1329 1802 1441 1866 lotricum

410 1887 527 1953 bellum
545 1889 650 1953 moliri
665 1891 775 1976 coepit,
793 1891 891 1955 literis
913 1891 953 1954 ud
969 1905 1113 1957 senatum
1129 1890 1244 1965 missis,
1261 1905 1297 1954 ut
1311 1889 1364 1954 sibi
1376 1887 1401 1950 in
1412 1882 1441 1946 le

409 1975 504 2038 triam
526 1975 695 2041 traducere
719 1977 860 2063 legiones
886 1977 1004 2041 liceret.
1049 1977 1100 2041 Id*
1115 1977 1239 2041 senatui
1263 1976 1382 2061 placuit.
1414 1967 1441 2033 ll·

246 2059 467 2154 equitnm-lud
490 2060 663 2143 agitabunt,
686 2063 734 2128 uti
758 2063 885 2128 colonia
907 2063 1056 2150 Aquileia
1078 2062 1300 2128 deduceretur.
1325 2082 1376 2126 uec
1393 2054 1440 2120 sons

247 2142 321 2191 '⁰¹¹¹‘-
408 2147 586 2226 constubnt',
606 2162 713 2214 utrum
737 2149 898 2225 Latinum,
919 2172 961 2214 an
987 2149 1102 2214 civium
1128 2149 1358 2225 Romanorum,
1373 2142 1440 2208 dedu·

408 2233 438 2298 ci
462 2233 610 2319 placeret.
640 2248 803 2320 postremo
826 2235 975 2301 Latinum
995 2235 1124 2321 'potiusv
1137 2237 1296 2301 colonium
1321 2233 1440 2327 deduces·

408 2321 483 2385 dem
509 2321 618 2386 Patres
644 2323 848 2388 censuerunt
886 2323 1070 2386 Triumviri
1094 2322 1203 2388 creati*
1218 2329 1294 2388 sunt
1315 2321 1351 2387 Ρ.
1365 2317 1441 2400 Scipo

408 2408 537 2485 Nasica,
555 2407 593 2473 C.
610 2409 795 2488 Flaminius,
818 2409 856 2475 L.
874 2408 1018 2474 Munliu's
1032 2408 1201 2474 Acidinus.
1249 2408 1365 2475 Eodem
1383 2420 1440 2467 nuno

246 2497 343 2545 rtatim
354 2502 379 2545 et
409 2493 541 2559 Mutina
555 2507 586 2558 et
602 2495 720 2560 Parma
737 2496 872 2560 coloniae
889 2495 1108 2560 Romanorum
1131 2495 1250 2560 civium
1260 2503 1263 2510 ’
1273 2489 1440 2560 sunt'deduc·

246 2563 381 2677 {qn-paco-
408 2593 461 2644 tnc.
484 2580 560 2644 bina
582 2582 681 2646 millia
705 2581 873 2648 hominum
896 2583 928 2646 in
950 2603 1039 2669 agro,
1061 2581 1116 2668 qui
1142 2584 1291 2667 proxime
1313 2580 1439 2647 Boiorum.

408 2665 435 2710 ¹⁷
442 2680 517 2732 unte
537 2666 717 2732 Tuscorum
739 2668 852 2746 iuerat,
868 2680 985 2733 octona
1001 2669 1117 2755 jugeru
1133 2669 1273 2747 Pumice,
1289 2668 1377 2755 quius
1389 2659 1440 2757 Mu·

407 2753 485 2818 tinae
498 2767 699 2840 acceperunt.
745 2755 960 2820 Deduxerunt
975 2754 1199 2820 triumviri'M.
1210 2755 1363 2822 AEmilius
1378 2753 1440 2830 lepl-

406 2838 478 2917 dus,
504 2839 545 2905 T.
561 2841 711 2906 AEbutius
734 2841 849 2916 Cusus,
874 2842 918 2922 L.j
931 2839 1104 2918 Quinctius
1131 2841 1309 2928 Crispinus.
1351 2837 1386 2903 Et
1403 2833 1440 2898 Su

406 2929 514 2993 turnis
538 2927 664 2992 colonie
687 2927 803 2992 civium
828 2929 1046 2992 Romanorum
1074 2927 1109 2991 in
1134 2927 1439 3015 ugrumceletrnnuu

407 3131 477 3180 Creu.

396 3297 399 3302 Δ
439 3254 469 3296 18
485 3231 593 3309 Legatos
603 3247 636 3294 ud
649 3242 777 3309 consulem]
794 3247 833 3294 Sic
845 3248 925 3311 legen·
958 3253 995 3294 rut
1011 3246 1040 3293 de
1059 3261 1103 3296 suo
1120 3249 1262 3309 perticulam
1279 3261 1345 3311 quarn
1358 3230 1440 3312 rumpi

402 3313 460 3360 dum
480 3319 589 3371 est,'uon
609 3313 642 3359 od
661 3313 772 3360 consules.
806 3313 876 3360 Unus
888 3315 924 3372 Μ.
957 3327 1004 3359 ens.
1036 3313 1118 3373 Atque
1132 3327 1184 3360 cum
1201 3329 1285 3361 omues
1300 3317 1375 3372 postes
1383 3303 1439 3350 sinu

403 3378 517 3426 cisudins
533 3380 618 3425 cornui
633 3379 659 3424 iu
675 3378 777 3424 Gellium
793 3379 923 3425 exercitum
958 3392 1000 3424 nes
1027 3379 1182 3426 remiserunt.
1214 3379 1261 3426 Sed
1289 3378 1337 3436 jum
1360 3374 1439 3432 appetu

351 3469 352 3474 =
402 3443 542 3491 induxerat:
565 3444 625 3490 ulter
645 3444 729 3490 consul
750 3443 848 3504 Ligures
871 3455 924 3504 pro·
957 3443 1330 3504 putamusnihilillsopusesse.
1419 3493 1423 3503 ⁸

401 3508 504 3555 sincium
517 3509 629 3566 habebut,
640 3514 668 3554 ut
685 3512 751 3568 putet
761 3521 790 3554 sx
801 3523 821 3554 c.
834 3512 874 3558 56.
886 3510 923 3554 iu·
992 3513 1020 3554 1⁵
1037 3509 1068 3554 1..
1079 3508 1190 3555 Marciius
1198 3501 1330 3568 Acidinus]
1342 3505 1440 3550 onnon

400 3573 445 3619 irs.
478 3575 587 3620 Firmuut
604 3575 666 3620 hunc
681 3587 751 3632 quem
767 3574 923 3634 expressimus
956 3587 993 3619 noe
1003 3573 1121 3620 editiones
1132 3587 1265 3636 cognomen
1282 3572 1336 3618 huic
1344 3567 1406 3622 legato
1414 3556 1439 3602 il·

401 3638 526 3686 lectionem
546 3653 609 3684 unus
628 3653 657 3684 ex
676 3638 748 3684 MSS.
767 3637 879 3696 Heurnii,
899 3644 924 3686 ct
956 3639 1018 3685 dunt
1029 3639 1060 3686 Ρ.
1093 3640 1145 3686 Nos
1161 3641 1282 3698 sequimur
1298 3635 1388 3696 codicem
1397 3625 1439 3695 Vrii

400 3702 464 3750 Vici.
476 3703 542 3749 liber.
554 3709 579 3749 et
591 3704 692 3750 Andreae
703 3703 784 3750 editio.
955 3703 994 3750 cui
1011 3704 1166 3750 consentiunt
1176 3701 1317 3752 vetustiores
1326 3698 1382 3746 editi·
1408 3689 1439 3756 ild

436 3774 465 3814 rt
484 3768 543 3814 Non
561 3769 644 3829 ntique
663 3771 696 3815 iis
710 3769 869 3828 meliusne,
881 3771 924 3830 qni
956 3769 1041 3829 nempe
1062 3775 1097 3815 est
1120 3770 1146 3815 L.
1159 3771 1265 3816 Manlius
1284 3765 1394 3816 Acidinus,
1413 3763 1439 3811 11⁰¹

399 3829 451 3895 eos]
471 3833 563 3881 Melum
580 3835 704 3880 habituros
724 3847 774 3890 eos,
792 3834 833 3893 qui
853 3835 922 3894 primi
955 3847 1029 3880 ossus
1040 3848 1068 3880 ex
1080 3833 1200 3895 Hispanis
1210 3836 1291 3882 urbem
1303 3832 1367 3878 inisse
1376 3829 1439 3896 utut

398 3903 482 3960 postea
502 3899 574 3964 Alpes
590 3891 740 3945 tiunlisseut.
768 3899 848 3944 Vsrbs
863 3905 922 3947 sunt
954 3905 1019 3945 sutus
1030 3903 1068 3945 est
1078 3914 1098 3945 c.
1111 3905 1152 3948 99.
1164 3894 1236 3960 hujus
1247 3897 1310 3951 libri,
1321 3900 1344 3943 st
1356 3882 1440 3939 branse

397 3964 551 4012 minantium.
583 3964 623 4010 Sic
643 3965 658 4009 l.
681 3963 727 4010 111.
745 3978 765 4008 c.
790 3970 830 4008 41.
864 3965 921 4011 Non
952 3969 1022 4010 turus
1033 3965 1071 4010 est
1081 3967 1175 4023 consul,
1187 3967 1202 4011 Ι.
1214 3967 1346 4012 xmo-48.

398 4033 445 4076 erit
456 4029 550 4086 melios,
563 4031 613 4076 nisi
623 4029 651 4075 de
662 4045 707 4090 qno
717 4029 871 4086 comedimus,
881 4045 918 4076 uo·
990 4033 1018 4076 16
1036 4031 1124 4077 Cursori
1142 4028 1210 4092 snut]
1238 4030 1301 4090 Lege
1323 4026 1375 4080 tini,
1390 4008 1438 4093 'quoi

398 4111 448 4142 cem
465 4096 564 4141 misisse.
595 4094 696 4141 Pervius
708 4094 827 4153 securene
844 4095 918 4142 inter·
953 4095 1153 4144 hebetAndrcss.
1184 4093 1295 4142 ‘coniti
1310 4093 1380 4138 sutem
1389 4075 1440 4127 rutel·

397 4168 519 4222 protomus
536 4162 686 4207 trorrsisrent.
719 4159 765 4206 Sed
784 4159 837 4205 ideo
854 4160 920 4206 locu·
954 4160 1001 4222 lige
1013 4162 1074 4207 ansi.

396 4227 464 4272 tione
490 4227 561 4286 psulo
582 4226 707 4280 grandiore
722 4225 805 4270 utitur
828 4223 920 4283 Livius,
987 4227 1100 4276 w-Ants
1121 4223 1262 4287 diurnum]
1277 4223 1329 4270 Vni·
1348 4203 1438 4276 1¹1an-

397 4291 454 4350 quin
464 4290 529 4351 prius
540 4291 614 4351 Alpes
626 4295 751 4338 voosverst
766 4304 840 4350 prope
850 4291 918 4336 issen-
952 4297 992 4336 38.
1136 4331 1138 4338 ,

396 4355 552 4417 superabilem
566 4356 651 4416 fluens.
683 4355 796 4419 Sigonius
815 4355 920 4402 inserue-
1070 4355 1073 4364 ’

438 3062 566 3113 rems..
579 3063 653 3112 oron.
728 3065 959 3130 emmonem.
1031 3053 1083 3113 fc.
1094 3067 1112 3116 1.
1124 3065 1156 3115 e.
1168 3067 1247 3117 mon.
1310 3043 1438 3112 steron

1478 3139 1479 3162 .
