3082 4976
415 141 509 232 nin.
537 165 684 231 xxxix.
714 142 816 230 cni.
837 165 985 243 xxxrv.
1159 171 1219 242 ess

207 326 390 398 xxxin..
415 327 576 418 Principio
602 327 792 420 insequentis
818 329 908 408 aubi
923 333 963 399 P.
977 333 1150 412 'Claudius
1164 333 1372 418 ‘Laudem'

165 415 302 482 Porcius
330 420 485 499 consules,
508 440 606 506 quum
628 419 670 494 Q.
699 419 858 498 Caecilius,
885 419 935 484 M.
952 419 1092 497 Baebius,
1110 433 1143 486 et
1162 419 1216 486 Ti.
1226 417 1256 470 A:
1267 411 1296 472 0*-
1309 431 1362 501 ¹⁸.⁴·

162 501 380 588 Sempronius,
396 505 450 590 qui
473 505 513 570 ad
534 504 771 588 disceptandum
794 504 878 570 inter
899 504 1083 590 Philippum
1105 520 1137 596 et
1152 490 1369 601 Flu-{ijo‘rfff’

160 610 285 654 monem
301 611 389 678 reges
404 591 691 680 Thessalorumque
711 589 852 678 civitates
866 591 952 655 missi
973 607 1072 668 erant,
1088 592 1218 682 legatio-
1228 619 1295 666 σοι..

161 695 234 740 nem
264 677 501 742 renunciassent
511 687 531 755 ⁰,
561 700 595 741 re
618 699 670 742 um
700 699 826 764 quoque
850 699 958 742 eorum
982 677 1218 766 civitatiumque

161 761 280 848 legatos
293 763 327 826 in
342 775 483 828 senatum
507 700 762 828 introduxerunt.
808 762 928 828 Eodem
949 764 1109 850 utrimque
1123 765 1217 829 itera-

161 857 203 924 ta,
214 851 288 932 'quae
301 847 386 913 dicta
400 850 485 935 apud
501 849 623 937 legatos
645 849 677 913 in
694 849 821 914 Graecia
839 861 939 914 eraut.
983 850 1091 914 Alium
1103 851 1218 916 deinde

160 931 347 1019 legationem
363 957 476 999 novum
493 935 614 1013 Patres,
630 937 718 1022 cujus
731 937 877 1024 princeps
899 940 963 1020 Ap.
980 936 1132 1001 Claudius
1146 937 1214 1016 luit,

159 1018 192 1080 in
217 1018 438 1086 Macedoniarn
456 1035 490 1086 et
510 1021 542 1084 in
563 1023 724 1087 'Graeciam
747 1021 954 1086 decreverunt
976 1022 1016 1086 ad
1040 1022 1214 1101 visendum,

157 1104 332 1170 redditaene
345 1107 505 1172 civitatesv
527 1107 723 1173 “Thessalis
745 1107 978 1173 etPerrhaehis
999 1123 1117 1174 essent.⁸
1155 1110 1213 1174 lis-
1221 1119 1377 1180 burinint

156 1189 228 1254 dem
252 1192 448 1270 mandatum,
469 1207 506 1260 ut
529 1195 570 1260 ab
586 1191 675 1259 AEho
689 1209 720 1258 et
736 1193 892 1258 Maronea
911 1195 1058 1279 praesidie
1071 1183 1375 1261 :deducelffimm

157 1289 278 1354 rentur,
295 1280 514 1366 maritimaque
534 1279 637 1344 omnis
653 1279 800 1346 Thraciae
819 1303 874 1344 ora
888 1303 908 1344 a
924 1279 1074 1366 Phiiippo
1093 1285 1125 1347 e't
1139 1281 1213 1347 Mai

156 1361 329 1428 cetionibus
351 1364 547 1432 liberaretur.
593 1367 843 1452 Peloponnesum
869 1388 995 1453 quoque
1015 1367 1103 1431 adire
1121 1369 1212 1453 jussi,

154 1448 243 1512 unde
256 1451 344 1534 prior
366 1451 480 1539 legatio
494 1451 676 1518 discesserat
697 1453 865 1516 incertiore
880 1465 962 1517 statu
985 1474 1102 1531 rernm,
1117 1471 1212 1543 quatu

1 1567 2 1574 κ
86 1579 92 1582 -
154 1531 271 1599 sinon
291 1539 459 1602 venissent.
480 1537 554 1603 ham
580 1551 799 1624 superserere
824 1539 917 1602 etiarn
937 1539 1039 1614 ”sine
1063 1561 1214 1624 responso
1268 1545 1269 1550 ’

153 1619 285 1698 dimissi,
309 1645 367 1688 nec
388 1625 498 1690 datum
512 1622 698 1711 'petentibus
722 1639 790 1690 erat
811 1621 1006 1693 Acboeorum
1030 1626 1212 1692 concilium.

153 1705 209 1773 De
222 1729 340 1793 quatre
352 1722 503 1797 querente
522 1707 661 1800 graviter
676 1710 720 1788 Q.
734 1711 875 1789 Caecilio,
884 1711 985 1776 simul
1008 1711 1216 1776 Lacedaemo·

151 1793 619 1880 niis‘,deplorantibus,·moenia
640 1797 756 1876 diruta,
772 1797 940 1862 abductam
963 1797 1087 1882 plebem
1108 1799 1142 1861 iu
1166 1803 1215 1862 A.-

151 1879 277 1946 chaiam
293 1897 325 1947 et
339 1884 737 1963 venumdsmnt,-ademtas,
754 1885 869 1969 quibus
891 1883 933 1948 od
952 1902 1021 1949 eam
1036 1884 1122 1950 diem
1136 1886 1215 1958 civi-j

152 1978 202 2032 tas
224 1967 367 2046 stetisset,
385 1970 526 2060 Lycurgi
547 1957 643 2059 leges,
659 1970 771 2035 Achaei
797 1969 935 2034 maxime
956 1970 1083 2035 concilii
1105 1973 1212 2072 negati

150 2053 271 2120 crimen
284 2055 495 2129 excusabant,
510 2053 678 2122 recitando
692 2057 807 2146 legem,
819 2079 903 2142 quae,
918 2055 978 2120 bisi
993 2055 1065 2122 belli
1086 2079 1212 2142 pacisve

152 2149 273 2220 caussa,
299 2153 332 2206 et
348 2164 453 2229 :quum
477 2144 572 2230 legati
596 2144 639 2208 ab
664 2158 773 2208 senatu
795 2164 868 2207 cum
887 2141 985 2208 literis
1010 2158 1065 2208 aut
1088 2145 1214 2228 scriptis
1318 2155 1322 2162 '

150 2227 309 2293 mandatis
330 2231 484 2308 venirent,
498 2242 618 2295 vetaret
640 2225 736 2294 indici
756 2228 935 2293 concilium.
982 2229 1030 2293 Ea
1046 2227 1087 2294 uo
1100 2237 1231 2314 postoa‘
1268 2247 1270 2254 ’

38 2329 41 2334 ·
149 2314 309 2380 excusatio
323 2329 414 2398 esset,
423 2314 561 2380 ostendit
575 2329 710 2392 senatus,
721 2333 805 2378 curta
819 2315 856 2378 iis
872 2337 937 2378 esse
951 2313 1077 2397 debere,
1089 2328 1126 2380 ut
1143 2317 1212 2380 Ro-
1296 2385 1299 2392 Δ

148 2401 252 2466 manis
266 2397 515 2490 legatis‘semper
535 2401 671 2468 adeundi
692 2400 860 2484 concilium
885 2400 987 2487 gentis
1001 2399 1139 2485 potestas
1154 2404 1210 2468 fle-

149 2499 215 2562 ret;
261 2487 505 2552 uemadmodum
520 2485 554 2553 et
565 2487 638 2567 illis,
653 2487 775 2574 quoties
789 2486 914 2562 vellent,
930 2501 1057 2552 senatus
1070 2486 1209 2555 daretur.

193 2573 226 2637 X
264 2573 366 2640 XIV,
392 2574 539 2639 Dimissis
575 2576 612 2638 iis
640 2571 861 2660 legationibus,
895 2571 977 2636 Phili
1001 2594 1070 2658 pus,
1101 2597 1121 2638 a
1146 2573 1216 2640 suis

55 2679 63 2694 ·
150 2659 266 2724 certior
282 2656 394 2736 factus,
416 2659 592 2725 cedendum
614 2658 804 2736 civitatibus,
823 2657 965 2723 deducen
992 2683 1073 2744 aque

1120 2681 1214 2725 rest-¹

148 2743 205 2810 dia
232 2767 309 2821 esse,
336 2745 473 2810 intensus
498 2746 657 2822 omnibus,
682 2746 715 2810 in
746 2744 926 2809 Maronitas
953 2746 1034 2810 iram
1064 2683 1208 2812 eflltndit.

150 2831 339 2909 Onomasto,
363 2833 419 2918 qui
439 2847 577 2916 praeerat
598 2833 765 2898 maritimae
784 2853 860 2908 orae,
885 2831 1024 2908 mandat,
1040 2846 1088 2896 ,ut
1110 2834 1343 2917 partisntnonne
1356 2865 1372 2898 a

146 2917 291 2984 adversae
304 2919 462 3004 principes
476 2918 677 2985 interficeret.
722 2918 782 2982 Ille
795 2938 852 3003 per
864 2916 1064 2982 Casandrum
1073 2927 1086 2954 ¹
1099 2917 1328 3004 quern-Lllssitu)0

147 3005 235 3080 dam,
250 3025 349 3068 uuum
371 3029 410 3071 ex
432 3003 525 3093 regiis
541 3006 608 3092 jam
631 3005 688 3070 diu
705 3003 901 3069 habitantem
922 3002 1098 3081 Meroneae,
1114 2983 1342 3093 noctefflffif

148 3089 330 3156 Thracibus
354 3092 550 3169 intromissis,
576 3091 716 3156 velutin
742 3089 826 3156 bello
851 3103 945 3174 capta
974 3091 1061 3168 urbe,
1088 3090 1208 3156 oaedsm

147 3176 231 3241 lecit.
274 3175 301 3218 ²⁹
312 3177 353 3242 Id
365 3177 451 3262 apud
468 3177 631 3243 Romanos
644 3177 764 3264 legatos
779 3191 946 3263 querentes
961 3190 1026 3240 tem
1041 3177 1209 3242 crudeliter

146 3262 296 3328 adversus
317 3263 464 3328 innoxios
485 3263 675 3344 Maronitas,
691 3276 756 3328 tam
780 3263 914 3348 superbe
935 3263 1082 3328 adversus
1106 3264 1213 3348 popu·v

144 3348 218 3414 lum·
237 3349 421 3414 Romanum
441 3347 571 3428 fectum,
588 3363 634 3427 ut,
646 3350 761 3436 quibus
781 3349 957 3414 libertatem
981 3349 1208 3415 restituendam

180 3487 193 3516 ²¹
208 3487 268 3533 aaut
277 3485 308 3534 1³.
321 3486 430 3546 Claudio,
439 3488 469 3534 L.
481 3463 567 3534 Porcio
574 3487 714 3543 consulibus,
729 3487 758 3543 Ο.
767 3483 931 3543 cecilium.
942 3486 1048 3542 Bellus,
1060 3491 1082 3532 et
1093 3485 1132 3534 Ti.
1142 3485 1208 3532 Serre-
1301 3453 1304 3459 ¹
1357 3459 1372 3538 ‚l

139 3552 254 3614 pronior,
263 3553 306 3614 qui
315 3583 323 3596 .
335 3583 342 3598 .
353 3583 359 3597 .
372 3554 595 3601 renunciamntetc.
603 3554 751 3600 Grou.Crer.
817 3555 829 3582 V
846 3551 980 3600 Rhodiiset
990 3551 1069 3601 mm.
1077 3549 1209 3601 etPAEud·

143 3619 160 3648 ¹
178 3616 338 3667 mumma
354 3619 422 3666 Cres.
901 3653 904 3662 .

178 3737 209 3781 97
226 3731 328 3778 Rhodiis
346 3738 370 3778 ee
387 3730 518 3794 Thessalis]
553 3734 601 3779 cur
623 3733 661 3778 bic
693 3737 777 3791 estque
789 3731 820 3782 Q.
832 3731 952 3780 Caecilium
965 3745 1013 3781 non
1031 3732 1082 3780 sine
1095 3747 1208 3796 responso
1236 3736 1237 3741 ’

143 3797 232 3844 Rhodii
243 3797 406 3854 nominentur,
418 3811 501 3859 parum
512 3798 593 3858 liquet.
613 3799 661 3844 Na-
693 3798 814 3843 dimissum
833 3797 863 3844 ab
884 3798 989 3856 Acbreis,
1007 3799 1048 3845 esd
1068 3803 1208 3860 responsum

143 3875 191 3924 que
209 3863 271 3909 enlm
289 3863 338 3910 ulle
353 3869 445 3920 sorum,
462 3863 602 3922 loqueretis
618 3877 661 3923 po·
692 3863 722 3909 sb
743 3863 885 3909 thebeorum
906 3864 1083 3924 mugittratibm
1105 3863 1209 3924 occipere

142 3927 253 3988 palorum
271 3929 299 3976 de
316 3928 425 3988 Philippo
442 3928 607 3979 memorandis,
618 3935 661 3974 aut
693 3928 805 3980 uoluisse,
825 3927 974 3988 indignatum
995 3930 1057 3988 quod
1071 3928 1117 3975 eibi
1137 3941 1208 3984 uena-
1258 3945 1264 3963 s

142 4006 215 4054 eapru
225 3994 287 4052 apud
298 3992 401 4049 Livium,
413 3998 456 4040 aut
472 3993 497 4038 iu
514 3993 636 4052 Excerptis
647 4008 660 4039 a
691 3997 744 4039 tum
755 3992 838 4039 luisset
849 3994 974 4040 corroilium
985 3994 1070 4049 flentis.

140 4057 241 4119 Polybio
252 4057 409 4115 legationibus
420 4063 497 4106 emtet
507 4059 604 4104 mentio.
626 4058 660 4104 Et
725 4057 805 4106 2916
828 4059 895 4118 opud
909 4059 1028 4105 Romanor
1044 4057 1137 4118 legator
1155 4071 1211 4118 que·

140 4135 198 4170 vero
214 4120 248 4168 eh
256 4123 358 4170 Rhodiis
373 4127 395 4170 et
414 4119 464 4171 rio'n
480 4129 618 4186 comparent
634 4123 659 4170 in
691 4117 781 4185 rentes]
808 4122 921 4170 Notabile
945 4119 1098 4184 hyperbaton.
1123 4117 1210 4181 'Apud

140 4187 294 4234 eodloeViet.
316 4201 325 4228 ι’
690 4187 810 4234 Romnum
829 4189 917 4243 legatos
935 4194 1059 4246 querentes
1076 4187 1100 4233 id
1119 4185 1214 4234 foetum

155 4259 205 4312 ἀρ
222 4253 282 4300 Sine
307 4267 415 4314 responso
441 4249 547 4316 Mirer]
573 4252 659 4304 Fusius
690 4247 739 4299 ttt'm
750 4252 929 4300 crudeliter...

138 4331 188 4365 rem
202 4318 299 4379 exponit
318 4318 440 4380 Polybius,
456 4320 537 4374 uersu
556 4323 597 4364 ⁴1.
615 4318 657 4363 do·
