3082 4976
385 142 445 202 472
797 133 908 194 TlTl
937 133 1075 196 L1v11

226 319 363 368 nossa
391 297 532 367 Libitina
561 308 638 362 tuuc
663 296 716 362 vix
743 297 922 364 subiceret.
975 297 1040 362 His
1068 298 1219 388 prodigiis
1246 299 1424 386 cladibusque

223 385 255 433 Α·
267 383 294 432 0·
310 391 364 448 ¹6¹·
388 384 475 451 anxii
493 383 604 452 Patres
625 385 895 466 decreveramus
916 397 949 450 et
972 385 1126 462 consules,
1143 386 1256 474 quihus
1270 387 1340 452 Diis
1359 386 1423 450 uide·

275 489 277 498 ·
336 491 339 499 ’
388 485 486 552 tetur,
513 469 624 536 hostiis
649 470 821 558 majoribus
846 471 1071 549 sacrificarent,
1095 483 1128 536 et
1157 472 1322 538 decemviri
1347 471 1424 536 libros

388 557 524 626 adirent.
569 555 692 649 Eorum
706 557 836 625 decreto
851 557 1041 644 supplicatio
1054 559 1140 623 circa
1155 560 1262 628 omnia
1275 559 1426 648 pulvinaria

389 645 507 712 Romae
523 645 555 709 in
570 641 656 710 diem
672 665 771 708 unum
787 642 976 725 indictaest.
998 641 1109 710 iisdem
1124 645 1305 712 auctoribus
1318 658 1347 710 et
1359 667 1427 709 sena·
1477 647 1478 698 l

389 746 438 798 tus
453 727 587 812 censuit,
601 744 633 795 et
654 731 798 796 consules
820 730 1002 812 edixerunt,
1015 745 1051 796 ut
1065 753 1122 816 per
1138 745 1236 798 totam
1258 727 1375 798 Italiam
1386 731 1427 795 tri·

388 819 486 884 duum
516 816 706 904 supplicatio
731 831 763 882 et
792 813 880 882 ferite
908 834 1023 884 essent.
1079 813 1270 884 Pestilentiae
1297 832 1378 884 tanta
1395 817 1428 880 vis

388 918 468 982 erat,
491 919 537 984 ut,
579 925 654 968 uum
679 901 812 990 propter
833 901 1044 969 delectionem
1068 903 1255 984 Corsorum,
1275 904 1428 989 bellumque

388 989 430 1056 ab
457 926 623 1056 iliensibus
645 989 840 1056 concitatum
863 989 897 1080 in
921 990 1080 1080 Sardinia,
1091 987 1169 1055 'octo
1185 985 1289 1058 ‘millia
1312 992 1428 1076 peditum

388 1093 430 1144 ex
445 1077 540 1142 sociis
564 1072 673 1142 Latini
693 1075 831 1142 nominis
845 1071 939 1142 scribi
954 1073 1135 1166 placuisset,
1151 1093 1181 1142 et
1197 1091 1351 1144 trecentos
1363 1074 1430 1162 equi·

388 1177 445 1242 tes,
461 1185 542 1252 quos
558 1157 609 1228 M.
625 1161 774 1251 Pinarius
796 1157 917 1248 praetor
942 1185 1049 1228 secum
1072 1162 1105 1226 in
1131 1163 1312 1229 Sardiniam
1332 1163 1428 1248 trajice·

388 1269 447 1336 ret,
480 1264 603 1314 tanturn
634 1247 798 1317 homiuum
836 1247 1039 1314 demortuum
1077 1271 1154 1326 esse,
1183 1263 1309 1318 tantum
1338 1250 1429 1332 ubique

457 1357 548 1400 orum
578 1335 724 1402 consules
753 1335 1020 1416 renunciaverint,
1039 1335 1110 1402 ⁶⁸ut
1138 1337 1164 1400 is
1194 1359 1343 1402 numerus
1368 1332 1427 1400 effici

389 1359 524 1490 ffitum
539 1441 603 1488 uon
627 1421 777 1508 potuerit.
802 1419 888 1508 quod
915 1420 1023 1488 deerat
1046 1422 1197 1500 militum,
1217 1422 1429 1508 sumereaCu.

389 1509 503 1578 Baebto
525 1509 725 1594 proconsule,
741 1509 794 1597 qui
819 1505 900 1596 Pisis
921 1506 1119 1587 hibernabat,
1135 1511 1243 1595 jussus
1266 1503 1428 1594 praetonat·

388 1619 450 1688 quc
472 1593 547 1660 inde
561 1595 594 1659 iu
611 1591 793 1660 Sardiniam
821 1593 972 1680 trajicere.
1018 1595 1056 1660 L.
1072 1595 1223 1662 Duronio
1243 1592 1428 1682 praetoriani

387 1681 553 1772 pruvincia
566 1681 689 1765 Apulia
712 1694 870 1757 evenerat,
887 1680 1009 1767 adjecta
1030 1681 1071 1746 de
1094 1679 1346 1748 Bacchanalibus
1365 1701 1429 1765 qua·

388 1767 450 1834 stin
471 1781 536 1834 est:
560 1768 649 1854 cujus
672 1765 798 1837 residua
809 1762 956 1856 quaedam
987 1770 1074 1834 velut
1094 1769 1216 1854 semina
1236 1792 1279 1834 ex
1300 1767 1429 1853 prioribus

388 1851 480 1920 malis
502 1855 571 1938 jam
618 1855 700 1918 riore
723 1875 809 1920 anno
830 1849 1063 1938 adparueraut:
1094 1848 1150 1932 sed
1176 1857 1280 1943 tnagis
1300 1855 1429 1920 inchoate

387 1939 474 2042 apud
494 1939 571 2007 ⁶⁹L.
589 1875 728 2026 Pupium
755 1950 926 2024 praetorem
953 1941 1145 2028 quaestiones
1167 1955 1271 2029 erant,
1298 1964 1383 2028 qnam
1402 1936 1428 2002 ad

387 2039 511 2094 exutum
529 2025 629 2092 ullum
644 2025 819 2114 perductae.
842 2021 872 2088 id
887 2048 1052 2112 persecare
1073 2047 1192 2092 novum
1215 2043 1389 2113 praetorem,
1403 2046 1429 2088 us

360 2127 363 2136 ’
387 2127 528 2197 serperet
550 2113 665 2176 iterum
689 2107 796 2194 latius,
818 2111 931 2176 Patres
949 2113 1123 2197 jusserunt.
1168 2113 1212 2178 Et
1234 2105 1428 2203 legesdeum·

388 2197 457 2265 bitu
474 2198 618 2264 consules
632 2219 673 2262 ex
688 2197 877 2264 auctoritate
891 2211 1017 2280 senatus
1032 2199 1071 2264 ad
1087 2199 1399 2300 populumtuleruut.

225 2298 369 2374 bustiones
432 2285 513 2374 XX.
537 2285 728 2373 Legationes
743 2283 859 2349 deinde
875 2278 908 2348 in
923 2298 1067 2352 seruatum
1087 2281 1347 2372 introduxerunt
1386 2285 1429 2348 lle·

226 2378 304 2410 '⁸¹¹³‘
388 2395 466 2462 gum
492 2372 622 2527 primas,
640 2367 806 2448 Eumenis,
828 2383 860 2436 et
875 2369 1054 2436 Ariarathis
1071 2372 1286 2457 Cappadocis,
1309 2387 1339 2440 et
1354 2369 1430 2438 Phar·

388 2460 476 2536 nauis
520 2458 628 2524 ontici.
651 2479 710 2523 nec
725 2455 809 2522 ultra
831 2457 1005 2544 quidquam
1021 2458 1066 2522 eis
1082 2480 1280 2546 responsum.
1291 2475 1344 2540 est,
1358 2476 1428 2544 quatu

388 2547 567 2630 missuros,
590 2543 622 2608 ui
645 2539 686 2608 de
707 2543 928 2630 controversiis
950 2565 1061 2609 eorum
1084 2566 1124 2609 co
1148 2543 1428 2630 noqcetentstatue

388 2645 533 2733 rerutque.
602 2625 897 2720 ‘cedaemorrioru'm
918 2626 1035 2696 'deiude
1056 2568 1202 2716 'exsilium
1218 2646 1253 2718 et
1264 2633 1429 2718 Achaeorum

387 2709 486 2805 legati
501 2716 675 2782 introducti
690 2729 776 2805 sunt.
798 2729 830 2780 et
843 2739 914 2802 spes
929 2717 1004 2781 data
1019 2716 1181 2790 exsulibus
1195 2733 1255 2798 est,
1268 2716 1429 2804 scripturum

389 2816 533 2870 senatum
559 2801 697 2878 Achaeis,
722 2816 757 2866 ut
783 2801 1033 2868 restituerentur.
1078 2799 1235 2870 ⁷⁰Aeuaei'
1250 2803 1428 2871 de‘Messeue

391 2903 528 2977 recepta,
540 2961 541 2964 Ἴ
553 2889 798 3038 compositisque
812 2888 858 2952 ibi
881 2888 986 2970 rebus,
1001 2911 1073 2954 cum
1096 2891 1232 2957 adsensu
1250 2894 1428 2974 'Patrumux-

390 2990 576 3065 posuerunt.
618 2975 660 3040 Et
682 2997 699 3040 a
716 2975 744 3040 P
768 2974 869 3062 ilippo
891 2997 965 3062 rege
980 2977 1194 3042 Macedonum
1209 2979 1277 3044 duo
1292 2974 1378 3065 legati
1394 2993 1429 3034 vs

390 3077 520 3145 nerunt,
537 3061 696 3128 Philocles
715 3075 748 3128 ct
762 3061 902 3147 Apelles,
918 3061 1006 3130 nulla
1029 3086 1124 3148 super
1138 3087 1184 3141 re,
1200 3087 1276 3151 quae
1295 3065 1333 3130 ab
1346 3071 1428 3127 muutu

391 3253 582 3312 Libitinarlis,id
600 3257 646 3310 est,
664 3251 693 3298 iis
714 3253 756 3312 qui
772 3252 911 3302 funebribus
944 3255 997 3304 loco
1020 3271 1048 3302 ex
1076 3253 1175 3318 Polybio
1202 3259 1333 3315 retulimus,
1351 3267 1394 3302 cum
1411 3249 1430 3294 lis

391 3319 529 3382 ministeriis
540 3317 655 3368 obeundis
665 3324 789 3380 preerant.
944 3334 996 3380 quae
1009 3322 1047 3368 bic
1059 3329 1199 3370 narrantur:
1218 3325 1305 3384 quibus
1315 3328 1339 3369 et
1347 3319 1395 3368 illud
1403 3314 1430 3361 sd-

393 3443 396 3450 Ι
423 3389 455 3432 68
476 3385 508 3432 Ut
521 3387 542 3432 is
553 3398 664 3431 summus
675 3384 738 3445 effici
747 3383 912 3430 nuilitstmsross
941 3385 1014 3445 licere
1025 3399 1075 3433 non
1084 3388 1171 3435 inutile
1185 3389 1269 3448 fuerit,
1280 3387 1362 3452 priores
1371 3381 1430 3432 Athe·

389 3453 504 3512 potssers't.
538 3450 608 3506 Quod
617 3451 698 3497 deerat
708 3445 826 3510 mildune]
842 3449 910 3496 Post·
943 3465 1011 3504 ortem
1035 3453 1136 3515 legatos,
1160 3468 1262 3514 quornm
1285 3453 1367 3502 mentio
1388 3448 1431 3492 atu

392 3527 596 3564 remameuceme
612 3515 717 3572 margine
733 3513 853 3575 irrepsisse
864 3528 913 3560 cre·
946 3523 983 3562 est
1001 3509 1238 3583 aano‘prsecedeute,
1249 3524 1348 3568 samatus
1362 3507 1432 3562 eetstl

392 3581 502 3630 diderim.
536 3581 700 3626 Geouovuus.
945 3581 1061 3629 Romanis
1080 3584 1148 3632 auide
1169 3585 1363 3648 exspectantibus,
1383 3585 1431 3638 qum

425 3650 457 3696 69
474 3646 505 3692 1..
516 3645 624 3706 Pupium
631 3641 771 3706 pretorem]
785 3643 835 3698 Qui
846 3643 911 3690 bicu-
945 3647 1035 3694 exitum
1048 3647 1136 3696 belluna
1153 3651 1265 3698 adseram
1276 3645 1392 3698 Messenius
1404 3641 1432 3686 bt·

393 3711 601 3771 niosnteproetor
615 3710 912 3770 inersqacproximoau·
945 3711 1052 3762 biturum
1080 3720 1155 3762 essetz
1181 3715 1274 3777 iisque,
1294 3713 1358 3762 timul
1381 3716 1432 3764 atque

393 3791 425 3824 no
443 3777 589 3836 provinciam
605 3775 718 3837 rlpulism
740 3775 841 3836 imperio
860 3789 913 3834 pro-
944 3777 1028 3825 llamae
1039 3780 1163 3843 cognitqm
1179 3779 1251 3828 tuerit
1267 3795 1304 3828 res
1321 3793 1348 3826 a
1361 3777 1431 3822 seusu

392 3847 477 3903 rogato
493 3839 638 3888 obtinuerat.
670 3841 700 3887 lii
716 3841 840 3901 imperium
857 3854 913 3900 pro·
944 3843 980 3890 tis
995 3843 1090 3892 Achaia
1109 3847 1258 3909 processisse,
1273 3847 1349 3895 Patres
1364 3834 1430 3899 sipil-

393 3911 502 3970 rogatunt
514 3921 565 3957 esse
585 3910 682 3967 apparet
701 3912 753 3954 tunt
768 3917 797 3954 ex
814 3905 843 3952 iis
860 3920 913 3968 qnoe
945 3922 1019 3966 cusa,
1035 3909 1080 3956 sibi
1091 3925 1154 3958 curte
1165 3912 1248 3970 fuisse,
1257 3925 1286 3957 nc
1296 3910 1402 3972 quisquan
1411 3911 1429 3946 et

393 3973 433 4020 hic
450 3973 573 4030 dicuntur,
585 3975 637 4017 tum
654 3985 682 4018 ex
698 3985 727 4017 eo
744 3971 808 4030 quod
826 3985 912 4032 praece·
946 3973 1017 4021 ltalia
1028 3987 1093 4024 arms
1111 3981 1154 4024 sut
1171 3977 1316 4024 framentum
1331 3973 1429 4020 staura

393 4037 465 4085 deute
481 4051 546 4084 anno
566 4036 677 4098 Apuliam
697 4049 767 4082 nemo
784 4042 913 4104 praeturam
946 4039 1092 4101 importaret
1128 4041 1284 4102 HoecPolyb.
1303 4031 1430 4103 1451&

394 4104 494 4154 sortitus
504 4105 588 4150 luerat.
621 4101 675 4148 Vid.
684 4115 704 4148 o.
718 4107 740 4146 t.
749 4114 827 4160 supra
947 4111 986 4152 5³.
1019 4105 1056 4152 Ex
1067 4105 1105 4154 his
1116 4112 1214 4168 apparet
1227 4106 1336 4154 Romanis
1352 4105 1399 4147 tuus
1411 4105 1428 4138 w

427 4175 458 4219 70
475 4169 561 4216 Actes
569 4167 597 4214 de
604 4165 713 4216 Messene
719 4181 759 4212 rec
788 4173 829 4212 ta.
844 4181 913 4214 mum
945 4183 991 4218 usu
1002 4173 1161 4232 essecoepisse
1172 4161 1428 4233 artespriseailliussin·

395 4248 490 4282 assensu
498 4233 602 4282 Patrem
610 4181 787 4296 exposuerunt?
794 4230 848 4280 Vid.
861 4237 913 4282 not.
945 4235 1060 4297 plicitstis
1071 4251 1155 4299 parum
1167 4253 1288 4288 memores.

397 4303 459 4364 aad
470 4315 491 4348 c.
503 4306 524 4346 t.
538 4312 618 4360 supra,
635 4308 660 4345 ot
678 4297 759 4346 confer
770 4309 797 4344 es
807 4310 860 4360 quc
871 4297 912 4348 illo
