3126 4978
453 231 546 290 LlB.
568 227 696 290 xm
727 229 828 288 CAP.
851 229 918 288 XX.
1158 233 1218 287 205

154 395 216 464 ‘isi
229 407 260 462 et
273 399 339 462 loco
354 405 536 480 opportuna,
551 403 582 459 et
595 396 671 459 socii
678 401 980 477 preoccupareatum
1006 379 1217 456 Hannibalem
1226 405 1256 452 u.
1269 406 1296 453 o
1308 409 1363 457 sm.
1407 363 1408 370 ἵ

154 505 271 572 quoque
284 485 351 548 siae
366 503 452 546 mora
472 484 647 545 mittendum
664 483 698 543 ia
713 480 856 564 Africam
869 501 931 543 esse
945 477 1019 542 ⁶⁰cd
1031 471 1256 562 distringor-b
1269 473 1296 520 ⁰·
1310 477 1364 522 ¹⁹³·

155 573 497 723 dolllliilalilnnibnl
533 673 598 716 non
633 649 794 716 adhibitus
829 653 860 714 in
887 650 1062 726 consilium,
1088 660 1219 735 propter
1228 659 1351 708 Hannibal

156 745 250 810 conlo
295 741 324 803 ia
350 763 421 804 cum
447 737 543 803 Villio
567 749 729 822 suspectus
747 737 826 824 regi,
842 739 919 801 etin
936 737 1024 802 nullo
1038 751 1147 822 postea
1161 735 1219 800 ho-
1228 731 1349 803 suspectus

155 851 236 894 nore
251 765 394 903 illitus,
410 826 515 912 primo
538 845 607 890 eam
630 825 853 888 contumeliam
869 824 982 888 tacitus
997 823 1084 887 tulit:
1106 806 1285 890 deindc¹⁰⁸¹'

155 915 270 980 melius
292 935 357 978 esse
371 925 468 988 ratus,
482 925 516 976 et
537 911 736 994 percunctari
757 929 899 974 caussam
917 911 1090 995 repentinae
1105 909 1221 973 aliena·

92 1027 95 1032 ’
156 1003 264 1080 tionis,
276 1013 307 1065 et
321 1019 459 1086 purgare
473 1021 515 1074 se,
532 997 705 1082 ⁶¹tempore
715 1009 802 1080 opto,
814 997 946 1084 quaesita
960 996 1144 1082 simpliciter
1158 995 1221 1059 ira·

158 1087 286 1154 condire
299 1107 409 1151 caussa
424 1084 603 1172 auditoque,
621 1085 721 1148 Pater
735 1082 911 1160 Hamilcar,
927 1083 1040 1168 inquit,
1056 1082 1361 1158 antiochaenae.

151 1195 286 1263 porcum
308 1175 468 1236 admodum
489 1193 544 1249 me,
568 1191 656 1256 quam
677 1171 874 1252 sacrificaret,
894 1169 1047 1234 altoribus
1071 1171 1222 1232 admotum

146 1258 357 1347 jurejurando
378 1260 493 1342 adegit,
518 1278 679 1342 numquam
702 1257 828 1320 amicam
845 1257 924 1341 fore
942 1257 1055 1339 populi
1076 1255 1222 1318 Romani.

158 1347 220 1414 saa
234 1347 289 1410 icoc
302 1353 491 1409 sacramento
504 1366 556 1408 sea
570 1353 601 1408 et
621 1344 755 1426 triginta
770 1363 867 1406 araas
881 1344 1033 1406 militaui.-
1055 1342 1110 1405 loc
1128 1363 1174 1404 me
1189 1343 1223 1404 in

152 1453 234 1519 pace
247 1431 389 1515 6’patria
401 1451 466 1494 mea
477 1431 609 1514 repulit.-
624 1430 798 1512 icocpotria
807 1438 956 1492 catorrem
968 1430 1001 1492 ia
1012 1438 1095 1491 tuam
1107 1430 1223 1512 regiam

160 1521 308 1584 adducit:
331 1517 386 1580 loc
400 1519 483 1592 dare,
498 1518 527 1580 si
541 1526 668 1598 turpem
682 1516 974 1590 meamdestitacris,
989 1515 1164 1598 abicumque
1175 1516 1224 1578 ui·

161 1625 219 1682 res,
235 1605 289 1668 uti
303 1625 390 1667 amno
404 1623 466 1666 osse
478 1605 582 1678 sciam,
597 1604 655 1664 trac
667 1602 797 1676 aoniam,
813 1609 876 1664 toto
889 1601 961 1665 orbe
974 1611 1126 1664 terrorum
1142 1621 1223 1683 quec-

160 1711 231 1756 reas
244 1689 292 1754 ali
312 1711 364 1754 aas
379 1689 529 1752 namna
541 1689 648 1752 hostes.
691 1688 811 1772 Itaque,
827 1689 857 1750 si
870 1687 1106 1770 patarenorum
1120 1685 1225 1750 ⁶³mcis

161 1712 339 1842 criniri-ilus
348 1777 435 1860 apud
443 1785 474 1838 te
483 1795 613 1838 cresccre
623 1773 707 1852 libet,
718 1773 845 1838 ⁶⁴aliam
859 1775 1016 1838 materiam
1025 1774 1179 1837 crescendi
1188 1793 1226 1835 ea

161 1867 225 1928 med
239 1873 390 1947 quoerant.
437 1861 510 1937 Odi,
526 1863 655 1944 odioque
670 1881 740 1941 sum,
751 1861 909 1925 Romanis.
932 1863 968 1924 id
987 1882 1033 1924 mc
1052 1881 1154 1924 aarum
1176 1859 1225 1921 di·

161 1972 240 2027 cere,
250 1959 345 2032 poter
360 1947 526 2011 Hamilcar
545 1957 575 2010 et
589 1949 653 2010 Dii
673 1956 762 2011 testes
780 1955 859 2011 suat.
904 1948 1062 2024 Proinde,
1077 1967 1166 2029 quam
1188 1947 1226 2006 de

163 2037 241 2100 bello
254 2037 397 2098 Romarm
410 2033 568 2118 cogitabis,
586 2035 668 2096 inter
682 2035 801 2115 primos
818 2035 930 2096 amicos
944 2033 1156 2097 Hannibalem
1168 2031 1225 2094 lra-
1264 2069 1266 2076 ι
1280 2081 1283 2088 ,

163 2121 238 2186 beto.
254 2123 283 2186 si
296 2143 356 2206 qao
370 2141 420 2184 res
433 2129 463 2183 te
476 2119 551 2182 ⁶⁵ad
557 2141 666 2201 pacem
676 2121 841 2202 compellet,
855 2122 888 2182 ia
904 2122 939 2183 id
951 2121 1109 2184 consilium
1118 2119 1225 2193 alium,

162 2229 228 2272 cam
250 2229 309 2292 quo
331 2207 485 2282 deliberes,
509 2207 649 2290 quarite.
694 2205 770 2269 Non
792 2205 891 2270 movit
913 2207 1010 2268 modo
1032 2205 1102 2270 tulis
1123 2204 1227 2268 oratio

163 2315 284 2382 regem,
300 2292 354 2356 sed
375 2293 466 2354 etiam
489 2291 705 2355 reconciliavit
721 2291 909 2356 Hannibali.
954 2291 1006 2357 Ex
1027 2289 1162 2356 concilio
1183 2290 1228 2354 ita

163 2381 335 2445 discessum
351 2390 406 2455 est,
423 2391 459 2443 ut
474 2377 589 2441 bellum
604 2391 779 2466 gereretur.

209 2466 291 2531 XX.
309 2465 423 2530 Romae
442 2464 641 2529 destinabant
662 2464 789 2550 quidem
805 2463 1004 2529 sermonibus
1023 2466 1141 2529 hostem
1159 2462 1227 2528 An·
1236 2472 1268 2522 U.
1279 2472 1307 2520 c.
1318 2475 1376 2520 cco.

165 2553 317 2629 tiochum,
328 2551 382 2616 sed
392 2551 549 2615 nihildum
561 2550 602 2614 cd
617 2550 650 2614 id
666 2550 782 2615 bellum
798 2565 915 2637 praeter
926 2553 1048 2630 animos
1061 2549 1228 2636 parabant.
1236 2540 1267 2587 A.
1277 2541 1304 2586 ⁰·
1319 2544 1374 2588 ¹9²·

1237 2605 1265 2652 la.
1278 2600 1370 2654 Quinc-
1452 2636 1456 2644 ,

166 2639 359 2714 Consulib'iis
374 2637 527 2703 ambobus
537 2637 631 2702 Italia
644 2638 807 2721 provincia
819 2638 945 2703 decreta
959 2649 1021 2702 est:
1038 2639 1082 2703 ito
1096 2653 1135 2702 ut·
1147 2637 1283 2728 interm,
1294 2670 1339 2714 οη,

126 2765 134 2780 =
165 2747 198 2790 se
213 2739 444 2810 compararent,
461 2726 696 2800 sortirenturve,
712 2736 783 2789 uter
804 2725 939 2790 comitiis
960 2727 1028 2810 ejus
1049 2724 1124 2788 anni
1146 2745 1229 2808 prae-
1238 2733 1346 2781 Domitio

166 2825 256 2878 esset.
279 2811 321 2878 ad
340 2824 447 2876 utrum
462 2834 499 2875 ea
513 2832 578 2874 nou
601 2810 774 2894 pertineret
796 2833 882 2891 cura,
897 2823 933 2874 ut
955 2823 1084 2893 paratus
1099 2821 1190 2888 esset,
1204 2800 1368 2911 &illinon

168 2920 326 2986 quaeum
348 2896 580 2962 exercitulum
604 2917 685 2979 opus
708 2907 789 2961 esset
810 2895 926 2962 ducere
947 2895 1096 2982 legiones.
1142 2894 1329 2976 Huicffim,

167 2984 292 3050 consuli
319 2985 518 3070 permissum,
546 2995 581 3047 ut
609 2981 689 3046 duas
717 2983 856 3068 legiones
885 2983 1034 3048 scriberet
1063 3003 1170 3058 novas,
1201 2992 1234 3046 et

169 3072 314 3136 sociilm‘
329 3071 437 3136 Latini
457 3069 596 3134 nominis
619 3067 731 3157 viginti
752 3068 861 3148 millia,
878 3081 910 3134 et
931 3067 1052 3156 equites
1070 3069 1234 3154 octingen-

167 3159 243 3224 tos‘.
288 3157 391 3222 Alteri
410 3155 532 3222 consuli
546 3156 619 3220 duae
641 3155 780 3243 legiones
799 3156 946 3233 decretas,
962 3177 1040 3242 quas
1056 3157 1094 3220 L.
1113 3155 1235 3220 Corne·

203 3273 299 3343 dquam
309 3293 335 3326 cr
345 3294 383 3326 mc
393 3279 469 3328 Grou.
480 3279 548 3326 crcv.
598 3278 712 3328 erocidm
723 3295 752 3328 ac
764 3281 832 3328 Grsv.
883 3271 1037 3342 frangerem
1048 3281 1122 3328 Grau·
1135 3279 1220 3338 Creu..

204 3393 310 3444 59¹St.
322 3423 329 3438 .
341 3394 402 3440 cccii
409 3393 645 3457 preoccuparetur]
662 3395 687 3444 Si
720 3395 762 3454 tic,
782 3397 868 3457 quibus
885 3397 1015 3446 uocantur
1031 3395 1124 3446 Victor.
1142 3399 1167 3444 ct
1185 3396 1238 3444 An·

170 3463 300 3508 maturaret
310 3459 446 3506 Antiochus
458 3459 503 3506 sibi
515 3459 590 3507 socios
601 3461 687 3507 adscis-
720 3462 872 3510 dromeditio.
993 3499 995 3503 .

172 3539 223 3573 ccre
240 3523 337 3572 Gracia
359 3525 470 3586 populos,
489 3529 616 3584 antequam
638 3527 687 3572 Ro·
753 3527 878 3574 sorraco
894 3528 1036 3575 criminibus
1055 3529 1121 3589 apud
1135 3535 1159 3575 tc
1176 3541 1238 3576 crer-

172 3591 238 3638 maui
252 3591 278 3636 in
291 3589 411 3638 Graeciam
424 3590 542 3648 venirent,
553 3593 579 3636 ct
594 3591 688 3638 Gracc·
720 3587 783 3654 cere]
797 3593 839 3638 Me
849 3593 996 3641 criminando
1007 3595 1037 3642 ml
1055 3595 1162 3642 altiorem
1175 3594 1238 3656 apud

171 3669 224 3704 rum
236 3669 315 3704 cecum
327 3656 463 3704 mcictctcm
474 3655 602 3702 firmarent.
721 3663 746 3704 tc
763 3657 850 3706 favoris
861 3665 886 3706 ct
898 3659 1007 3709 amicitia
1023 3662 1122 3722 madum
1139 3675 1189 3708 scre
1199 3669 1238 3716 ex,-

205 3719 307 3768 Go'Ad
318 3720 495 3782 distringendos
505 3717 635 3782 nomana]
650 3721 689 3767 Aa
721 3722 812 3770 tollore.
839 3746 850 3761 s

173 3788 290 3848 cogendos
301 3787 422 3834 Romarm
433 3786 551 3848 dispertiri
562 3785 587 3832 in
600 3785 690 3833 diversa
754 3789 786 3834 64
796 3787 880 3835 Atiam
897 3791 1023 3838 materiam
1041 3789 1158 3839 marcradi
1168 3803 1238 3851 quam

174 3852 366 3912 commersque.
722 3866 752 3900 ea
762 3851 898 3917 mc]Aliam
915 3855 1018 3916 aliquam
1038 3858 1159 3903 materiam
1179 3867 1241 3900 cres·

205 3921 235 3965 ⁶1
252 3917 370 3979 ,Tmnporc
384 3913 453 3980 opto]
476 3917 556 3964 Placet
575 3917 691 3964 Gronovii
723 3919 886 3967 modiane.
919 3920 1004 3968 Aliam
1020 3935 1092 3983 quam
1107 3935 1151 3982 pro
1166 3920 1241 3966 aliam

174 3983 324 4041 conjectura:
343 3990 445 4042 tempore
462 3989 538 4044 capto.
563 3982 602 4029 Sic
617 3982 694 4030 1.111.
725 3985 840 4045 aliquam,
849 3990 877 4031 ut
888 3987 1027 4046 sapealiud
1033 3988 1098 4048 qaid,
1107 3984 1240 4032 etrimilis:

175 4062 195 4094 c.
207 4055 231 4097 9.
248 4047 396 4096 lucidiorum
406 4063 469 4106 mm,
479 4056 503 4096 et
513 4055 616 4108 ternpore
623 4054 693 4109 capto
725 4063 860 4110 quanquam
878 4051 923 4110 hoc
939 4052 1032 4110 quidem
1047 4049 1101 4099 loco
1112 4051 1205 4096 videtur
1217 4049 1242 4095 id

176 4112 285 4159 adortum
306 4114 482 4174 rempublicam
516 4113 589 4166 Quod
609 4115 630 4160 si
651 4114 692 4160 ad-
725 4129 775 4164 esse
796 4117 867 4177 paulo
888 4116 978 4164 durius.
1021 4115 1054 4164 Et
1075 4115 1193 4162 omittunt
1214 4110 1242 4160 cl

175 4177 294 4236 mittatur,
306 4179 499 4242 distinguendum
510 4181 555 4226 erit
565 4184 620 4241 post
633 4194 692 4240 par·
725 4195 796 4242 quom
812 4181 903 4234 Gelenii
919 4180 988 4238 liber,
1001 4185 1026 4232 st
1043 4185 1124 4228 noster
1138 4178 1243 4224 Victori·

172 4256 276 4304 gotera.
725 4261 779 4294 nus.
1311 4292 1313 4297 .

209 4313 240 4356 62
258 4307 347 4356 Patria
362 4325 415 4356 mea
433 4306 537 4374 expulit]
555 4309 635 4372 Vulgo
651 4325 693 4356 ac·
757 4316 788 4358 65
805 4310 847 4358 Aa
858 4326 942 4374 pacem
958 4307 1089 4371 compellet]
1105 4308 1199 4356 rhum.
1216 4313 1242 4355 et

177 4375 250 4422 tulit:
268 4375 347 4421 miuus
363 4379 433 4422 recte.
466 4375 529 4422 illud
545 4377 644 4422 alterum
656 4389 693 4421 rc·
724 4376 787 4423 Vict.
800 4378 892 4425 codices
904 4379 930 4423 m
938 4391 1030 4436 precra.

177 4439 270 4486 vomuit
281 4441 332 4487 Jac.
341 4441 475 4487 Gronovius
483 4455 511 4485 cx
520 4440 610 4500 aliquot
619 4440 691 4499 scrip·
