3136 4982
339 129 461 214 ros'
637 203 642 210 .
732 148 1008 214 a1r1n1v11

178 335 209 387 u.
222 338 250 388 c.
259 342 315 386 arc.
339 314 458 402 probus
472 313 654 382 adolescens
672 314 713 401 (⁴⁹
724 316 783 382 Dii
795 317 925 404 propitii
945 319 1063 400 creent)
1076 317 1244 398 ammiti,
1257 332 1294 384 ut
1313 318 1404 386 fama

179 405 211 452 A.
220 405 248 454 ⁰·
262 409 315 452 ¹⁸6·
339 417 430 487 acuet,
445 403 540 468 deeris
555 402 671 466 initiari
684 403 791 468 nollet.

179 525 333 584 mmm„
385 489 468 554 XII.
492 488 574 555 Satis
589 489 630 556 de
644 487 780 554 AEbutio
795 489 994 574 exploratum
1018 507 1105 556 ratae
1125 491 1248 570 mucul,
1264 513 1331 558 non
1345 513 1404 557 ve-

178 598 418 642 natoriam-num
433 590 592 642 auctorem
608 597 684 653 esre,
700 574 829 641 dimissa
843 576 987 654 AEbutia,
1002 581 1127 644 coccum
1151 592 1253 669 ragat,
1268 593 1305 644 ut
1321 579 1402 644 Hie-

179 661 237 710 ιιιιοὋ
342 663 457 748 palam,
473 661 613 726 indidem
634 684 674 726 cx
690 663 851 728 Aventino
865 663 1056 742 libertinam,
1071 685 1135 730 noa
1157 665 1299 752 ignotum
1321 666 1402 730 vici-

341 751 414 828 niae,
430 761 598 836 arcesseret
619 747 659 816 nd
683 771 759 814 sere.
779 771 862 826 eam,
875 772 1004 836 quoque
1015 772 1091 828 ecee,
1107 751 1179 836 quie
1191 751 1403 838 percunctari

339 835 445 902 vellit.
489 833 542 900 Ad
554 836 647 921 cujus
661 835 811 900 nuncium
821 836 1004 920 perturbate
1021 835 1167 922 Hispala,
1180 839 1267 924 quod
1280 839 1402 904 aditam

340 920 480 988 nobilem
509 935 541 987 et
570 943 697 1008 gravem
727 919 876 988 imninanr
898 923 1010 1010 ignare
1030 925 1150 988 eiurare
1170 940 1405 994 accerseretur:

340 1021 508 1096 postquam
538 1009 662 1072 lictores
690 1008 724 1072 in
754 1007 909 1074 vestibulo
934 1011 1126 1096 turbamque
1146 1011 1344 1076 macularent
1368 1024 1406 1076 et

341 1095 502 1160 consulem
525 1094 626 1180 ipsum
650 1094 825 1179 conspexit,
840 1117 942 1180 prope
962 1098 1145 1162 exanimata
1164 1109 1224 1165 cat.
1265 1099 1306 1163 In
1320 1099 1405 1166 inte·

342 1182 458 1246 riorem
481 1182 602 1264 partem
626 1180 742 1246 aedium
765 1182 933 1248 abductam
955 1201 1047 1248 coctu
1071 1179 1212 1249 adhibita
1232 1183 1353 1259 consul,
1368 1185 1407 1251 Si

342 1290 418 1333 uera
436 1269 535 1332 dicere
554 1269 694 1332 inducere
716 1268 745 1330 in
769 1269 900 1332 animum
918 1279 1027 1350 parcet,
1044 1284 1148 1356 negat,
1161 1272 1330 1353 punituri
1348 1272 1405 1336 de·

342 1357 420 1420 bere.
433 1353 532 1436 fidem
554 1355 602 1418 uel
624 1375 644 1416 a
661 1353 806 1435 Sulpicia,
830 1355 888 1418 tali
901 1353 1103 1436 semina-uei
1125 1357 1166 1420 ab
1189 1379 1222 1421 aa
1244 1359 1403 1440 accipiant.

342 1443 526 1527 enpraineret
546 1439 766 1525 aibi„qnoe²⁵⁰in
786 1441 850 1504 Iron
865 1441 979 1506 &mite
995 1443 1240 1508 Bacchanalibus
1261 1445 1292 1508 in
1313 1440 1409 1508 sacro·

341 1539 481 1595 nocturno
499 1527 723 1608 rokrentfieri.
769 1525 846 1592 Hoc
869 1527 922 1592 ubi
943 1527 1072 1604 audivit,
1088 1541 1195 1594 tantus
1215 1551 1317 1614 pavor
1339 1542 1407 1595 tre-

258 1612 262 1622 '
342 1634 474 1702 arcuque
489 1613 632 1694 omnium
646 1610 859 1678 membrorum
874 1613 1038 1679 mulierem
1053 1615 1146 1701 cepit,
1157 1628 1194 1682 ut
1211 1615 1267 1690 diu
1283 1615 1406 1682 hitoere

341 1723 407 1766 non
429 1714 551 1783 pooiet:
575 1697 701 1764 tandein
724 1697 919 1776 confirmata,
934 1699 1065 1781 pireliam
1082 1704 1242 1767 admodum
1262 1705 1407 1794 acontii
1435 1733 1441 1743 ’

343 1789 405 1854 lom
424 1788 574 1852 initiatam
593 1789 660 1850 cum
681 1787 813 1864 dmninu,
828 1787 884 1851 uit.
906 1787 1022 1871 aliquae
1040 1789 1137 1866 anari,
1161 1811 1200 1854 ac
1215 1787 1276 1873 qno
1298 1811 1407 1854 montr-

340 1874 499 1952 nu'ccacit,
512 1873 598 1950 nihil,
613 1873 819 1956 qnidibifiat,
831 1873 919 1937 scire.
936 1874 1003 1960 jorn
1026 1873 1058 1938 id
1082 1874 1187 1958 ipsum
1209 1876 1317 1940 cancul
1334 1876 1405 1942 leu-

341 1961 428 2034 dare,
443 1982 534 2043 quam
548 1958 698 2033 initiatam
720 1980 753 2022 sc
771 1981 831 2022 non
852 1960 1046 2044 inficiaretur.
1067 1963 1121 2024 red
1135 1973 1163 2026 et
1183 1972 1281 2026 cetera
1295 1965 1405 2028 eadam

331 2047 400 2125 fide
412 2045 608 2126 expromeret.
631 2046 759 2128 neganti
781 2045 862 2108 ultra
882 2046 1047 2130 quidquam
1067 2048 1142 2112 crire
1155 2047 1241 2112 ⁵¹nan
1256 2051 1404 2126 eamdem,

306 2127 310 2138 ’
341 2133 456 2208 dicere,
478 2133 509 2194 ai
530 2141 712 2216 coarguatur
732 2131 772 2194 ab
793 2131 865 2209 alia,
887 2153 924 2216 aa
945 2154 1049 2214 perae
1061 2131 1189 2214 salerni,
1210 2136 1329 2200 neniam
1351 2145 1405 2200 aut

231 2230 234 2236 '
339 2215 566 2304 gratimnfore.
581 2240 649 2280 oum
664 2217 721 2281 ciii
731 2218 834 2282 omitia
849 2220 1024 2300 emporiticae,
1039 2220 1091 2304 qni
1105 2221 1148 2284 at
1158 2220 1214 2284 illa
1228 2220 1373 2288 cadurci.

345 2345 351 2352 ·
385 2303 482 2370 XIII.
506 2302 639 2384 Mulier,
653 2302 740 2368 haud
763 2303 869 2382 dubie,
886 2304 919 2369 id
934 2303 1019 2390 qnod
1039 2307 1122 2385 erat,
1135 2305 1306 2372 AEbu'tium
1322 2308 1406 2374 indi·

342 2413 410 2456 cem
435 2391 543 2456 arcani
564 2403 634 2454 rata
659 2389 795 2470 esse,'ad
815 2393 910 2474 peden
933 2391 1086 2475 Sulpiciae
1111 2393 1258 2478 procidit,
1280 2408 1312 2459 ct
1334 2415 1407 2460 eam

341 2479 447 2563 primo
461 2499 552 2541 orare
566 2476 673 2562 coepit,
690 2477 741 2540 Ne
755 2477 888 2542 mulieris
902 2478 1046 2542 inmune
1058 2501 1123 2543 crim
1141 2491 1283 2546 amatore
1291 2501 1407 2546 sermo·

342 2587 411 2628 nem
424 2565 455 2628 in
466 2585 529 2628 rem
544 2585 603 2626 iton
618 2565 729 2628 ceriam
744 2564 844 2644 modo,
858 2566 912 2628 ced
926 2564 1082 2646 capitalem
1098 2567 1199 2643 etiam,
1214 2568 1406 2632 ueriiuelletr

341 2673 373 2714 ce
389 2651 522 2714 terrendi
542 2648 606 2732 infun
626 2670 742 2728 caruca,
757 2672 816 2714 non
838 2651 898 2734 qno
920 2651 1006 2716 caret
1026 2653 1198 2736 quidquam,
1214 2675 1252 2720 ea
1271 2655 1407 2720 locamur

342 2758 414 2800 erae.
460 2734 531 2800 Hic
555 2735 738 2800 Postumius
756 2757 904 2801 accensus
925 2737 982 2812 ira,
1014 2739 1092 2802 Tum
1112 2759 1235 2824 quiaque,
1259 2740 1314 2816 cit,
1334 2761 1406 2805 eam

341 2845 407 2887 cum
422 2823 546 2888 AEtutio
560 2843 592 2885 re
607 2833 743 2886 amatore
757 2823 894 2887 cauillari
911 2827 1039 2900 credere,
1055 2847 1116 2888 nnn
1137 2827 1168 2889 in
1183 2829 1270 2890 domo
1279 2826 1405 2912 grauia·

341 2906 562 2990 aimmfemimu
576 2919 604 2972 et
625 2931 691 2972 cnm
712 2909 829 2975 consule
852 2911 938 2994 loqui.
961 2921 994 2974 et
1019 2911 1160 2996 Sulpicia
1180 2912 1333 2977 adtollere
1347 2933 1406 2995 pa·

342 3015 485 3071 uentem3
508 2993 602 3060 simul
627 2995 713 3058 illum
736 2993 910 3072 adhortari,
937 2996 1030 3061 simul
1055 2999 1134 3061 iram
1159 3001 1266 3085 generi
1292 2997 1405 3086 lenite.

342 3081 487 3147 Tandem
511 3079 708 3156 confirmata,
727 3081 864 3146 multum
891 3082 1031 3148 incusata
1054 3083 1186 3167 perfidia
1199 3085 1333 3165 AEbutii‚
1349 3087 1408 3170 qui

341 3167 455 3253 optimi
471 3167 502 3230 in
525 3190 563 3232 eo
583 3167 652 3253 ipso
667 3167 770 3231 meriti
792 3167 886 3232 talem
910 3169 1044 3254 gretiam
1066 3169 1233 3250 retulisset,
1248 3171 1408 3257 Magnum

341 3257 395 3320 siti
417 3264 527 3320 metum
549 3255 699 3333 Deorum
712 3275 835 3336 quarum
857 3255 972 3319 occulta
994 3257 1084 3320 initia
1104 3259 1286 3336 enunciaret,
1309 3255 1410 3342 maja·

232 3399 236 3406 .
342 3365 405 3407 uem
426 3341 527 3418 marito,
544 3338 637 3418 dixit,
654 3339 804 3404 hominnm
827 3361 898 3419 erse,
919 3342 970 3426 qui
990 3364 1023 3406 ae
1041 3341 1168 3408 indicem
1188 3345 1324 3410 matribus
1344 3345 1410 3410 auia

375 3556 405 3599 49
423 3547 484 3611 (Dii
488 3547 703 3611 propitiieurentl)
715 3551 857 3600 alecoenr'r..
890 3551 1002 3599 Stimuloe
1014 3553 1063 3600 deoe
1078 3553 1166 3600 lucam.
1199 3555 1331 3602 Stimuiarn
1346 3565 1409 3616 qno·
1456 3553 1459 3560 ¹

340 3609 429 3675 σκοτία]
440 3614 528 3662 Mulier
538 3613 620 3662 timide
631 3616 740 3678 reiip’ora
750 3630 799 3663 non
817 3629 858 3663 au·
891 3631 937 3678 quc
947 3619 1013 3665 deun
1026 3619 1133 3666 uomimn
1143 3620 1304 3682 anguinum,
1316 3621 1346 3666 de
1355 3621 1412 3669 σιν.

341 3681 385 3737 ἀεὶῚ
400 3679 489 3725 Baccld
508 3681 578 3726 sacris
598 3682 761 3729 obscoenitatic
777 3686 858 3729 uotum
891 3683 946 3736 Dei,
958 3685 974 3730 l.
985 3684 1028 3731 tv.
1045 3697 1112 3746 capp.
1126 3691 1163 3730 lli
1175 3693 1200 3732 et
1214 3690 1250 3733 16.
1267 3686 1352 3746 Itaque
1369 3686 1410 3734 hic

298 3783 300 3789 ,
341 3745 475 3806 injungere,
488 3745 858 3807 sineprelntioue‚qundcorum
892 3761 986 3808 quaque
1004 3749 1065 3795 idem
1087 3749 1200 3797 Stimuiae
1217 3765 1304 3800 nomen
1323 3750 1411 3798 admit·

340 3813 399 3858 iram
428 3810 572 3870 deprecatur.
615 3811 672 3860 Ideo
698 3818 754 3858 ante
778 3825 859 3859 vocem
891 3813 1231 3864 tendumemecrcdidcrimun

340 3877 462 3933 uticanis,
476 3875 601 3936 premittit
612 3877 677 3924 illam
692 3877 860 3938 precationem,
926 3885 954 3926 tt
966 3877 1043 3926 'Nan
1058 3881 1162 3930 eamdem
1172 3911 1179 3928 .
1191 3913 1199 3930 .
1211 3912 1236 3930 ..
1253 3882 1348 3928 ueniam
1367 3889 1412 3928 mit

339 3943 386 3988 Dii
394 3941 497 4002 propitii
504 3943 600 3988 ementi
889 3945 1001 4004 gratiam
1015 3942 1085 4008 fare]
1102 3947 1173 3996 Non
1196 3948 1277 3996 eadem
1295 3947 1411 3994 mittun

373 4013 404 4054 to
422 4000 859 4069 IniucaSimiloe18uapicnturGe-
891 4009 1078 4070 impetraturam,
1098 4016 1128 4058 ut
1149 4017 1191 4059 aut
1211 4013 1282 4060 venia
1296 4013 1412 4060 couceda-

339 4071 416 4118 lenius
434 4073 540 4120 Semelen
555 4071 752 4119 Bacchimatrcm
767 4071 861 4119 detorta
889 4080 932 4119 tur
959 4075 1014 4133 sibi,
1037 4081 1066 4123 ut
1089 4077 1160 4124 ctiam
1185 4079 1263 4137 gratia
1286 4079 1409 4126 habemur.

340 4138 451 4184 norrnihil
469 4153 526 4185 voce
544 4138 574 4182 ab
590 4137 696 4182 indocto
717 4135 787 4192 vulgo
809 4137 858 4184 dic·
891 4140 982 4202 Nempe
1001 4142 1072 4188 minii
1091 4143 1207 4203 promisca
1228 4145 1409 4190 inimcos-cao-

340 4210 389 4249 tum
398 4217 448 4249 cine
460 4204 581 4250 Similem
613 4202 648 4248 Ar
665 4201 802 4249 scholiastes
813 4205 857 4249 du·
891 4205 929 4251 cul
945 4207 1026 4253 innuit
1045 4208 1131 4255 fatenti
1151 4223 1202 4255 nou
1225 4209 1319 4256 veniam
1338 4208 1410 4255 modo

341 4269 431 4316 venui·
449 4272 478 4314 ud
497 4269 755 4328 secundinianum,
774 4269 803 4314 de
821 4269 858 4315 his
891 4278 996 4330 puratum
1013 4287 1072 4334 cese,
1089 4275 1128 4321 ced
1145 4275 1216 4322 etim
1234 4275 1410 4335 tenueruntque

341 4333 399 4394 ipris
426 4333 613 4382 Bacchanalibus
641 4347 723 4395 agene,
756 4334 859 4396 appellat
891 4339 1027 4384 mercedem.
