3104 4976
430 197 527 262 LIB.
554 201 698 264 XXXIV.
726 201 829 260 CAP.
852 198 975 258 XVIII.
1181 207 1239 272 149

173 363 337 452 iecerunt.
372 363 493 432 Iterum
529 363 671 431 subacti:
707 363 762 430 aed
799 385 863 431 non
892 362 1001 431 endem
1027 361 1118 430 venia
1146 362 1235 428 victis
1243 375 1392 432 ubter·

157 453 248 520 ‘fnit
267 449 295 492 ⁶³
302 453 360 518 sub
373 473 491 522 corona
504 450 630 516 veniere
642 472 764 529 ornnes,
778 471 821 516 ne
834 449 949 535 saepius
962 469 1073 534 pacem
1088 447 1274 517 sollicita-²¹u
1284 449 1311 496 c
1327 455 1380 499 ¹⁹⁵·

174 551 260 606 rent.
341 567 359 604 x
953 548 957 552 ’

218 624 332 692 XVII.
354 623 487 690 Interim
511 624 548 688 P.
566 622 709 690 Manlius
730 636 858 707 praetor,
882 623 1021 690 exercitu
1036 634 1176 688 veteres
1190 623 1234 700 Q.

174 709 333 786 Minucio,
355 711 405 776 cui
428 723 631 785 successerat,
654 721 793 796 accepto,
809 709 959 794 adjuncto
979 721 1011 778 et
1027 711 1089 794 Ap.
1106 709 1235 776 Claudii

172 796 311 864 Neronis
325 817 367 862 ex
382 796 532 862 ulterIore
546 795 707 880 Hispania
720 809 824 862 vetere
839 796 918 860 item
932 795 1083 873 exercitu,
1099 796 1132 860 in
1150 795 1236 862 Tur·

169 882 329 948 decaniam
352 881 572 967 proficiscitur.
619 881 774 946 Omnium
791 881 1011 966 Hispanorum
1032 882 1172 948 maxime
1185 881 1236 948 in·

172 969 268 1036 belles
283 969 441 1034 habentur
457 968 647 1034 Turdetani.
669 967 739 1034 freti
762 981 869 1034 tamen
890 965 1094 1034 multitudine
1106 991 1164 1034 sua
1178 968 1235 1034 obe

171 1055 255 1122 viam
270 1055 378 1120 ierunt
398 1056 519 1142 agmini
535 1055 692 1121 Romano.
737 1054 849 1140 Eques
867 1055 1012 1120 inmissus
1028 1054 1166 1120 turbarit
1179 1077 1234 1120 ex·

170 1142 291 1227 templo
310 1142 409 1207 aciem
430 1163 550 1206 eorum.
573 1140 719 1226 pedestre
739 1141 891 1224 proelium
914 1141 1030 1206 nullius
1049 1139 1147 1206 ferme
1167 1163 1232 1206 cer·
1243 1155 1270 1200 1².
1279 1153 1385 1201 Menam

172 1229 299 1293 taurinis
320 1227 389 1293 suit.
413 1228 526 1293 milites
548 1240 679 1305 veteres,
701 1227 796 1310 periti
818 1226 956 1295 hostium
980 1227 1126 1313 bellique,
1148 1219 1389 1296 haudTJ¹¹l⁶²⁸¹¹⁰¹

170 1315 455 1402 dubiampugnam
466 1314 618 1380 lecerunt.
663 1313 734 1378 Nec
746 1328 851 1378 tamen
867 1336 904 1379 ea
919 1335 1028 1401 pugna
1042 1315 1234 1380 debellatum
1242 1291 1324 1332 ’Μ

169 1417 228 1470 est.
251 1401 360 1466 decern
382 1400 479 1466 rnillin
502 1399 698 1468 Celtiberim
719 1400 865 1464 mercede
880 1400 1018 1466 Turduli
1039 1402 1233 1478 conducunt,

170 1485 345 1572 alienisque
365 1489 461 1551 aruris
483 1487 637 1571 parabant
659 1485 789 1552 bellurn.
835 1486 956 1550 Consul
977 1487 1117 1568 interim,
1132 1487 1234 1552 rebel-

169 1575 256 1641 lione
282 1574 543 1659 Bergistanorum
570 1573 662 1650 ictus,
688 1585 807 1636 ceteras
829 1594 958 1659 quoque
983 1574 1124 1638 civitates
1147 1588 1233 1638 ratus

171 1683 231 1746 per
252 1661 448 1739 occasionem
472 1653 557 1726 idem
581 1658 727 1735 facturas,
750 1680 839 1724 arma
861 1657 1009 1724 omnibus
1034 1659 1079 1723 cis
1103 1659 1376 1724 Iberumcstomr·

172 1747 327 1832 Hispanis
341 1746 470 1812 ademit.
493 1753 671 1832 quam'rem
686 1745 768 1810 adeo
781 1767 867 1832 aegre
880 1745 972 1830 passi,
989 1759 1025 1810 ut
1040 1744 1133 1810 multi
1147 1768 1232 1810 nror-
1242 1743 1292 1818 ¹¹3⁸*
1301 1755 1386 1788 ⁰¹⁰⁰ss

169 1849 236 1902 tem
257 1834 380 1900 sibimet
401 1833 482 1917 ipsi⁰
496 1832 742 1898 consciscerent:
764 1831 853 1896 ferox
873 1853 986 1918 genus,
1002 1831 1120 1896 nullam
1137 1834 1231 1898 vitam
1242 1807 1381 1934 {l'ifflff

171 1921 233 1984 rati
255 1921 322 1984 sine
343 1922 439 1984 armis
457 1941 533 1984 esse.
578 1918 675 1994 Quod
703 1917 756 1982 ubi
783 1919 906 1984 consuli
930 1919 1150 1986 renunciatum
1175 1931 1233 1996 est,

168 2019 330 2074 senatores
351 2007 493 2070 cranium
516 2004 691 2070 civitatium
712 2003 754 2069 ad
776 2027 810 2068 se
824 2006 932 2070 vocari
947 2006 1055 2091 jussit,
1066 2018 1162 2092 atque
1184 2006 1233 2083 iis,

166 2093 246 2163 ,Non
261 2103 376 2169 nostro,
392 2093 504 2178 inquit,
519 2093 628 2175 magis,
643 2113 732 2174 quarn
747 2100 859 2172 uestro,
873 2093 980 2177 refert,
995 2115 1046 2157 vos
1063 2115 1124 2158 aon
1138 2093 1235 2158 rebel-

168 2182 259 2244 lare:
281 2181 429 2262 siquidem
451 2181 486 2243 id
501 2177 617 2262 majore
630 2179 846 2262 Hispanorum
868 2180 958 2254 molo,
975 2201 1065 2262 quum
1087 2183 1235 2246 exercitur

169 2266 309 2333 Romani
322 2267 436 2342 labore,
451 2287 567 2347 semper
581 2265 680 2326 adhuc
688 2265 816 2348 factum
837 2274 890 2329 est.
933 2267 976 2328 Id
989 2275 1023 2330 ut
1038 2288 1076 2328 ne
1085 2269 1158 2348 fiat,
1174 2287 1235 2332 uno

168 2354 258 2418 modo
272 2352 409 2416 arbitror
422 2353 526 2416 cauni
533 2371 634 2433 posse,
649 2349 708 2414 6*si
721 2351 854 2436 ffctum
864 2353 936 2429 erit,
949 2373 988 2416 ne
997 2354 1124 2434 possitis
1138 2353 1234 2416 rebel·

166 2441 247 2502 lore.
282 2439 357 2504 Volo
373 2440 409 2502 id
421 2459 511 2523 quam
525 2437 703 2502 mollissima
718 2439 770 2502 nia
782 2440 934 2522 consequa
955 2459 1006 2503 vos
1020 2461 1137 2524 quoque
1151 2441 1185 2504 in
1196 2461 1234 2504 eu

163 2547 205 2600 ¹re
225 2527 353 2590 consilio
371 2547 417 2590 rne
438 2523 590 2608 ncty'unate.
614 2525 727 2588 nullum
748 2523 892 2589 libentius
905 2547 1027 2610 sequor,
1043 2548 1133 2610 quem
1154 2529 1236 2610 qnod

166 2621 279 2676 nosmet
294 2613 356 2693 ipsi
369 2613 555 2678 adtuleritis.
600 2609 794 2676 Tacentibus
806 2612 942 2695 spatium
958 2635 991 2678 se
1001 2611 1042 2677 ad
1054 2611 1234 2678 deliberan-

169 2696 247 2762 dum
263 2697 386 2762 dierum
408 2717 582 2781 paucorum
603 2696 680 2763 dare
695 2697 788 2762 dixit.
811 2695 910 2783 qu'unr
933 2700 1071 2764 revocati
1093 2699 1234 2766 secundo

168 2805 296 2870 quoque
317 2783 452 2850 concilio
473 2783 654 2868 tacuissent,
670 2781 772 2848 ⁶⁵uno
785 2783 838 2848 die
859 2785 958 2848 muris
979 2785 1122 2849 omnium
1145 2785 1372 2850 dim-nimisso-

166 2870 220 2948 tis,
236 2871 277 2934 ad
292 2893 358 2950 eos,
372 2871 427 2955 qui
441 2869 585 2937 nondum
600 2870 764 2955 parebant,
781 2868 949 2954 profectus,
964 2883 1000 2934 ut
1020 2869 1055 2932 in
1075 2891 1234 2956 quamque
1242 2873 1294 2906 '⁰¹¹²
1307 2872 1396 2907 muron

170 2957 332 3043 regionem
348 2969 486 3032 venerat,
510 2977 630 3032 ornnes,
646 2956 701 3041 qui
723 2957 808 3020 circa
829 2955 1018 3032 incolebant,
1041 2955 1176 3040 populos
1199 2958 1233 3022 in

164 3043 359 3110 deditionem
372 3045 502 3128 aceepit
549 3043 741 3143 Segesticam
756 3055 890 3120 tanturn,
902 3063 1032 3130 gravem
1046 3055 1142 3128 atque
1152 3065 1232 3128 opu·

124 3185 131 3196 .
169 3124 288 3194 lentem
303 3130 472 3206 civitatem,
487 3129 617 3194 ⁶⁶viners
631 3142 662 3194 et
676 3128 791 3213 pluteis
804 3130 898 3214 cepit.

213 3216 344 3282 XVIII.
370 3215 420 3280 Eo
435 3215 587 3302 majorem
601 3215 738 3280 habebat
758 3215 975 3281 difficultatem
995 3216 1029 3280 in
1050 3216 1232 3303 subigendis

167 3301 322 3380 hostibus,
339 3323 442 3388 qunm'
459 3303 514 3387 qui
539 3303 635 3387 primi
657 3311 831 3368 venerunt1¹
855 3302 887 3366 in
917 3302 1124 3387 Hispaniam3
1146 3307 1232 3392 quod

166 3389 210 3454 ad
220 3389 292 3454 illos
300 3389 395 3454 taedio
406 3389 531 3472 imperii
544 3387 859 3472 Karthaginiensium
873 3388 1015 3472 Hispani
1027 3390 1231 3468 deficiebantr

166 3474 243 3542 huic
268 3497 308 3540 ex
332 3487 483 3561 usurpata
506 3472 652 3541 libertate
669 3475 737 3540 ⁶⁷in
757 3475 938 3541 servitutem
953 3475 1039 3540 velut
1065 3478 1232 3544 adserendi

371 3617 385 3644 ⁰
394 3615 550 3677 sibimetipsis
560 3615 633 3663 Gron.
647 3615 713 3663 Crov.
812 3619 950 3662 temnant
959 3617 1024 3664 End.

201 3731 311 3778 68⁹Sub
322 3727 418 3794 corono]
434 3732 487 3779 vid.
497 3737 549 3780 not·
559 3738 599 3782 98.
610 3733 638 3779 ad
649 3732 682 3781 II.
715 3732 779 3794 pani,
796 3745 869 3792 quum
886 3733 1005 3780 nescirent
1020 3734 1135 3794 cujusque
1150 3736 1230 3797 oppidi

171 3803 209 3846 ¹7.
369 3800 381 3806 “
607 3803 612 3806 “
715 3797 876 3856 magistratus,
892 3812 923 3844 an
943 3799 1026 3846 ceteris
1041 3801 1152 3846 omnibus
1168 3800 1229 3848 idem

199 3864 232 3908 64
248 3861 281 3908 st
295 3859 405 3922 ficetum
421 3863 476 3921 erit,
488 3877 517 3908 rte
530 3863 631 3924 percitis
644 3875 682 3908 re·
715 3865 853 3909 mandatnm
864 3868 935 3920 esset,
947 3877 990 3910 neo
1006 3870 1099 3925 tempus
1116 3866 1231 3913 baberent

166 3923 265 3989 teliore]
282 3929 430 3976 Postremum
441 3928 539 3976 verbum
551 3941 600 3976 non
611 3927 683 3983 Lirii,
715 3929 977 3976 adconadtandumin
992 3944 1230 3978 commanecurnre·
1299 3983 1301 3988 ,

168 3992 250 4040 sodex
267 3993 374 4054 margine
391 4006 442 4040 etse
459 3994 545 4046 merito
564 3994 684 4040 existimat
715 3993 786 4054 liquis
814 3995 917 4055 populis,
947 4002 1084 4056 paruerunt.
1117 3997 1156 4042 Sic
1181 3996 1229 4044 iere

170 4057 314 4104 GronorInr.
714 4059 840 4120 Appianas
852 4059 911 4106 libro
921 4074 992 4121 supra
1002 4065 1140 4107 memorato.

201 4125 233 4168 65
252 4123 305 4169 Uno
315 4123 355 4170 die
366 4123 444 4170 muris
459 4123 566 4170 omnam
577 4119 679 4185 dirutis]
749 4126 803 4172 66*
813 4125 897 4172 Vincis
908 4133 933 4171 et
941 4123 1041 4186 pluteis]
1057 4125 1110 4172 Vid.
1123 4129 1174 4170 not.
1187 4131 1227 4173 te.

168 4184 261 4248 Nempe
275 4189 367 4236 linem
383 4201 434 4235 unc
458 4188 495 4234 dic
522 4188 552 4235 ad
574 4187 682 4236 civitates
715 4189 830 4238 euxx1.
840 4193 880 4236 61.

168 4263 251 4300 omncs
270 4253 367 4314 perferri
389 4255 491 4310 curarit,
510 4253 595 4314 quibos
617 4253 682 4300 diru·
748 4255 829 4304 671„
856 4255 994 4302 servitutem
1019 4255 1084 4300 velut
1111 4253 1230 4300 atmeadi

167 4331 207 4364 ere
217 4318 298 4366 statim
309 4319 356 4380 ipsi
369 4332 449 4366 muros
465 4331 520 4366 suos
533 4319 681 4377 juberentur.
716 4316 796 4382 nunt]
817 4321 927 4367 Asserere
937 4321 1028 4378 ,dicitur
1046 4318 1071 4362 in
1091 4318 1229 4366 servitutem

168 4381 244 4440 lenm
253 4383 356 4446 perculsi
372 4383 500 4446 improviso
512 4384 611 4446 imperio
625 4385 683 4432 His·
716 4386 737 4434 ir
748 4385 788 4448 qui
801 4385 888 4444 injure
899 4385 1004 4444 postulat
1022 4382 1098 4435 addici
1114 4383 1159 4430 sibi
1175 4388 1229 4432 ten·

181 4467 184 4474 '
771 4468 792 4511 L
808 4459 826 4511 3
