3082 4976
358 141 435 208 49⁴
768 132 879 196 '1'le
909 134 1043 194 Llllll
1135 153 1138 160 ·

212 317 282 364 uc.
294 321 348 367 sss.
397 300 428 364 'o
443 297 516 366 inde
534 298 809 386 foisponsifieibus
826 297 1038 386 inaugurandi
1052 295 1239 364 Dolabellae.
1282 295 1316 363 P.
1332 295 1408 366 cto-

155 423 161 428 -
210 382 282 430 Ν·
295 387 347 430 ¹⁸⁰·
384 387 450 452 ium
467 386 609 452 Siculum
630 387 868 475 inaugurarunl,
881 383 909 424 ⁵⁰
917 384 972 472 qui
986 384 1125 452 secundo
1138 383 1208 449 loeo
1221 385 1408 472 inauguratus

268 509 271 516 ¹
371 485 451 540 erat.
497 471 597 538 Exitu
620 473 693 538 anni
714 485 747 536 et
766 471 804 536 C.
823 471 972 536 Servilius
987 470 1139 536 Geminus
1164 469 1300 556 pontifex
1322 471 1408 534 maxi-

373 581 444 624 mus
468 557 617 624 decessit:
643 559 726 624 idem
751 557 911 624 decemvir
936 579 1096 621 sacrorum
1126 559 1194 620 fuit.
1226 557 1359 640 pontifex
1381 558 1409 620 in

356 645 478 710 locum
505 645 571 730 ejus
597 667 616 709 e
641 643 773 732 collegio
798 655 964 728 cooptatus
990 657 1037 711 est
1054 642 1104 724 Q.
1122 642 1250 708 Fulvius
1273 641 1407 715 Flaccus:

370 730 439 796 ὅῑιιι
463 730 607 814 pontifex
633 732 787 796 maximus
807 730 855 796 M.
873 727 1022 794 AEmilins
1045 727 1194 815 Lepidus,
1211 750 1305 814 quutn
1332 728 1409 792 multi

372 817 450 882 clari
464 817 523 880 viri
550 818 715 902 petissent:
739 830 770 880 et
785 814 940 880 decemvir
961 835 1121 880 sacrorum
1142 813 1186 891 Q.
1196 814 1332 879 Marcius
1342 814 1410 878 ,Phi-

373 902 479 988 lippus
493 903 526 966 in
542 903 679 988 ejusdem
699 901 802 968 locum
823 914 871 966 est
884 915 1057 986 cooptatus.
1092 900 1145 966 ,Es
1159 923 1261 988 augur
1277 901 1329 986 Sp.
1345 899 1411 964 Pos-

373 989 490 1056 tumius
515 987 651 1054 Albinus
680 988 820 1054 decessit.
851 987 885 1052 in
913 986 1017 1052 locum
1044 987 1110 1072 ejus
1133 986 1159 1025 ⁶²
1170 987 1208 1052 P.
1235 987 1410 1070 Scipionem,

373 1073 472 1140 lilium
501 1073 649 1152 Africani,
678 1097 812 1162 augures
847 1085 1046 1156 cooptarunt.
1090 1072 1242 1137 Cumanis
1277 1095 1313 1137 eo
1339 1093 1411 1136 anno

356 1159 551 1246 petentibus
579 1160 776 1247 permissum,
803 1173 838 1224 ut
864 1158 990 1245 publice
1012 1159 1125 1224 Latine
1153 1158 1360 1246 loquerentur,
1385 1169 1411 1222 et

373 1245 573 1333 praeconibus
589 1247 700 1314 Latine
713 1243 870 1312 vendendi
879 1246 934 1332 jus
947 1258 1036 1312 esset.

415 1331 544 1400 XLlll.
568 1333 687 1398 Pisanis
707 1355 820 1420 agrum
842 1331 1072 1417 pollicentibus,
1088 1353 1153 1417 qno
1168 1331 1283 1396 Latina
1304 1331 1412 1396 colonia

361 1417 589 1496 deduceretur,
604 1420 715 1507 gretioe
730 1420 770 1484 ab
784 1431 894 1484 senatu
907 1428 998 1482 actae.
1020 1417 1176 1482 triumviri
1192 1419 1287 1482 creati
1301 1416 1340 1482 ed
1353 1439 1411 1482 eam

372 1527 440 1570 rem
452 1505 496 1581 Q.
508 1505 624 1570 Fabius
640 1505 753 1583 Buteo,
767 1504 816 1570 Μ.
828 1517 859 1570 et
870 1503 907 1568 P.
920 1502 1044 1589 Popillii
1056 1503 1214 1569 Laenetes.
1251 1505 1280 1568 A
1294 1503 1330 1568 C.
1342 1502 1411 1568 Me·

373 1589 427 1656 nio
449 1605 586 1677 praetore
604 1593 677 1675 (cui,
694 1591 856 1677 provincia
877 1590 1023 1654 Sardinia
1042 1612 1139 1675 quusn
1162 1590 1321 1668 evenisset,
1336 1589 1411 1654 addi-

372 1687 439 1742 tuns
463 1691 540 1756 erat,
557 1692 592 1744 ut
606 1690 761 1765 quaereret
779 1677 820 1742 de
835 1675 990 1741 veneficiis
1010 1675 1133 1764 longius
1156 1676 1199 1740 ab
1221 1675 1298 1742 urbe
1317 1676 1410 1741 decen

359 1763 510 1835 -millibue
525 1767 687 1849 passuum)
702 1763 803 1830 literae
817 1762 941 1838 adlatae,
957 1764 996 1828 Se
999 1762 1069 1846 jam
1084 1765 1149 1826 tria
1164 1764 1266 1828 millia
1277 1763 1411 1826 Ιιοιιιίιιιιιιι

359 1843 539 1927 sinuessano,
555 1861 585 1916 et
598 1873 727 1916 creseere
746 1850 806 1918 sili
830 1851 1022 1933 questionem
1046 1847 1180 1912 indiciis.
1205 1860 1259 1914 aul
1281 1871 1342 1914 eam
1362 1848 1412 1912 sihi

358 1958 433 2002 ¹esse
446 1935 747 2014 “bossemannus
755 1937 947 2018 provinciam
958 1935 1179 2000 dimittendam.
1209 1933 1235 1972 ⁵¹
1244 1934 1287 2010 Q.
1300 1932 1411 1998 Fulvius

359 2020 504 2086 -Flaccus
525 2043 564 2088 ex
582 2021 739 2107 Hispania
761 2020 855 2086 rediit
871 2021 1004 2088 Romam
1020 2039 1093 2084 cum
1117 2041 1236 2107 magna
1253 2021 1333 2086 fama
1352 2042 1411 2106 ges·

371 2118 474 2172 tarum
503 2128 620 2186 rerum,
650 2107 715 2195 qui,
738 2129 836 2194 quum
865 2118 956 2172 extra
983 2104 1094 2170 urbem
1131 2106 1287 2191 triumphi
1319 2117 1412 2171 οιιιιιιιι

368 2206 462 2274 esset,
484 2193 593 2258 consul
617 2207 664 2259 est
688 2208 811 2260 creatus
834 2215 907 2260 cuns
922 2192 963 2258 L.
976 2191 1101 2258 Manlio
1122 2191 1280 2270 Acidin03
1302 2201 1412 2276 etpost

372 2299 488 2362 peuces
513 2277 579 2346 dies
601 2301 673 2348 cum
697 2279 860 2357 militibus,
905 2301 959 2344 uos
984 2299 1091 2343 secunr
1113 2276 1299 2358 deduxerat,
1316 2278 1411 2343 trinn-

209 2379 332 2436 Quanti
362 2364 474 2450 phane
489 2368 598 2432 urbem
615 2378 662 2432 est
675 2367 826 2432 invectus.
871 2301 961 2430 'llulit
983 2367 1016 2428 in
1038 2363 1202 2450 triumpho
1223 2387 1350 2434 coronas
1367 2384 1413 2428 au·

210 2450 355 2512 “³²²th
372 2472 441 2516 neas
456 2464 581 2518 centnm
598 2452 709 2538 viginti
722 2465 876 2540 quatuor:
899 2461 1053 2538 praeterea
1065 2448 1171 2522 ⁶⁵auri
1190 2451 1299 2536 pondo
1317 2450 1413 2536 trigin-

371 2549 406 2603 ts
429 2559 544 2614 unum;
568 2551 597 2602 et
622 2537 649 2578 ⁵⁸
657 2539 773 2628 signati
795 2537 941 2604 Oscensis
962 2533 1126 2632 nummum
1152 2551 1280 2604 centum
1304 2551 1412 2623 septua-

406 2749 436 2793 50
455 2745 504 2801 (lsi
527 2747 626 2794 seeum
651 2746 701 2794 isco
722 2749 884 2808 insufflatus
915 2747 977 2794 Eum
995 2745 1091 2808 ingenio
1109 2745 1221 2806 valuisse,
1235 2761 1328 2809 corpore
1345 2745 1412 2793 slus·

370 2806 437 2874 ast]
468 2811 535 2860 Nihil
562 2811 601 2859 hie
627 2813 712 2872 reperit
739 2813 883 2864 difficultatis
915 2812 971 2858 dom
990 2811 1133 2862 imbecillum
1152 2813 1236 2871 fnisse,
1258 2815 1325 2862 docet
1342 2814 1411 2860 ciero

372 2875 514 2923 Gronovius.
547 2875 578 2926 P.
591 2876 699 2926 Glsels'em
717 2877 827 2925 Siculum
845 2879 883 2924 iss-
915 2876 941 2923 in
951 2877 1037 2933 Bruto,
1050 2890 1075 2922 n.
1088 2882 1129 2925 77.
1139 2881 1165 2923 et
1175 2877 1203 2924 iu
1214 2877 1390 2935 Catonenno.

371 2947 535 3000 usgsrsrussl,
552 2957 635 3005 nempe
656 2956 732 3003 segem
755 2957 883 3002 sacrorum,
922 2946 927 2952 '
947 2945 978 2988 58
994 2938 1166 3004 Dsseresdsssr]
1184 2943 1241 2990 Hoc
1251 2943 1346 2990 debetur
1355 2941 1411 3002 Sige-

369 3006 416 3067 qui
441 3007 540 3053 munds
565 3007 615 3055 loce
636 3007 798 3067 iaacgsranss
824 3013 884 3064 nese,
915 3004 963 3052 nio.
997 3006 1077 3054 Codex
1087 3005 1411 3070 nomenieuelsebotsdefes-

356 3083 457 3134 ,uenspe
468 3071 581 3132 pontifex.
615 3073 661 3120 Ssd
671 3086 714 3118 esse
729 3073 826 3120 secundi
838 3074 883 3120 loei
915 3070 1022 3118 desdam·

373 3135 469 3184 nomine
479 3137 615 3198 designetur
630 3137 790 3197 pontificatus,
802 3152 845 3186 nec
855 3138 883 3186 il·
947 3141 977 3181 5⁴
997 3137 1026 3192 Q.
1038 3136 1139 3184 Melus
1149 3137 1252 3186 flaccus
1263 3170 1270 3183 .
1282 3169 1288 3183 .
1300 3137 1375 3186 semel
1383 3139 1411 3181 ιιι

334 3205 337 3210 ’
372 3200 395 3248 le
404 3201 514 3260 explicet,
525 3216 568 3248 nec
577 3215 620 3248 nos
629 3201 741 3262 suspicari
750 3217 881 3261 possumus.
915 3208 1007 3247 aestus
1019 3216 1073 3248 essm
1084 3203 1115 3249 l..
1125 3201 1222 3250 Manlio
1232 3199 1344 3264 Acidino]
1367 3201 1412 3246 llas

373 3263 452 3312 Setius
469 3267 541 3312 inerit
558 3265 634 3315 dicere
647 3267 685 3313 rel
701 3267 751 3314 hee
762 3267 833 3315 verbs
848 3269 882 3314 si·
914 3267 999 3313 iratres
1008 3280 1131 3327 germanos
1141 3268 1215 3314 luisse
1226 3273 1342 3316 testsnm
1351 3271 1373 3312 et
1381 3271 1412 3310 ts·

371 3326 432 3378 stes·
442 3344 503 3388 esse,
515 3332 554 3378 rel
569 3332 670 3380 breviter
685 3338 757 3392 etque
771 3334 829 3380 adeo
841 3334 883 3382 ob·
916 3329 977 3378 buln
989 3332 1139 3391 Capitoline.
1150 3337 1175 3379 et
1184 3333 1290 3382 Velleius
1300 3331 1318 3380 l.
1328 3331 1358 3379 ll.
1367 3344 1384 3376 e
1393 3333 1411 3374 t.

372 3408 439 3441 seure
450 3396 489 3442 hie
504 3395 602 3443 indicari
613 3411 700 3444 morem
717 3398 818 3458 aliquem
835 3399 894 3446 llo·-
916 3396 957 3456 qui
976 3403 1001 3443 et
1020 3397 1065 3443 boo
1083 3398 1114 3444 sd
1134 3411 1201 3445 suam
1218 3405 1311 3446 sessum
1328 3397 1411 3444 unicum

371 3472 496 3508 manorum
508 3460 741 3517 nobulomnitum.
915 3460 988 3509 luisse
1005 3463 1137 3522 exemplum
1157 3463 1279 3511 obsesses.
1311 3463 1337 3510 l..
1352 3461 1412 3508 ues-

406 3530 434 3571 sl
449 3527 601 3587 deposcitis
611 3523 744 3589 menes]
759 3527 884 3590 Exemplar
915 3525 962 3572 lius
978 3540 1020 3586 pes
1034 3527 1186 3588 adoptionem
1204 3529 1230 3575 in
1242 3527 1353 3576 Manlium
1365 3537 1413 3586 gen-

373 3588 469 3637 unicum
486 3591 570 3638 babuit
585 3598 641 3638 ssste
653 3593 791 3654 pontificem
806 3597 884 3640 masi·
914 3594 964 3638 um
982 3593 1116 3638 transierat.
1148 3592 1228 3642 Ambo
1247 3595 1294 3641 orti
1311 3598 1374 3640 erent
1389 3601 1412 3633 es

369 3668 444 3700 asans
478 3653 587 3710 Sigonius
608 3657 750 3715 emendavit,
765 3660 883 3718 quomodo
915 3653 1277 3720 itlounulvio,qutcspuen
1288 3664 1379 3719 ceperat·

372 3732 437 3766 anne
457 3719 565 3780 legimus.
578 3722 603 3768 in
623 3722 725 3778 salcetis
744 3722 825 3771 libriss
843 3725 883 3772 sed
948 3727 978 3768 5⁵
995 3722 1143 3783 Assrs'possdo
1150 3719 1412 3786 nigimamssfflsr·

372 3797 454 3846 parum
465 3785 573 3832 feliciter.
604 3786 714 3836 Pontifex
730 3788 794 3836 enim
808 3791 882 3838 mui-
914 3792 1133 3834 mnoetrslaslll.
1147 3789 1265 3836 unsisstl.
1282 3785 1412 3836 semweisn

372 3861 425 3896 snus
437 3862 486 3896 non
502 3849 659 3910 cooplsbstur
668 3865 684 3898 s
694 3852 792 3909 collegio
804 3855 883 3913 ponti·
919 3857 941 3898 1.

371 3912 454 3971 licum,
473 3914 513 3962 sed
530 3927 545 3960 a
562 3916 650 3975 populo
668 3917 765 3964 tributis
781 3920 884 3966 comitiis
951 3920 982 3966 56
998 3917 1100 3980 Signata·
1113 3917 1221 3968 Oscensis
1235 3919 1355 3968 nmen
1369 3925 1412 3960 m·

355 3979 503 4026 ¹creabatur.
536 3979 641 4027 Omnino
661 3981 700 4028 bie
714 3981 885 4032 interciderunt
917 3985 1133 4045 semespsuaglusa
1148 3986 1199 4032 tris
1213 3985 1293 4036 millis
1302 3977 1409 4038 ΜΝ]

371 4044 480 4103 quasdem
491 4058 573 4091 voces:
592 4059 636 4094 nee
647 4046 774 4112 quidqopm
791 4050 885 4096 consul
916 4050 954 4096 De
970 4047 1069 4096 Oscensi
1085 4056 1183 4112 ergenlo
1194 4051 1243 4098 sid.
1254 4055 1352 4100 nonies
1362 4042 1411 4090 adl·

372 4107 422 4154 tius
439 4107 488 4156 lieri
504 4109 603 4158 fortasse
623 4111 708 4172 possit,
719 4125 790 4171 quesn
808 4115 829 4160 si
845 4114 884 4161 bio
916 4113 1035 4162 XXXIV.
1046 4130 1068 4164 c.
1082 4121 1120 4163 ιο.
1138 4115 1244 4172 Nummi,
1259 4117 1308 4165 sire
1323 4105 1411 4162 mterfii

258 4221 261 4227 ,
354 4161 646 4236 ‚aslerlseussppoostnn
918 4185 1022 4229 173200.
1041 4179 1216 4242 aequiparentur
1234 4180 1317 4232 musis
1334 4170 1411 4234 “8⁸⁰⁶

404 4243 435 4284 52
451 4239 483 4285 P.
505 4239 640 4300 Scipionem
653 4241 738 4300 filiuni
757 4237 884 4305 Asrs'easts]
916 4246 971 4294 67⁵.

370 4299 420 4350 ilie
446 4303 585 4354 Alsiesntnn
612 4306 726 4356 minoren
754 4299 905 4376 suoptesltj
959 4363 961 4370 y
