3082 4976
468 198 563 260 LIB.
577 193 648 259 XL.
676 197 783 260 CAR
799 197 879 259 LVI.
1146 187 1205 260 '505

147 357 325 453 Antigono,
341 355 647 450 comprehensusque
661 362 702 428 ab
716 385 754 428 eo
768 364 801 428 in
816 385 851 428 re
874 363 935 428 ‘am
957 373 1005 427 cst
1024 351 1205 449 perductus.
1214 383 1245 429 u.
1255 382 1283 429 c.
1295 365 1351 432 ire.

148 453 261 518 relicto
275 446 324 516 'eo
348 445 541 538 custodibus,
556 450 744 537 'Antigonus
766 449 806 514 ad
831 385 1015 535 Philippum
1044 451 1205 536 processit.
1213 447 1283 494 Μ
1297 447 1350 496 ¹⁷⁹·

145 539 275 615 Multis,
291 536 405 622 inquit',
419 536 597 622 immortuus
611 536 802 600 'intellexisse
815 537 925 614 uideor,
942 555 1052 622 moguo
1075 546 1104 601 te
1124 538 1356 624 certi-Innocenti·

148 624 355 700 mettamensi
374 623 448 686 scire
462 635 535 686 nera
554 623 654 686 munio
670 622 765 704 poscis
778 623 816 685 de
828 621 906 701 filiis
920 622 986 700 tuis,
1002 632 1070 686 uter
1088 624 1128 687 ol>
1141 615 1329 690 utro⁰‘¹l‘¹'¹¹

145 707 389 800 petimcfruude
400 701 433 772 ei
442 707 560 785 insidiis
580 717 664 772 esset.
706 708 812 770 Homo
835 727 913 770 unua
934 709 1073 786 omnium,
1107 710 1139 772 ui
1155 732 1206 772 uo-
1214 683 1303 740 '⁸⁰¹¹‘

148 799 223 860 datm
233 793 321 880 liujus
334 795 442 860 moria
463 794 614 858 eesoteere
634 794 736 875 poerit,
751 794 782 856 in
794 801 945 874 potestate
954 803 1007 857 tuo
1021 731 1205 880 octipedes.

151 879 263 967 nferre
276 890 411 945 eocomm
426 881 658 964 perductumque
670 880 702 942 im
716 879 836 968 qegicm
849 880 950 944 uocari
962 878 1093 964 juberet.
1109 895 1112 902 '
1137 877 1206 944 Ad-

148 963 263 1032 ductus
274 965 382 1052 primo
394 965 439 1030 ita
454 987 570 1053 negare
582 965 807 1042 inconstanter,
823 977 869 1041 ut,
884 986 983 1048 parvo
995 979 1083 1030 'metu
1098 965 1208 1030 admo-

148 1067 195 1134 to,
209 1049 354 1136 paratum
366 1051 502 1116 indicem
512 1070 578 1116 ease
588 1050 764 1135 adpareret.
788 1064 991 1136 conspectum
1003 1051 1208 1116 tortorisver-

149 1139 325 1222 heramque
343 1159 407 1202 non
431 1137 595 1202 sustinuit:
618 1135 826 1222 ordinemque
848 1158 974 1200 omnem
995 1136 1142 1202 facinoris
1164 1137 1208 1202 le·
1257 1171 1260 1180 Δ

174 1224 298 1288 ntorum
323 1223 553 1308 ministeriique
575 1224 623 1287 sui
639 1223 798 1308 ‘exposuit
843 1221 1017 1307 Extemplo
1038 1223 1209 1309 missi,qul

150 1245 271 1397 legatos
294 1307 607 1394 comprehenderent,
625 1307 812 1386 Philoclem,
828 1309 882 1394 qui
904 1330 1042 1394 praesens
1058 1321 1136 1386 erat,
1152 1308 1208 1373 ob-

151 1407 348 1484 presserunt:
373 1395 511 1480 Apelles,
527 1395 638 1459 missus
662 1394 704 1458 ad
724 1393 891 1460 Chaeream
915 1396 1086 1480 quemdam·
1105 1416 1210 1478 perse-

176 1481 326 1559 uendum,
353 1480 471 1545 indicio
495 1479 604 1567 Xychi
630 1480 749 1559 audito,
776 1479 810 1543 in
833 1479 958 1544 ltaliam
981 1481 1128 1545 tre'ecit.'
1146 1481 1211 1546 ‘De

151 1503 297 1633 lhilocle
311 1565 391 1630 nihil
411 1567 489 1632 certi
503 1566 665 1654 vulgatum
687 1577 744 1632 cst.
766 1565 820 1630 alii
843 1566 949 1651 primo
973 1503 1210 1632 audaciter'ne·

152 1666 292 1740 gentem,
307 1667 473 1738 postquem
487 1653 520 1717 in
536 1664 748 1737 conspectum*
759 1652 914 1716 adductus
933 1651 973 1716 sit
987 1653 1128 1738 Xychus,
1144 1674 1210 1717 non

153 1739 238 1804 ultre
263 1737 445 1815 tetendisse3
477 1738 530 1804 elii
559 1751 716 1805 tormenta
744 1739 838 1802 etiem
864 1736 1057 1802 inficiantem
1083 1759 1209 1824 perpes·

151 1847 223 1890 aum
245 1824 426 1906 adfirmant.
449 1845 451 1850 ·
471 1824 621 1909 Philippo
642 1823 877 1907 redintegratus
891 1836 943 1888 est
951 1823 1054 1889 luctus
1067 1827 1210 1912 gemina·-

153 1925 283 1997 tusquc3
305 1923 338 1976 et
358 1907 572 1976 infelicitatem
594 1931 682 1974 suam
703 1907 738 1973 in
759 1909 866 1974 liberis
885 1910 1072 1998 graviorem,
1092 1910 1232 1998 equod,

153 1997 234 2062 alter
247 1998 387 2080 perisset,
402 1999 559 2062 censebat.

144 2141 153 2154 ,
198 2082 288 2147 LVI.
313 2083 457 2163 Perseus,
469 2077 592 2150 'certior
609 2081 709 2148 faetus
728 2085 836 2168 omnia
857 2084 980 2150 detecta
999 2105 1076 2162 esse,
1098 2094 1212 2170 poten·

154 2169 218 2234 tior
232 2169 358 2254 quidem
374 2181 450 2246 erat,
466 2191 560 2255 quam
582 2181 617 2232 ut
636 2168 744 2317 fugam
760 2171 965 2234 necessariam
980 2169 1119 2235 duceret.
1142 2185 1212 2258 ten·

154 2267 234 2330 tum,
257 2269 294 2319 ut
318 2255 430 2340 procul
452 2255 584 2331 abesset,
599 2256 672 2318 cura
695 2266 739 2330 at,
755 2254 880 2319 interim
895 2255 981 2320 velut
1001 2255 1046 2341 ab·
1063 2257 1213 2322 incendio

154 2340 316 2428 flagrantis
340 2340 408 2419 irae,
430 2339 507 2403 dum
532 2339 699 2424 Philippus
720 2340 850 2416 vireret,
867 2362 899 2404 se
924 2340 1116 2407 defensurus.
1145 2344 1210 2428 qui,

154 2447 210 2510 spe
224 2425 369 2508 potiundi
385 2423 425 2490 nd
440 2447 566 2510 poenam
582 2426 722 2510 corporis
736 2427 802 2512 ejus
817 2427 939 2505 amissa,
954 2428 1041 2514 quod
1054 2428 1211 2515 reliquum

155 2523 235 2591 erat,
249 2511 282 2576 id
298 2512 430 2589 studere,
446 2533 486 2576 ne
502 2533 597 2597 super
617 2511 826 2597 inpunitatem
851 2514 946 2578 etiam
970 2515 1102 2594 proemio
1116 2515 1212 2580 scele-
1366 2575 1369 2580 .

153 2597 199 2662 ris
213 2596 378 2662 frueretur.
422 2598 621 2680 Antigonum
636 2598 733 2685 igitur
747 2598 903 2685 adpellat3
925 2600 976 2664 cui
988 2613 1019 2665 et
1029 2601 1133 2685 palum
1149 2601 1345 2671 fac-Antium

155 2684 179 2748 ti
194 2681 355 2768 parricidii
368 2684 471 2770 gratia
485 2683 642 2750 obnoxius
656 2697 734 2760 erat,
750 2706 853 2771 neque
867 2683 1055 2768 pudendum
1074 2702 1131 2754 aut
1145 2711 1212 2772 poe-
1220 2687 1318 2752 mquam

153 2769 319 2834 nitendum
343 2791 416 2834 eum
438 2792 543 2872 regem
561 2769 803 2848 Macedonibus,
819 2784 950 2856 propter
973 2786 1131 2838 recentem
1156 2741 1353 2866 pmifffidiliil

153 2856 218 2919 trui
233 2855 388 2943 Antigoni
401 2855 546 2956 glomum,
558 2855 627 2921 iore
640 2853 800 2921 censebat.
846 2855 975 2932 eruudo
988 2857 1019 2922 iu
1034 2858 1211 2944 comfortu·
1222 2870 1308 2932 timon.

155 2961 226 3005 nom
241 2943 316 3020 verri,
331 2942 446 3028 iuqu1t‚
460 2942 623 3028 Antigone,
638 2953 675 3006 ut
696 2942 810 3006 orditas
828 2943 907 3019 milri,
923 2965 1016 3027 quum
1037 2945 1091 3009 ulii
1113 2949 1211 3011 detes-

155 3037 261 3093 tentur
272 3039 422 3110 parentes,
439 3029 580 3110 optabilis
594 3048 657 3092 esse
671 3029 793 3100 debeat·
818 3049 954 3115 regnum,
969 3032 1051 3114 quod
1065 3051 1086 3096 u
1100 3043 1212 3114 patruo

153 3121 204 3176 tuo
210 3109 301 3194 forti,
317 3135 374 3178 mm
387 3113 588 3196 rolrrmfideli,
603 3115 697 3179 tutelo
712 3111 775 3200 ejas
785 3116 966 3194 custoditum
988 3125 1018 3180 et
1038 3128 1153 3182 unctum
1169 3129 1211 3183 et-

155 3201 220 3263 iam
242 3201 353 3282 accepi,
367 3201 402 3264 id
426 3201 481 3265 tihi
506 3203 625 3266 eadee
645 3201 676 3265 in
698 3202 798 3266 aninlo
819 3211 870 3266 erl.
918 3201 963 3264 Te
988 3223 1081 3268 renum
1106 3205 1211 3282 labeo,

153 3307 243 3370 quem
253 3285 379 3371 dignum
392 3286 632 3372 regnejudicem.
655 3288 839 3352 ainemiuem
850 3287 998 3363 haberem,
1007 3290 1106 3370 perire
1119 3301 1147 3354 et
1159 3312 1213 3355 ex·

153 3373 274 3455 stingui
284 3374 317 3434 id
331 3372 459 3450 mollem,
475 3395 566 3457 quam
579 3375 690 3439 Perseo
703 3370 964 3455 coelectaesmudr'r
975 3375 1128 3454 premium
1140 3379 1212 3442 ecre.

155 3458 347 3523 Demetrium
365 3459 526 3522 excitatum
540 3460 581 3524 ol>
594 3458 698 3541 infmia
710 3459 937 3544 restitutmnquc
957 3461 1077 3523 credam
1091 3461 1174 3536 milti,
1188 3463 1215 3528 ri

157 3553 197 3620 te,
214 3543 266 3626 qui
286 3543 374 3608 nrorti
392 3543 564 3626 innocentis,
579 3547 631 3629 qui
651 3568 716 3610 meo
740 3543 855 3626 infelici
878 3546 971 3610 errori
994 3567 1069 3610 unus
1094 3546 1214 3612 inlacri-

156 3629 257 3706 nmsti,
269 3629 301 3692 iu
316 3628 412 3691 lomim
426 3627 490 3714 q‘m
503 3631 693 3694 minitatum
703 3632 879 3714 relinquam.
923 3630 977 3696 Ab
992 3631 1054 3695 hcc
1069 3639 1214 3697 sermone

156 3715 243 3780 omni
258 3735 374 3798 genere
389 3715 517 3796 honoris
537 3717 713 3802 producere
735 3737 808 3782 eum
827 3738 892 3781 non
914 3716 1044 3783 destitit.
1066 3739 1163 3802 quum
1180 3718 1215 3784 in
1238 3771 1241 3777 ,

195 3963 221 4005 ιι
239 3959 314 4008 Μ
323 3957 444 4025 matam]
456 3961 520 4022 Lege
530 3975 584 4008 cum
595 3961 673 4010 Tano-
705 3962 797 4024 emptis.
830 3961 885 4008 Vid.
895 3962 1026 4010 cretionem
1038 3961 1133 4013 Quintil
1144 3962 1174 4008 ud
1182 3963 1217 4010 Α·

158 4023 235 4100 qpillo
251 4025 339 4072 Fabam
350 4027 420 4107 sorte
433 4026 544 4104 allatam.
577 4027 672 4104 Grono·
705 4029 793 4082 chace,
805 4027 911 4074 XXXV.
922 4033 965 4078 49.
999 4094 1005 4108 ·

157 4091 673 4206 m„
706 4090 1148 4219 tremerem

157 4219 236 4266 eamr.
267 4220 373 4267 Materia
388 4223 451 4271 culm
468 4222 583 4271 emtionis
600 4221 675 4270 dirce-
706 4223 743 4270 fra
765 4223 940 4286 Philippua'ed
962 4223 1128 4284 Antigonum:
1157 4222 1219 4277 Quo-

158 4287 191 4330 ta
206 4282 233 4328 ln
249 4283 398 4345 indirectam,
408 4289 515 4348 quamria
530 4302 580 4336 non
593 4287 676 4336 dmo-
706 4290 774 4336 aim
785 4288 812 4334 iu
822 4289 1008 4348 confortarem
1017 4291 1072 4336 crat
1084 4320 1090 4336 .
1102 4322 1108 4336 .
1120 4294 1149 4334 at
1158 4287 1222 4334 erti-

32 4369 36 4376 ·
157 4347 338 4408 dumimqucua
350 4350 391 4412 tit,
403 4366 452 4400 non
465 4358 674 4403 caret'temcncx·
708 4359 746 4401 tce
756 4353 833 4402 aaut.
845 4383 852 4400 .
864 4353 1131 4416 opinatorem.

201 4430 277 4478 von.
295 4433 350 4480 111.
738 4416 784 4482 nl
