3126 4978
481 205 576 265 LlB.
596 201 741 264 XXXVI.
768 203 872 263 CAP.
893 203 932 262 X.
1164 203 1222 268 245

162 367 428 523 meepltibsuturam
453 390 511 436 rex
535 368 576 436 a'd
604 365 820 436 conciliandos
842 366 1069 432 Larisaeorum
1099 367 1367 441 animosucfser.

164 475 200 520 cr
243 478 260 520 e
283 467 325 522 gt,
662 503 665 512 ,
727 519 730 526 γ
1230 457 1367 508 ΔΟΛθΙ.

152 597 156 606 .
205 541 250 606 X.
273 541 364 608 Intra
377 540 535 608 decimum
558 541 654 618 diem,
677 561 773 626 quam
791 539 910 604 Pheras
924 553 1062 616 venerat,
1079 539 1128 607 his
1149 561 1221 626 per-

163 625 480 707 fectisrCrsnonem,
502 626 663 712 profectus
685 647 758 691 cum
781 638 849 702 toto
870 624 1020 706 exercitu,
1039 626 1144 711 primo
1165 627 1223 696 ad·
1315 676 1317 680 -

161 726 259 778 uentu
281 715 372 799 cepit.
395 714 471 780 inde
494 715 662 800 Cypreram
685 725 717 778 et
737 710 955 798 Metropolim,
974 724 1005 776 et
1027 713 1064 776 iis
1086 714 1222 781 circum·

154 798 243 883 jecta
264 799 390 866 castella
411 799 548 884 recepit3
571 799 740 885 omniaque
755 799 821 884 jam
845 798 990 886 regiones
1012 799 1088 883 ejus,
1104 815 1222 885 praeter

152 886 313 950 Atracem
335 900 367 952 et
382 886 571 972 Gyrtonem,
594 887 806 971 impotestate
830 897 931 950 erant.
976 883 1063 953 Tum
1088 885 1222 973 adgredi

151 970 323 1038 ‚Larissam
344 972 523 1039 constituit:
547 982 633 1037 ratus
648 971 697 1036 vel
718 983 839 1036 terrore
859 973 1221 1060 ceterarum'expugna·

160 1069 276 1136 tarum,
293 1057 342 1122 vel
364 1057 517 1124 beneficio
538 1058 679 1144 praesidii
699 1056 829 1134 dimissi,
844 1056 894 1122 vel
916 1057 1062 1143 exemplo
1076 1071 1124 1122 tot
1144 1058 1221 1124 civi·

160 1143 275 1208 tatium
301 1144 484 1210 dedentium
503 1167 580 1222 sese,
603 1165 669 1209 non
692 1142 777 1210 ultra
795 1143 829 1208 in
850 1143 1022 1228 pertinacia
1043 1165 1219 1212 mansuros.

159 1227 348 1314 Elephantis
372 1231 424 1318 agi
446 1231 636 1316 ente1signa
656 1229 786 1296 terroris
808 1247 919 1294 caussa
935 1229 1042 1315 jussis,
1063 1232 1219 1317 quadrato
1277 1261 1280 1266 ·
1358 1263 1361 1270 »

160 1317 288 1403 agmine
309 1317 351 1382 ad
371 1318 481 1382 urbem
507 1317 648 1382 incessite
674 1328 710 1381 ut
734 1315 847 1380 incerti
871 1316 1101 1382 fluctuarentur
1122 1317 1219 1384 animi

159 1424 286 1488 magnae
308 1405 407 1488 partis
423 1403 651 1468 Larissoeorum
666 1402 749 1466 inter
761 1400 915 1466 aametum
936 1418 1124 1486 praesentem
1146 1404 1219 1468 hos·

160 1487 242 1552 tium
269 1503 303 1554 et
331 1489 552 1556 verecundiam
581 1488 756 1554 absentium
787 1488 954 1552 sociorum.
1000 1488 1063 1554 Per
1091 1489 1218 1556 eosdem

159 1575 227 1654 dies
241 1575 449 1663 Amynander
468 1597 541 1641 cum
557 1575 773 1640 Athamanum
792 1573 960 1659 juventute
973 1590 1107 1659 occupat
1124 1575 1220 1640 Pelli-

159 1682 286 1726 narum:
310 1676 341 1728 et
360 1661 546 1748 Menippus,
562 1683 635 1726 cunr
657 1660 758 1730 tribus
779 1657 919 1724 millibus
940 1661 1080 1744 peditum
1095 1661 1219 1726 AEtolo-

158 1769 234 1810 rum
255 1761 287 1812 et
307 1748 452 1812 ducentis
475 1747 632 1834 equitibus
652 1746 685 1810 io
708 1745 923 1814 Perrhaebiam
945 1745 1115 1831 profectus,
1133 1746 1220 1812 Mal-

158 1833 256 1898 loeam
278 1846 310 1899 et
326 1834 469 1920 Cyretias
483 1836 516 1898 vi
536 1835 629 1918 cepit,
650 1832 924 1918 depopulatusque
945 1846 993 1897 est
1014 1855 1126 1921 agrurn
1143 1834 1219 1900 Tri-

157 1919 350 2006 politanum.
395 1919 460 1985 His
475 1921 590 2004 raptim
612 1918 927 2004 peractisplarissam
942 1917 985 1983 sd
999 1937 1107 2008 regem
1129 1920 1220 1986 rede·

158 2019 238 2071 unt:
260 2006 462 2086 consultanti,
477 2006 629 2092 quidnam
643 2005 803 2093 egendum
814 2017 894 2070 esset
908 2004 948 2069 de
962 2004 1098 2083 Larissa,
1110 2027 1220 2092 super-

158 2106 326 2159 venerunt.
369 2093 422 2158 Ibi
436 2093 469 2156 in
484 2093 643 2158 diversum
667 2091 830 2157 sententias
846 2090 1035 2157 tendebant:
1059 2092 1140 2170 aliis,
1157 2094 1219 2159 rim

157 2178 386 2256 adhibendam,
402 2192 434 2244 et
448 2201 514 2247 non
529 2178 737 2244 differendum
755 2178 963 2254 censentibus,
979 2178 1056 2264 quin
1068 2179 1221 2264 operibus

156 2288 199 2330 ac
208 2264 363 2332 machinis
374 2265 468 2330 simul
480 2264 621 2351 undique
631 2264 753 2329 moenia
763 2263 1012 2351 adgrederentur
1022 2263 1140 2332 ³⁹urbis
1151 2267 1221 2334 sitm

156 2352 194 2418 in
214 2352 322 2438 plano,
338 2364 468 2437 apertae,
491 2351 658 2437 campestri
681 2349 820 2436 undique
840 2349 958 2416 aditur:
981 2350 1051 2415 aliis
1072 2373 1162 2416 nunc
1175 2354 1220 2416 vi-

146 2459 210 2508 res
237 2438 334 2516 urbis,
355 2460 555 2524 nequaquam
578 2436 690 2502 Pheris
716 2434 928 2515 conferenda,
953 2437 1219 2515 memorantibusr

157 2546 247 2590 nunc
261 2523 396 2589 hiemem
411 2538 443 2590 et
457 2537 582 2610 tempus
595 2523 670 2588 anni
684 2522 764 2586 nulli
778 2522 901 2588 bellicae
911 2523 974 2602 rei,
991 2524 1121 2590 minime
1135 2525 1220 2590 obsi·

156 2609 249 2676 dicni
277 2623 373 2696 atque
401 2609 631 2698 obpugnationi
660 2609 798 2694 urbium,
828 2621 949 2676 atum.
975 2609 1123 2692 'Incerto
1153 2614 1220 2701 regi

155 2696 243 2762 inter
263 2719 354 2784 spem
374 2711 558 2783 metumque
575 2695 669 2784 legati
692 2631 891 2772 aPharsalb,
907 2697 961 2782 qui
981 2695 1023 2761 ad
1042 2697 1220 2764 dedendam

156 2783 271 2848 urbem
286 2805 375 2850 suam
390 2781 471 2848 forte
485 2796 644 2870 venerant,
660 2781 783 2846 animos
805 2794 975 2846 auxerunt.
1021 2781 1071 2848 M.
1089 2783 1219 2848 Baebius

155 2869 297 2948 interim,
312 2891 385 2934 cum
403 2869 553 2955 Philippo
575 2868 608 2932 in
622 2867 813 2932 Dassaretiis
830 2887 1026 2953 congressus,
1043 2869 1107 2953 Ap.
1124 2869 1220 2934 Clau-

145 2955 248 3040 ‘dium
264 2979 301 3020 ex
316 2955 476 3020 communi
492 2954 625 3020 consilio
638 2952 680 3020 ad
699 2952 884 3054 praesidium
900 2953 1037 3017 Larissae
1054 2954 1220 3042 misit,'qui

138 3079 140 3084 ·
156 3063 217 3126 per
232 3041 456 3116 Macedoniam
474 3041 596 3129 mugnis
608 3041 771 3106 itineribus
781 3039 814 3104 in
824 3040 938 3126 jugum
954 3039 1122 3120 montium,
1134 3043 1219 3127 quod

156 3148 255 3211 super
270 3129 404 3192 Gonnos
417 3139 474 3206 est,
490 3129 642 3214 pervenit.
687 3125 853 3212 Oppidum
868 3125 980 3192 Gonni
993 3126 1106 3214 viginti
1120 3127 1221 3196 millia

146 3215 199 3282 ‚ab
214 3213 342 3280 Larissa
356 3214 454 3293 abest,
471 3215 504 3278 in
518 3215 595 3299 ipsis
608 3213 752 3280 faucibus
768 3212 875 3292 saltus,
887 3235 960 3300 quar
975 3211 1099 3298 Tempe
1110 3213 1220 3300 adpel-

155 3299 275 3381 lantur,
290 3300 396 3365 situm.
441 3299 493 3365 Ibi
514 3314 617 3366 cestra
638 3313 772 3386 metatus
792 3300 895 3375 latius,
910 3321 1004 3385 quum
1024 3321 1085 3383 pro
1105 3301 1217 3388 copiis,

155 3399 190 3451 et
203 3383 323 3472 plures,¹
338 3408 433 3474 quarn
449 3398 527 3474 quot
548 3388 622 3452 satis
645 3388 677 3450 in
701 3407 792 3451 usum
816 3396 916 3463 erant,
932 3388 1023 3473 ignes
1045 3406 1142 3472 quum
1165 3411 1218 3456 ac-

404 3543 418 3585 (t
430 3541 455 3587 s'a
463 3541 545 3602 plano,
556 3546 650 3600 aparte
660 3555 679 3586 c.
691 3539 808 3598 assertis
819 3537 889 3584 adita
897 3539 973 3586 Gron.

180 3675 221 3722 ,³8
239 3669 478 3732 Metumpraereatest
486 3664 601 3730 Matium]
616 3667 673 3715 Mn·
704 3659 784 3716 Primo
794 3669 867 3727 enim,
879 3670 920 3730 qui
939 3669 1054 3732 distingui
1067 3675 1148 3733 polest
1164 3687 1219 3736 pars

156 3739 234 3793 retus,
256 3737 428 3796 parentiam.-
459 3740 535 3781 recte:
566 3733 673 3794 sequitur
705 3735 842 3794 campestria
853 3735 986 3782 incumbe
997 3749 1049 3796 que
1065 3737 1173 3785 absolute
1184 3740 1221 3786 di·

156 3799 233 3858 eninr,
245 3801 379 3847 absentium
389 3801 512 3847 imbrum.
705 3804 772 3845 catur
782 3799 831 3846 sita
847 3800 874 3846 in
886 3799 975 3860 plano?
991 3801 1083 3856 Deinde
1093 3805 1145 3850 Jao.
1157 3803 1219 3852 Gro-

190 3871 223 3914 89
237 3865 308 3912 Urbis
314 3867 406 3912 matu
414 3867 673 3928 plaao,apertae,ctrm·
706 3865 792 3911 novius
806 3865 906 3912 affirmat
917 3879 997 3914 rocem
1007 3867 1098 3926 facilis
1112 3869 1138 3915 in
1149 3869 1218 3915 MSS.

153 3930 234 3992 pectre·
249 3925 443 3993 undiqusadita]
460 3931 521 3976 Urbs
533 3933 672 3991 operteat,
705 3935 864 3978 nonexrtare·
899 3930 964 3980 Idem
979 3932 1008 3978 de
1023 3946 1072 3980 uno
1087 3933 1218 3980 esuirtes·

157 4007 231 4054 qusm
242 3995 591 4058 facilequiririntrsrepotert.
607 3993 671 4041 Urbs
704 3999 770 4042 tatur
788 3995 924 4044 Heernius:
951 4001 980 4042 ut
999 3996 1097 4044 dubium
1119 4011 1167 4044 non
1186 3998 1218 4044 sit

155 4059 375 4122 cooperatorius,
386 4075 414 4107 es
425 4066 525 4122 estque
541 4073 573 4107 ex
588 4059 670 4121 plano,
704 4060 768 4108 illam
782 4075 862 4108 rocem
879 4062 994 4124 adjectam
1012 4075 1062 4108 esse
1077 4061 1107 4108 ab
1125 4063 1153 4108 iis
1166 4063 1216 4121 qui,

155 4138 186 4170 ex
223 4125 349 4188 campestri
387 4126 473 4174 aditur.
504 4125 671 4189 Expressimus
704 4139 805 4187 quonia
830 4133 884 4174 arte
893 4134 1021 4188 campestri
1032 4124 1138 4186 inlibris
1149 4126 1215 4178 inre.

156 4189 297 4251 scripturam
308 4191 373 4240 Viot.
384 4191 481 4250 codicis,
489 4205 544 4239 com
555 4205 603 4253 quo
614 4203 671 4237 con·
704 4193 793 4249 nitent,
809 4141 929 4240 laboranti
947 4192 1071 4238 sententia
1093 4191 1217 4242 subvenire

155 4256 232 4302 sentit
245 4255 362 4304 Andreas.
395 4257 500 4320 Vulgata
517 4259 671 4305 omnino'to·
703 4257 840 4317 voluerunt,
851 4258 935 4316 idest,
947 4257 1031 4320 sitium
1047 4255 1105 4304 ritio
1124 4256 1216 4310 addide-

152 4317 223 4368 lereti
232 4333 283 4369 non
291 4325 398 4382 potent:
416 4323 542 4380 arhiesr'ne
552 4325 579 4369 ἐκ
583 4323 669 4384 plano,
702 4329 767 4370 runt.
1121 4336 1124 4340 ·

152 4379 584 4451 sparseraawestrt'dndt'q'uefaeitir
592 4387 669 4435 adita.
