3136 4982
378 191 675 264 trn.xlxxv1n.
703 203 805 263 cnr.
829 199 975 262 xxxvl.
1147 203 1206 274 369
1236 183 1241 192 ²

143 364 269 448 dedisse
283 367 473 452 inscriptum
493 379 567 432 est..
593 369 637 434 Et
658 367 826 432 duodecim
851 367 877 406 ¹⁹
885 365 986 450 clipea
1008 372 1137 444 auratad
1162 361 1202 429 ab
1214 381 1244 430 tt.
1255 381 1281 430 c.
1294 389 1348 431 ssa.

143 451 287 516 sedilibus
312 452 486 530 curulibus,
512 454 549 518 P.
574 445 710 518 Claudio
735 451 894 516 Pulchro‘
916 465 948 515 ct
977 453 1045 516 Ser.
1060 451 1278 537 Sulpiciae-⁰·
1295 457 1347 500 ¹⁸⁹·

141 537 261 614 Galba,
282 551 355 603 sunt
367 538 469 624 posita
484 561 523 603 ex
538 542 682 625 pecunia,
698 537 995 626 qua=frumcntarios
1008 537 1034 580 ²⁰
1044 537 1087 601 ob
1101 558 1201 602 anno-

142 645 217 688 nam
243 645 452 710 compressam
478 625 680 690 damnarunt.
705 641 736 689 et
764 624 864 689 aedilis
889 622 989 709 plebis
1014 625 1052 692 Q.
1072 623 1200 688 Fulvius

144 709 279 774 Flaccus
293 711 358 774 duo
372 711 462 798 signa
483 724 603 788 aurata,
618 710 711 774 ²1uno
726 732 779 774 reo
794 710 954 786 damnato,
971 714 1058 792 (nam
1074 731 1199 794 separa·

144 795 201 860 tim
222 799 455 878 accusaverant)
471 798 584 881 posuit.
606 797 726 884 collega
746 798 812 882 ejus
836 798 878 860 A.
895 795 1043 860 cecilius
1058 795 1084 834 ²¹
1096 797 1198 859 nemi-

143 902 217 946 nem
233 883 462 947 condemnavit.
506 880 590 946 Ludi
605 883 740 946 Romani
757 897 815 956 ter,
827 880 940 965 plebeii
957 882 1123 967 quinquies
1138 883 1195 946 toti

143 969 318 1034 instaurati.
342 968 391 1032 M.
405 969 549 1033 Valerius
566 967 715 1033 Messalla
725 967 799 1032 inde
813 980 844 1032 et
860 967 898 1031 C.
911 967 1020 1032 Livius
1037 967 1235 1036 Salinatoru.
1248 981 1275 1025 c.
1287 985 1342 1027 aar.

141 1053 340 1118 consulatum
365 1055 469 1120 idibus
494 1055 619 1120 Martiis
647 1076 745 1140 quum
774 1053 904 1118 inissent
915 1057 931 1129 ¹,
959 1054 1000 1116 de
1022 1046 1342 1157 republicaffllzfflo·

142 1139 246 1225 deque
266 1140 436 1225 provinciis
451 1153 482 1205 et
495 1140 681 1205 exercitibus
701 1152 842 1203 senatum
863 1138 1098 1204 consuluerunt.
1140 1127 1351 1222 De0,'L„5,¹’

141 1225 266 1290 AEtolia
280 1239 311 1290 ct
325 1227 403 1290 Asia
416 1223 495 1290 nihil
511 1238 668 1290 mutatum
688 1241 744 1290 est.
789 1225 990 1302 Consulibus,
1006 1225 1096 1289 alteri
1113 1225 1194 1292 Pisae
1204 1241 1269 1285 coa.

141 1333 213 1376 curu
232 1313 410 1398 Liguribus,
426 1311 516 1392 alteri
532 1311 639 1377 'Gallia
659 1312 822 1398 provincia
841 1311 967 1376 decreta
988 1323 1045 1376 est.
1069 1304 1340 1398 compa-¹³¹⁰'¹¹¹⁰⁵²·

139 1419 214 1461 rare
235 1399 318 1462 inter
341 1421 384 1476 se,
408 1411 463 1464 aut
491 1398 595 1462 sortiri
616 1399 705 1484 jussi,
731 1411 764 1462 et
787 1416 885 1462 novos
913 1397 1079 1474 exercitus,
1107 1399 1196 1464 binas

139 1481 289 1584 legiones,
310 1483 457 1560 scribere,
478 1497 510 1549 et
533 1496 569 1548 ut
591 1484 683 1548 sociis
704 1483 812 1548 Latini
834 1481 970 1548 nominis
992 1484 1097 1568 quina·
1114 1484 1197 1549 dena

139 1570 239 1634 mtllia
260 1571 411 1654 peditum,
433 1571 634 1656 imperarent,
657 1583 689 1634 ct
709 1568 795 1632 naille
816 1581 870 1632 et⁸
891 1569 1045 1634 ducentos
1066 1573 1195 1655 equites.
1291 1653 1293 1658 Ι

141 1653 301 1738 Messallae
317 1657 462 1744 Ligures,
480 1654 645 1722 Salinatori
661 1656 777 1742 obtigit
792 1653 908 1720 Gallia.
954 1655 1110 1720 Praetores
1121 1655 1196 1720 iude

139 1743 242 1808 sortiti
271 1755 355 1808 sunt.
400 1742 450 1808 M.
475 1741 611 1806 Claudio
647 1742 779 1818 urbana,
811 1741 848 1806 P.
865 1740 1001 1805 Claudio
1029 1743 1196 1828 peregrina

132 1827 314 1914 jurisdictio
327 1829 440 1894 evenit.
485 1827 528 1904 Q.
546 1827 688 1892 Marcius
709 1827 859 1903 Siciliam,
878 1827 917 1892 C.
935 1827 1102 1892 Stertinius
1120 1829 1194 1892 Sar·
1243 1863 1246 1876 .

137 1913 269 2017 (liniam,
285 1914 327 1983 L.
344 1914 486 1980 Manlius
503 1914 692 2000 Hispaniam
704 1913 893 1990 citeriorem,
911 1912 949 1978 C.
963 1891 1091 1990 Atinios
1112 1914 1193 1979 ulte·

137 2023 253 2065 rtorcm
269 2015 316 2066 est
330 2003 467 2067 sortitus.
568 2033 573 2046 ν
766 2035 768 2040 ·
1143 2015 1145 2019 ’

180 2085 348 2153 XXXVI.
361 2088 425 2153 .De
448 2088 635 2154 exercitibus
661 2091 705 2154 ita
726 2090 855 2173 placuit.
874 2112 891 2152 c
911 2089 1016 2154 Gallia
1042 2088 1189 2175 legiones,
1199 2113 1331 2160 tresanus.

135 2193 210 2259 quta
224 2174 284 2238 sub
300 2173 338 2238 0.
356 2174 457 2238 Laelio
473 2173 606 2253 fuerant,
622 2175 662 2240 atl
680 2175 730 2240 M.
741 2176 896 2241 Tuccium
912 2189 1141 2258 proproetorem
1158 2177 1189 2240 in
1315 2203 1318 2208 ¹

137 2260 281 2325 Bruttios
295 2259 434 2338 traduci:
455 2275 498 2338 et,
514 2261 568 2346 qui
584 2262 616 2324 in
637 2261 743 2326 Sicilia
761 2270 851 2337 es‘set,
867 2260 983 2324 dimitti
995 2263 1191 2326 exercitum:

134 2359 168 2410 ct
182 2345 323 2427 classem,
339 2369 411 2431 quae
425 2346 471 2411 ibi
486 2362 577 2423 esset,
593 2347 726 2422 Romam
739 2348 887 2412 reducere
903 2345 951 2409 M.
969 2347 1192 2430 Sempronium

133 2447 378 2517 propraetorem.
424 2433 589 2517 Hispaniis
604 2433 741 2520 legiones
763 2432 905 2517 singulae,
923 2453 994 2518 quae
1016 2446 1085 2497 tunt
1107 2435 1194 2498 iniis

133 2518 306 2603 provinciis
328 2531 427 2599 erant,
444 2519 595 2604 decretae:
617 2527 650 2583 'et
672 2532 708 2583 ut
728 2534 823 2594 terna
844 2518 942 2584 millia
963 2519 1118 2604 peditum,
1134 2520 1193 2584 du·

133 2624 230 2670 cenos
244 2604 363 2690 equites
377 2604 473 2684 ambo
480 2618 638 2691 praetores
652 2605 684 2668 in
708 2605 960 2755 supglementum
983 2605 1074 2670 sociis
1093 2606 1192 2690 impc-

132 2703 252 2770 sarem,
269 2711 436 2778 secumque
456 2703 717 2773 transportarent.
792 2692 951 2776 riusquam
968 2691 1001 2754 in
1016 2691 1192 2776 provincias

132 2777 210 2841 nori
240 2799 269 2840 m
315 2778 440 2858 istratus
469 2776 755 2862 proficiscerentur.
779 2775 966 2860 supplicatio
996 2777 1028 2840 in
1050 2778 1191 2841 triduum

132 2863 228 2947 ”pro
256 2799 390 2950 cbilegio
418 2862 669 2932 decemvirorum
698 2863 850 2947 imperata
878 2860 938 2925 fuit
974 2861 1005 2924 in
1043 2863 1191 2926 omnibus

132 2948 290 3034 compitis,
305 2949 425 3036 ²⁴quod
448 2949 519 3014 luce
542 2949 626 3012 inter
647 2947 759 3012 boram
780 2949 903 3012 tertiam
926 2946 1023 3011 ferme
1044 2961 1076 3012 et
1095 2970 1190 3033 quar-

131 3041 197 3103 tam
226 3035 371 3115 t'enebrae¹
395 3035 518 3102 obortae
546 3033 679 3100 merant.
715 3049 747 3098 et
771 3033 972 3099 novemdiale
1000 3032 1336 3098 sacrificiumnucetena.

130 3169 426 3286 Eddaememcm'
491 3171 748 3224 smegma,1,goed‚
813 3162 1018 3224 sarmatiae.
1083 3117 1351 3230 terdelbwonoe'

129 3337 268 3386 consulatus
285 3341 510 3398 esae'perfuuotum,
523 3354 570 3387 uon
588 3355 643 3388 vero
675 3340 745 3388 siutul
768 3352 884 3388 accusare.
919 3339 966 3386 Hic
988 3339 1060 3396 igitur
1082 3339 1191 3390 observat
1295 3351 1302 3364 ·

128 3411 189 3450 tunc
206 3403 326 3452 consulam
345 3419 369 3452 se
389 3405 470 3463 fuisse,
489 3419 565 3464 quum
584 3403 643 3452 illud
676 3406 766 3462 Livius,
783 3407 826 3451 hos
845 3407 923 3452 aediles
941 3406 1065 3465 separatim
1084 3419 1190 3452 accirem·

128 3469 219 3516 donum
231 3469 304 3517 daret
676 3485 711 3528 aa,
727 3471 750 3517 id
767 3475 813 3530 art,
825 3484 873 3516 non
890 3471 1009 3517 communi
1026 3471 1125 3516 consilio
1141 3483 1191 3516 tm·

166 3536 194 3580 ts
212 3533 301 3596 Clypea
317 3530 404 3596 mata]
428 3535 468 3582 Aa
488 3549 537 3581 non
554 3535 643 3595 potius,
676 3537 718 3582 bos
729 3535 811 3582 iisdem
828 3536 883 3592 reia,
895 3536 935 3581 sed
946 3535 1018 3582 aliurn
1035 3536 1075 3582 alii
1087 3536 1147 3584 dicut
1160 3537 1189 3584 ad

128 3597 242 3644 astrata?
264 3599 298 3646 Et
317 3600 351 3645 sic
370 3599 442 3646 babet
461 3614 523 3647 uuus
540 3615 553 3646 c
572 3601 642 3648 MSS.
675 3601 790 3660 populum
801 3599 893 3646 dixisse.

127 3659 238 3709 flosculi.
707 3665 897 3712 22‘Ncmirrem
913 3660 1087 3726 conderaaauil]
1112 3666 1148 3712 Ex
1160 3667 1188 3712 iis

161 3733 194 3774 att
213 3727 247 3774 ot
268 3741 387 3776 mamam
410 3724 576 3792 cmprearam]
604 3730 643 3777 Ob
674 3742 734 3789 quor
759 3743 812 3778 reor
838 3730 904 3788 lectt,
925 3745 995 3778 nemo
1019 3731 1189 3794 condemnatus

126 3805 287 3854 compressum
315 3799 340 3840 et
366 3799 484 3840 retentum
503 3795 566 3841 dotui
592 3795 641 3841 fru-
674 3800 717 3842 cat.
1066 3795 1070 3808 ¹

124 3863 246 3916 mentum,
257 3859 320 3904 nude
335 3873 432 3906 annona
446 3859 532 3906 arctior
547 3873 574 3906 ac
590 3873 643 3920 pro-
708 3866 739 3906 28
757 3859 808 3906 Pro
827 3861 924 3922 attegio
938 3856 1132 3921 decmvtrmm]
1146 3861 1188 3908 Vi-

123 3920 183 3968 intlc
193 3923 268 3984 carior
278 3923 340 3971 iacta
351 3925 435 3972 fuerat.
514 3966 517 3971 .
676 3925 745 3971 datur
754 3925 800 3988 (liei
810 3926 950 3986 supplicatio
961 3927 1075 3988 imperata
1083 3941 1127 3988 pro
1142 3927 1189 3970 col·

160 3991 189 4032 st
212 3987 263 4034 Uno
280 4001 320 4035 reo
332 3989 452 4046 marato,
468 3989 536 4053 (aum
546 4004 641 4050 separa·
675 3987 738 4049 legio
756 3989 947 4048 decemuirorum,
959 3991 981 4038 id
1000 3997 1046 4050 est,
1057 3991 1189 4037 sanetius-

124 4052 174 4098 ἰὴ»
191 4053 372 4115 accusaverant]
394 4055 482 4101 AEdilcs
501 4055 644 4102 accusabant
675 4057 767 4101 ratione
787 4060 812 4102 ct
835 4056 905 4113 lotan
933 4057 1024 4116 collegii
1045 4056 1189 4102 decemtiro·

124 4117 300 4178 adpopuium:
317 4119 570 4179 populusjudexcrat.
596 4120 643 4168 lta
677 4133 739 4176 rum,
752 4121 947 4178 quemadmodum
965 4121 1012 4167 tere
1029 4121 1044 4166 l.
1062 4120 1188 4166 tv.c.tr.

123 4195 173 4242 quc
190 4197 260 4243 quarn
272 4197 345 4230 vreum
365 4183 452 4230 dicitur
470 4185 592 4234 damnasse
612 4185 643 4236 Q.
674 4199 718 4245 pro
729 4185 962 4246 eodegr'iseatcats'a.

123 4247 237 4306 rotans,
248 4249 270 4294 it
280 4247 447 4309 intelligendus
463 4256 500 4297 cst
517 4266 531 4297 a
543 4251 573 4300 Q.
587 4249 642 4296 Ful·
709 4255 738 4294 Μ
759 4251 828 4305 Quod
841 4251 911 4296 lace.
929 4282 936 4296 .
953 4281 960 4296 .
976 4248 1092 4294 densim
1104 4245 1190 4293 olortae

121 4312 166 4360 vio
180 4313 243 4361 editi
253 4327 307 4361 reus
318 4313 406 4371 lactus,
417 4316 530 4374 apopulo
546 4315 642 4361 damna·
668 4309 839 4376 sacrant]'0b
856 4315 971 4378 defectum
988 4311 1053 4360 solis.
1070 4312 1126 4362 Viti.
1138 4317 1190 4359 not.

120 4383 172 4424 tna
213 4379 328 4425 Praeterea
347 4378 455 4426 solebant
474 4379 552 4426 aediles
573 4380 643 4426 ambo
678 4378 1077 4438 1³.atll.XXXVll.c.4.auprs.

169 4457 246 4506 vot..
264 4463 317 4506 nr.
704 4462 726 4504 s
743 4444 762 4504 b
