3104 4976
306 238 366 290 200
617 235 639 278 Ἰ
701 225 976 292 T1TrL1v11
1028 231 1030 236 ’

145 410 177 458 ὓ.
184 410 217 456 ,0.
227 413 282 466 ι’»,θῡ.

144 475 175 522 A·
188 475 281 522 (2198.

307 393 386 460 chus
413 393 645 458 Antiocheam
667 394 809 458 omnium
832 395 984 476 primum,
992 399 1136 479 'praedura
1156 391 1194 460 de
1214 397 1369 482 Phiiippo

308 482 515 547 mmmmm
539 501 600 544 esse
622 479 737 556 dicere,
758 483 917 546 cutoriam
932 481 1118 559 AEtoicruas,
1137 493 1167 546 ut
1188 485 1308 550 ‘aduam
1332 489 1368 548 in

311 567 467 633 Graeciam
482 567 640 632 Romanis,
651 567 748 632 nulius
762 568 851 644 alios,
867 589 956 650 pisum
971 569 1104 646 AEtvtaa
1122 567 1256 643 deditae,-
1280 581 1311 634 et
1324 574 1371 634 etl

308 655 583 718 cincendumuires
604 654 718 717 eutdma
735 653 914 733 praebuisse.
934 653 1051 718 deinde
1069 668 1202 738 quantas
1222 657 1369 740 peditum

211 783 213 790 ,
308 737 640 824 equitumqusxeopias
663 738 828 822 praebituri
850 738 1011 804 Antiocho
1035 739 1078 804 ad
1103 741 1219 805 bellum
1242 735 1366 806 essent:

147 1337 282 1404 Nattabu·

148 1417 198 1464 lum
208 1416 278 1466 moli-

148 1487 194 1530 Μ’
255 1547 260 1552 ·
306 1516 403 1580 'donis
416 1517 456 1580 ad
471 1537 559 1580 suam
573 1532 715 1578 caussam
730 1514 887 1598 perduxit,
902 1515 981 1580 alios
994 1513 1204 1600 pertinaciter
1224 1517 1257 1580 in
1266 1519 1371 1580 'socie-

330 848 381 890 uae
396 824 467 889 loca
488 823 810 906 terrestribusnopiis,
827 846 906 910 quos
927 839 1040 910 portus
1060 827 1234 892 maritimis.
1266 827 1368 893 'Tum

308 849 350 979 de
365 908 515 996 Philippo
530 926 561 974 et
577 909 703 974 Nabide
716 909 742 948 ³⁸
752 909 852 974 libato
867 913 1029 977 mendacio
1043 913 1248 978 abutebatur:
1265 927 1369 997 paru-

308 1009 370 1062 tum
383 1008 543 1081 utrumque
555 999 599 1060 ad
616 997 820 1084 rabebluudum
834 1018 912 1062 esse.-
938 1009 969 1062 et
976 997 1110 1082 primum
1124 999 1271 1088 quamque
1284 1015 1371 1064 occu·

308 1087 421 1150 sionem
435 1085 638 1166 recuperandi
652 1105 783 1166 amque
792 1083 872 1148 delio
886 1086 1067 1163 amisissent,
1079 1083 1272 1168 adreptum,
1317 1084 1370 1150 Ita

309 1192 367 1254 psa
379 1183 479 1245 totum
488 1168 585 1252 'simul
595 1169 710 1234 orbem
719 1184 874 1234 terrarum
886 1169 989 1234 AEtoli
1001 1170 1373 1238 Romanisuouuitabant·

309 1255 439 1322 bellum.
461 1256 486 1296 ³⁹
495 1278 529 1319 re
552 1277 586 1320 es
596 1261 706 1322 tamen
720 1268 775 1320 aut
789 1257 956 1334 nummati,
969 1270 1024 1320 aut
1038 1257 1158 1322 tardius
1170 1258 1248 1322 moti
1262 1269 1346 1322 sunt.
1366 1264 1368 1273 '

335 1343 457 1410 .xl11.
480 1277 582 1407 Nabis
604 1341 766 1426 extemplo
780 1343 872 1406 circa
891 1363 1001 1407 omnes
1014 1344 1099 1408 vicos
1124 1345 1297 1408 maritimos
1311 1343 1370 1408 'dis'

311 1430 407 1506 misit,
432 1428 474 1494 ad
499 1427 665 1494 seditiones
690 1428 723 1490 in
746 1427 784 1492 iis
807 1428 997 1493 miscendas:
1028 1442 1062 1494 st
1083 1427 1162 1494 alios
1188 1429 1369 1515 principum

311 1615 374 1668 tate
397 1603 545 1678 Romana
568 1614 731 1665 manentes
752 1600 881 1664 occidit.
926 1601 1055 1667 Achaeis
1080 1603 1223 1666 omnium
1245 1602 1368 1667 matiti-

310 1709 437 1754 morum
459 1687 624 1752 Laconum
647 1685 837 1750 tuendorum
856 1709 880 1750 a
894 1685 933 1751 Τ.
951 1687 1104 1763 Quinctio
1124 1709 1199 1754 cura
1221 1689 1372 1754 mandata

310 1789 387 1840 enat.
409 1774 516 1860 itaque
539 1771 697 1856 extemplo
718 1772 784 1836 ⁴⁰et
802 1772 1033 1858 sd-tyrarinum
1060 1774 1181 1862 legatos
1206 1776 1370 1852 miserunt,

291 1863 366 1946 'qui
386 1860 595 1926 admonerent
617 1857 742 1922 foederis
762 1880 835 1927 eum
853 1858 1002 1939 Romani,
1017 1859 1313 1948 mundanamque,
1328 1883 1371 1926 ne

310 1969 432 2032 pacem,
459 1964 554 2030 quam
580 1956 746 2028 tantopere
767 1945 907 2028 petisset,
927 1947 1092 2010 turbaret:
1120 1960 1153 2012 et
1178 1949 1301 2014 auxilia
1328 1948 1371 2014 ad

312 2032 479 2118 Gythium,
503 2031 589 2116 quod
604 2031 672 2116 jam
690 2029 935 2118 obpugnabatur
957 2051 984 2094 a·
1002 2047 1148 2118 tyranno,
1164 2047 1197 2098 st
1219 2032 1369 2112 Romam,

311 2121 365 2204 qui
391 2141 428 2182 sa
451 2117 649 2192 nunciarent,
675 2117 794 2203 legatos
823 2118 985 2182 miserunt.
1031 2119 1209 2186 Antiochus
1236 2141 1302 2202 rex,
1332 2143 1370 2185 ea

218 2279 221 2286 ¹
311 2205 415 2268 bieme
442 2203 579 2288 Raphiae
605 2203 637 2266 in
666 2202 816 2268 Phoenica
840 2203 1014 2268 Ptole'tnaeo
1042 2207 1109 2294 regi
1138 2207 1271 2295 AEgypti
1307 2207 1371 2270 iilia

146 2815 231 2878 legati

148 2883 219 2930 Rom.
230 2880 259 2928 ad

149 2947 304 2997 Antiochum.

310 2291 344 2354 in
366 2289 603 2359 matrimonium
625 2289 710 2370 data,
725 2312 822 2374 quum
840 2290 1045 2355 Antiochiam
1067 2313 1100 2356 se
1121 2295 1298 2380 recepisset,
1314 2309 1371 2380 pet¹

310 2376 466 2454 Ciliciam,
479 2375 591 2440 Tauro
603 2389 711 2440 monte
724 2389 884 2460 superato,
896 2387 1042 2441 'entismo
1051 2379 1118 2464 jam
1133 2379 1245 2449 hiemis
1261 2380 1370 2464 Ephe-

310 2481 381 2526 sum
402 2462 561 2546 psrsenit:
585 2462 660 2525 inde
682 2462 839 2548 principio
853 2463 944 2541 veris,
962 2463 1122 2530 Antiocho
1143 2465 1210 2530 filio
1225 2468 1320 2530 misso
1334 2467 1368 2530 in

312 2549 435 2636 Syriam
461 2549 500 2612 ad
527 2549 705 2614 custodium
731 2548 913 2614 ultimarum
936 2551 1074 2634 partium
1095 2572 1132 2614 re
1163 2552 1198 2630 i,
1219 2551 1369 2639 nequid,

311 2635 439 2700 absente
454 2655 497 2710 se,
514 2639 555 2699 ab
570 2649 661 2720 tergo
675 2647 863 2713 moveretur,
880 2635 947 2720 ipse
960 2657 1034 2700 cum
1052 2640 1138 2702 omni
1160 2653 1202 2704 'us
1214 2641 1371 2704 terrestri-

311 2721 373 2786 bus
394 2722 494 2806 copiis
517 2721 558 2786 ab
582 2720 716 2799 Pisidas,
756 2722 893 2788 uteres
908 2722 931 2762 ⁴¹
944 2724 1052 2788 Sidam
1072 2724 1224 2802 incolunt,
1238 2726 1371 2811 ¹obpug-

311 2808 435 2872 naudos
454 2821 500 2872 est
523 2806 690 2892 profectus.
806 2823 949 2894 tempore
968 2809 1063 2896 iegati
1082 2812 1224 2875 'Romani
1241 2812 1278 2876 P.
1296 2812 1368 2876 Sui·

312 2894 413 2979 picius
431 2906 479 2960 stt
495 2894 533 2958 P.
550 2894 674 2972 Villius,
690 2897 745 2981 qui
765 2894 806 2958 ad
823 2895 1017 2960 Antiochum
1043 2897 1141 2978 (sicut
1153 2909 1227 2963 atita
1247 2898 1370 2962 dictum
1442 2913 1445 2920 ⁴

312 2982 371 3060 est)
384 2981 473 3045 ,missi
488 2993 586 3057 erant,
597 2982 676 3067 jussi
691 2982 778 3064 prius
794 2981 969 3046 Eumenem
990 2983 1088 3062 edire,
1105 2985 1223 3050 Eiuam
1238 3001 1371 3060 venere3

207 3119 212 3130 .
311 3066 387 3132 inde
411 3067 634 3153 4²Pergamum
662 3067 720 3150 (ibi
744 3067 833 3150 regia
856 3067 1008 3132 Eumenis
1035 3065 1109 3151 fuit)
1135 3069 1369 3150 escenderunt'.

314 3153 458 3238 Cupidus
479 3153 552 3218 belli
573 3154 721 3218 adversus
741 3153 937 3218 Antiochum
958 3155 1117 3221 Eumenes
1136 3171 1214 3237 erat,
1229 3179 1368 3245 gravem,

313 3240 340 3304 si
364 3263 429 3324 pax
456 3241 546 3317 essct,
568 3240 714 3304 adeolam
739 3252 829 3304 tanto
851 3241 1074 3330 potentiorem
1090 3265 1195 3330 regem
1222 3240 1371 3320 caudeam

204 3349 206 3354 ·
313 3327 469 3406 eumdem,
483 3327 510 3390 si
532 3327 654 3391 motum
676 3326 792 3390 balium
814 3340 905 3403 esset,
922 3345 986 3391 non
1006 3329 1114 3416 magio
1127 3351 1235 3412 parem
1252 3330 1372 3394 Roma-

313 3413 363 3476 nis
382 3411 458 3488 fore,
475 3435 569 3498 quam
592 3412 761 3497 Philippus
781 3412 906 3478 fuisset:
930 3431 1034 3478 etant
1053 3417 1194 3480 iimditus
1214 3417 1370 3482 sublatum

515 3570 561 3613 ”ct
572 3569 616 3616 dei.
628 3567 701 3616 Gran.
715 3569 784 3615 Creu.
907 3547 930 3602 *V
941 3539 1095 3624 ascenderam
1104 3573 1169 3620 aad.

348 3697 495 3743 dumhere
530 3702 651 3748 mendacio
679 3692 838 3766 abutebatur]
893 3709 924 3751 40
941 3705 979 3751 Et
996 3705 1029 3752 ad
1045 3714 1175 3768 tyranuum
1193 3707 1284 3766 legatos
1303 3710 1374 3754 mise·

316 3761 372 3809 Sine
393 3762 443 3808 uiio
459 3765 529 3811 modo
551 3767 580 3812 ad
603 3768 730 3815 utilitatem
752 3783 828 3816 causa
859 3765 929 3831 ruat]
945 3771 993 3816 Hic
1013 3773 1108 3819 verbum
1128 3774 1244 3819 maanus
1262 3787 1372 3834 supervu-
1439 3809 1446 3816 .

317 3842 364 3874 snae
386 3827 498 3875 utebatur
520 3830 627 3878 libertate
649 3834 779 3880 mentiendi
798 3835 828 3880 de
861 3847 930 3880 cuum
942 3841 988 3893 eat,
1000 3843 1026 3883 et
1042 3837 1121 3885 odiosa
1133 3838 1287 3894 inculcatum,
1298 3853 1372 3897 qtutm

318 3892 426 3954 Philippu
437 3899 462 3940 et
469 3895 561 3942 Nabide
573 3897 717 3945 absentibus.
746 3900 828 3950 Quum
860 3902 987 3960 reperiatur
998 3902 1059 3948 idem
1072 3904 1097 3948 in
1107 3905 1154 3949 fine
1165 3903 1345 3963 totiuapsriodi.

316 3956 440 4020 Phiiippus
459 3965 483 4005 et
499 3960 572 4008 Nabis
589 3963 707 4020 abessent,
725 3966 827 4011 Dicaer-
857 4012 859 4015 ,
888 3972 921 4011 tl
942 3964 1036 4029 Sidam]
1057 3969 1141 4028 scripti
1157 3973 1186 4013 ‘et
1205 3967 1294 4014 seteies
1313 3968 1371 4016 aditi

293 4055 298 4062 -
317 4023 376 4068 chus
394 4024 465 4071 lib‘ars
481 4027 550 4073 dsiis
567 4029 662 4074 mentiri
678 4035 786 4090 potarat:
803 4035 828 4076 st
860 4032 949 4078 Sieum.
973 4033 1080 4078 correxit
1091 4033 1230 4081 Glareanus.

317 4090 381 4148 qnod
399 4096 501 4156 poterat,
518 4093 542 4138 id
558 4095 656 4140 licenter
672 4097 779 4152 omniuo,
791 4096 828 4140 in·
863 4101 924 4142 '¹42
939 4097 1085 4157 Pegasum
1097 4131 1104 4144 .
1116 4132 1123 4145 .
1135 4095 1300 4162 ascenderunt]
1314 4094 1371 4144 Hoc

317 4155 694 4218 aavauaamaamamscunat.
756 4169 760 4175 ’
860 4160 952 4208 Gdieuii
980 4167 1022 4208 eat
1056 4165 1106 4209 dac.
1130 4163 1275 4222 Gronovius,
1297 4161 1371 4226 quain

348 4221 591 4284 sattuegeesamea]
612 4225 649 4270 Ex
663 4223 756 4270 dtsnbns
768 4225 827 4284 regi-
860 4227 939 4286 scripti
957 4232 982 4272 et
999 4228 1056 4274 editi
1073 4230 1175 4292 habeant
1192 4225 1370 4286 descenderunt,

317 4283 363 4329 bue
379 4285 447 4341 aues,
465 4301 549 4349 nempe
566 4285 698 4348 Phiiippus,
713 4283 761 4335 rien
776 4303 830 4335 mo·
861 4293 970 4338 emendat
986 4293 1035 4350 hic,
1051 4301 1079 4342 ut
1096 4297 1145 4355 jam
1163 4300 1219 4343 anta
1234 4297 1369 4357 aliquoties,

317 4355 357 4394 tus
368 4351 418 4395 a'sn:
437 4351 504 4411 ensi,
518 4355 660 4412 antiochus,
674 4355 763 4400 tardius
779 4369 829 4402 mo·
862 4359 1033 4405 οεοεηίὶενιιηι.1
1273 4364 1275 4372 “
1342 4357 1345 4366 ’

317 4418 407 4459 tutcst.
782 4443 784 4450 ι
948 4439 951 4446 ·
