3042 4954
361 171 399 224 ss
652 239 656 246 1
754 162 863 222 rrrr
890 162 1026 226 Lrvrr

202 351 234 398 u.
246 351 340 400 csse.
366 350 466 414 prope
481 325 663 414 justaacies
684 338 768 392 eret:
791 339 823 391 et
838 309 1070 405 Romhrrarum,
1086 326 1162 414 quis
1177 327 1422 403 mediumobss-

203 419 342 466 ΝΛΜ
366 415 462 483 derat.
470 415 540 492 iter,
557 412 685 499 plurimi
706 412 740 476 in
763 435 832 482 eam
854 410 1080 491 inferebantur.
1124 414 1175 480 Eo
1189 437 1424 502 quoqaasrtpe·

364 502 464 566 riores
481 499 676 566 Macedones
700 517 799 576 erant,
818 499 904 586 quod
919 511 951 564 et
966 521 1024 566 rex
1047 501 1114 583 ipse
1133 499 1279 566 hortator
1299 501 1422 578 aderat,

365 603 397 652 et
413 587 611 653 Cretensium
638 585 806 652 auxiliares
829 585 944 650 multos
965 585 1189 670 exinproviso
1202 587 1423 665 vulnerabant,

365 673 498 738 conferti
522 671 756 758 praeparatique
786 671 817 736 iu
847 671 1003 757 dispersos
1031 686 1063 736 et
1091 671 1205 740 effusos
1233 688 1424 764 pugnantes.

366 741 465 836 Quod
479 759 505 824 si
519 759 650 824 modum
665 758 698 822 in
714 758 907 844 insequendo
923 757 1112 835 habuissent,
1128 781 1192 824 non
1209 761 1240 826 iu
1257 761 1424 844 praessutis

181 909 187 916 ,
366 846 461 911 modo
481 845 662 912 certaminis
685 845 830 932 gloriam,
847 845 902 908 sed
923 845 957 908 in
979 867 1131 910 summam
1147 849 1242 912 etiam
1256 847 1425 932 helli'pro-

194 949 265 999 Μ
276 950 351 1012 rsper-
364 931 480 999 fectum
494 932 594 998 foretr
617 953 712 1009 nunc,
728 931 878 996 aviditate
891 930 987 996 credis
1000 931 1260 1018 intemperantius
1278 934 1425 1012 insecuti,

201 1015 268 1066 ¹³⁸⁸*-
308 1073 311 1080 .
365 1022 398 1084 in
413 1041 601 1108 praegressas
616 1039 688 1084 cum
703 1017 841 1083 tribunis
854 1017 991 1082 militum
1007 1018 1150 1084 cohortes
1167 1019 1330 1086 Romanas
1343 1021 1426 1086 iuci-

364 1106 457 1174 dere:
481 1122 513 1172 et
530 1104 653 1193 fugiens
675 1127 780 1191 eques,
795 1117 831 1170 ut
851 1105 956 1189 primo
978 1103 1068 1192 signa
1089 1127 1218 1171 suorum
1240 1107 1331 1184 cidit,
1344 1125 1426 1172 eorr-

365 1195 458 1258 rertit
474 1195 505 1258 in
520 1187 653 1258 effus‘um
668 1191 792 1256 hostem
812 1213 926 1277 equos:
950 1213 1101 1278 versaque
1122 1206 1284 1258 momento
1298 1199 1425 1278 tempo-

363 1281 407 1344 ris
435 1277 563 1345 fortuna
591 1301 709 1367 pugnas
738 1290 797 1359 est,
820 1289 908 1363 terga
932 1277 1090 1354 dantibus,
1115 1279 1168 1365 qui
1198 1280 1296 1344 modo
1320 1281 1425 1346 secuti

362 1375 463 1432 eraut.
508 1365 606 1430 Multi
627 1365 770 1430 cominus
792 1364 964 1452 congressi,
981 1364 1072 1428 multi
1086 1364 1240 1452 fugientes
1254 1365 1425 1434 interfecti.

358 1453 521 1518 mecfer‘ra
535 1465 658 1518 tantum
682 1451 814 1536 periere,
830 1451 883 1516 sed
907 1451 939 1514 in
965 1450 1095 1536 paludes
1120 1452 1250 1538 quidam
1273 1453 1423 1538 conjecti,

289 1577 299 1600 ι.
336 1593 340 1602 r
362 1538 525 1623 profundo
538 1539 616 1626 limo
630 1561 702 1604 cum
718 1537 795 1622 ipsis
810 1538 898 1624 equis
912 1536 1016 1602 hausti
1031 1550 1113 1602 sunt.
1160 1539 1234 1604 Rex
1249 1541 1424 1626 quoquein

236 1648 269 1668 ··¹
300 1658 302 1666 ⁴
334 1651 337 1662 ·
359 1625 506 1708 periculo
520 1624 594 1691 fuitr
617 1647 703 1705 nam,
718 1637 828 1688 ruente
842 1623 949 1688 saucio
968 1645 1062 1709 equo,
1077 1645 1218 1710 proeceps
1239 1627 1279 1690 ad
1302 1640 1424 1692 terram

339 1716 347 1798 J
361 1711 467 1792 datus,
479 1711 563 1776 haud
580 1714 714 1776 multum
729 1709 841 1788 abfuit,
857 1711 934 1795 quin
951 1711 1060 1794 jacens
1074 1712 1316 1794 obprimeretur.
1362 1713 1424 1778 Sa·

361 1798 422 1865 luti
443 1799 503 1864 fuit
524 1805 629 1884 eques,
645 1798 700 1882 qui
715 1797 830 1881 raptim
850 1797 917 1879 ipse
932 1795 1067 1874 desiluit,
1084 1798 1297 1884 pavidumque
1310 1821 1423 1883 regem

257 1937 261 1942 .
360 1886 523 1970 iaequum
538 1884 678 1969 subjecit.
725 1884 807 1968 lpse,
823 1905 921 1966 quum
937 1883 1032 1966 pedes
1046 1905 1173 1969 sequare
1186 1907 1280 1952 cursu
1293 1884 1423 1973 fugien-

184 1983 188 1992 ⁴
362 1983 409 2036 tes
425 1993 488 2034 non
504 1985 609 2054 posset
631 1970 760 2055 equites,
777 1969 817 2033 ab
831 1969 976 2036 hostibus
990 1969 1032 2034 ad
1046 1988 1154 2036 casum
1177 1971 1259 2059 regis
1281 1972 1425 2038 concita—

360 2057 401 2120 tis
414 2056 575 2122 confossus
595 2057 698 2140 periit.
745 2057 828 2132 Rex,
845 2057 1072 2122 circumvectus
1085 2053 1217 2141 paludes
1232 2059 1354 2144 perviss
1369 2050 1423 2123 in·

360 2143 488 2229 viasque
508 2143 632 2226 trepida
651 2142 736 2229 fuga,
752 2143 785 2206 in
809 2155 910 2208 castra
930 2142 1070 2222 tandem,
1086 2144 1153 2229 jam
1178 2144 1423 2229 desperantibus

257 2233 260 2241 “
359 2229 519 2317 plerisque
539 2229 732 2294 incolumem
755 2251 932 2306 erasurum,
952 2231 1104 2314 pervenit.
1147 2230 1289 2296 Ducenti
1305 2229 1421 2305 Maces

354 2315 480 2386 ‚donum
502 2317 622 2400 equites
643 2339 681 2382 eo
703 2315 817 2402 proelio
836 2317 966 2401 periere,
982 2330 1109 2381 centum
1124 2315 1222 2382 ferme
1236 2318 1339 2403 capti;
1359 2334 1421 2382 'oc-

354 2404 480 2491 toginta
495 2403 667 2483 admodum
684 2403 788 2468 ornati
799 2402 884 2488 equi,
893 2402 1001 2487 spoliis
1016 2403 1110 2469 simul
1121 2425 1282 2470 armorum
1298 2405 1421 2484 relatis,

296 2531 304 2542 -
358 2491 495 2556 abducti.
1213 2545 1216 2554 Δ

193 2584 350 2662 turicinum
401 2573 607 2642 XXXVIII.
631 2577 783 2652 Fuerunt,
796 2577 849 2661 qui
865 2573 927 2638 hoc
941 2576 993 2640 die
1009 2598 1114 2662 regem
1130 2577 1326 2656 temeritatis,
1338 2600 1420 2644 corr-

193 2649 326 2711 ‘⁰¹’¹⁰²'¹⁰·
356 2662 458 2730 sulem
483 2665 626 2751 segnitiae
649 2675 843 2727 accusarent.
868 2683 944 2726 nam
966 2674 998 2726 et
1013 2661 1165 2748 Philippo
1189 2664 1419 2749 quiescendum

147 2755 149 2760 ’
355 2749 460 2829 fuisse,
476 2773 573 2838 quum
588 2750 698 2836 paucis
712 2747 821 2812 diebus
836 2746 954 2826 hostes,
961 2747 1117 2816 exhausto
1130 2750 1213 2814 circa
1228 2752 1315 2816 omni
1324 2775 1418 2835 agro,

354 2837 396 2902 ad
423 2837 568 2902 ultimum
595 2837 713 2921 inopiae
739 2847 887 2900 venturos
915 2837 1024 2900 sciret:
1059 2852 1091 2902 et
1116 2837 1287 2915 consulem,
1315 2861 1418 2925 quum

355 2924 531 3010 equitatum
546 2923 686 2989 hostiurn
708 2922 871 3006 levemque
893 2935 1085 2988 armaturam
1105 2923 1246 3001 fudisset,
1263 2947 1300 2988 ac
1314 2947 1419 3010 prope

354 3033 461 3112 regem
476 3012 582 3097 ipsum
598 3013 739 3092 cepisset,
754 3008 900 3092 protinus
915 3009 954 3072 ad
964 3019 1066 3072 castra
1082 3011 1218 3075 hostium
1230 3011 1418 3078 ducerede·

330 3115 333 3125 ·
354 3097 469 3162 baisse.
493 3119 551 3161 nec
576 3097 661 3158 enim
684 3113 851 3158 mansuros
865 3093 909 3158 ita
930 3095 1088 3176 perculsos
1110 3095 1216 3162 hostes
1236 3095 1341 3174 fuisse,
1356 3099 1417 3163 de·

353 3184 526 3270 bellarique
542 3193 703 3246 momento
718 3179 868 3263 temporis
890 3181 1040 3265 potuisse.
1085 3183 1125 3248 Id
1140 3183 1239 3262 dictu,
1255 3207 1350 3270 quam
1365 3208 1415 3266 re,

353 3284 390 3334 ut
404 3271 564 3356 pleraque,
580 3267 709 3332 facilius.
731 3287 819 3346 nam,
835 3266 861 3329 si
882 3267 1030 3334 omuibus
1051 3269 1193 3354 peditum
1209 3293 1339 3356 quoque
1358 3294 1417 3336 co.

352 3357 413 3441 piis
433 3379 489 3422 rex
510 3375 696 3440 congressus
717 3352 836 3428 fuisset,
852 3352 982 3419 forsitan
1003 3355 1086 3421 inter
1111 3355 1292 3434 tumultum,
1313 3380 1415 3444 quum

353 3466 461 3507 omnes
475 3443 550 3508 victi
565 3454 715 3526 metuque
728 3439 867 3525 perculsi
880 3463 922 3505 ex
941 3441 1059 3525 ptoelio
1073 3443 1155 3508 intra
1167 3443 1296 3521 vallum,
1312 3447 1417 3530 proti.

351 3551 411 3594 nus
426 3529 500 3594 inde
515 3527 777 3614 supervadentem
793 3526 990 3592 munimenta
1004 3529 1155 3594 victorem
1175 3528 1299 3596 hostem
1321 3530 1415 3618 fuge-

350 3625 431 3691 rent,
455 3616 526 3680 esui
548 3614 657 3680 castris
681 3616 820 3700 potuerit
843 3636 909 3678 rex.
930 3627 1031 3700 quum
1056 3638 1131 3681 vero
1152 3617 1286 3706 integras
1309 3619 1416 3702 copias

349 3701 492 3785 peditum
512 3702 545 3765 in
568 3702 677 3767 castris
698 3701 895 3777 mansissent,
911 3702 1059 3766 stationes
1073 3715 1147 3766 ante
1169 3717 1286 3788 portas,
1302 3709 1417 3790 praesi-

350 3787 465 3874 dieque
490 3787 643 3874 disposita
672 3801 782 3862 essent,
807 3787 895 3874 quid,
922 3789 982 3851 nisi
1012 3800 1048 3852 ut
1077 3791 1284 3856 temeritatem
1315 3793 1413 3878 regis,

349 3874 446 3940 effuse
460 3876 567 3961 paullo
582 3889 654 3940 ante
675 3875 773 3940 secuti
792 3874 954 3958 perculsos
974 3875 1105 3960 equites,
1129 3876 1317 3955 imitaretur,
1332 3900 1414 3963 pro-

305 4003 311 4014 ,
347 3959 494 4028 fecisset?
516 3963 723 4050 nequeenim
746 3983 787 4024 ne
810 3962 893 4047 regis
918 3961 1046 4047 quidem
1068 3962 1208 4047 primum
1230 3965 1412 4045 consilinm,

348 4069 412 4134 quo
433 4049 576 4135 inpetum
602 4053 633 4114 in
657 4047 900 4112 frumentatores
921 4047 1042 4132 palatos
1064 4070 1121 4133 per
1143 4071 1238 4137 agros
1258 4050 1342 4128 fecit,
1360 4074 1413 4118 ro·

345 4135 608 4218 prehendendum
625 4137 715 4211 foret,
728 4136 753 4197 si
766 4134 895 4198 modum
908 4156 1069 4220 prosperae
1080 4157 1198 4224 pugnas
1211 4139 1413 4222 inposuisset.

348 4221 398 4286 Eo
413 4245 540 4312 quoque
560 4225 664 4287 minus
686 4234 732 4284 est
754 4221 880 4295 mirum,
898 4233 1032 4284 tentasse
1047 4243 1118 4284 eum
1135 4222 1306 4302 fortunam,
1322 4228 1412 4310 quod

344 4307 429 4376 fama
439 4325 515 4391 erat,
531 4311 712 4396 Pleuratum
726 4307 970 4394 Dardanosque,
986 4308 1167 4397 ingentibus
1177 4311 1277 4398 copiis
1288 4311 1413 4397 ptofec-
