3104 4976
266 219 400 296 Ι146
548 287 554 298 ,
709 203 1119 319 rrrrrervlr3,¹

172 375 309 472 unser»
329 385 398 470 jatn
416 382 618 461 nunciantes,
633 405 699 450 non
724 403 798 448 succ
820 383 930 462 modo,
952 382 1008 449 sed
1032 380 1128 448 ctiam
1149 380 1268 464 hostes,
1279 380 1400 470 ”tems

59 487 63 493 '
150 461 202 508 ‘'¹''
214 460 243 509 ⁰·
256 466 311 513 ¹⁹⁵·
325 469 477 538 ¹ilornani
491 469 604 536 auxilii
618 469 816 535 adventantis
827 470 1047 556 impleverunt.

377 557 481 636 XIII.
505 556 635 634 Consul,
650 557 706 622 ubi
732 557 815 634 setis,
839 557 926 644 quod
947 556 1140 642 inspeciem
1165 553 1234 634 fuit,
1256 566 1399 624 ostenta·

334 653 403 708 tum
416 658 475 721 est,
490 645 632 708 revocari
647 665 688 708 ex
710 643 842 708 naribus
868 642 981 710 milites
998 642 1100 729 jubet.
1123 643 1201 727 ipse,
1214 661 1315 728 quum
1330 641 1398 728 jam

334 731 366 794 id
389 745 513 816 tempus
538 731 615 795 enni
640 730 815 814 adpeteret,
830 739 898 817 quo'
938 729 984 795 eri
1005 753 1055 796 rea
1078 744 1216 816 possent,
1230 739 1335 806 cestra
1348 726 1400 792 hi-

334 820 433 894 berno
457 819 519 881 trie
544 817 661 881 milliac
674 839 823 908 passuum
849 818 891 882 eb
915 753 1078 902 llmporiis
1102 815 1220 901 posuit.
1242 813 1317 880 inde
1338 835 1401 900 per,

333 903 524 981 occasiones,
541 925 627 968 nunc
640 903 700 968 hac
715 918 919 989 pontenano
937 903 1009 979 illa3
1032 902 1159 970 modico
1182 900 1331 985 praesidio
1344 922 1399 968 ea-

334 993 406 1056 stris
428 990 548 1068 relicto,
567 991 746 1076 proedatum
770 990 886 1054 milites
907 991 940 1054 in
966 991 1103 1054 hostium
1124 1010 1217 1072 agros
1236 986 1400 1054 educebat.

336 1076 439 1142 Nocte
462 1077 561 1142 ferme
589 1077 884 1162 proficiscebantur,
911 1089 946 1142 ut
969 1089 1002 1142 ct
1026 1098 1121 1163 qnam
1144 1073 1329 1162 longissime
1342 1073 1401 1146 ⁵²a

334 1165 443 1228 castris
466 1163 684 1250 procederent,
708 1176 740 1228 et
761 1161 1201 1247 inopinatoslobprimerent.
1245 1162 1289 1228 Et
1309 1181 1401 1228 exer·

255 1283 257 1288 ·
335 1250 427 1316 cebet
440 1273 478 1316 ea
491 1272 540 1316 res
554 1271 654 1315 novos
669 1250 795 1327 milites,
811 1263 843 1314 et
863 1249 1003 1314 hostium
1025 1267 1142 1336 magns
1157 1249 1203 1314 ris
1217 1247 1402 1333 excipiebe,

212 1395 217 1400 .
335 1350 404 1402 tur:
428 1359 486 1403 nec
504 1340 572 1424 jam
596 1337 820 1424 egredijextra
851 1337 1045 1400 munimenta
1073 1334 1275 1400 castellorum
1300 1334 1400 1402 eude-

268 1475 269 1484 ,
334 1423 421 1488 bant·
468 1424 535 1490 Ubi
550 1424 624 1488 satis
639 1423 807 1488 admodum
823 1433 855 1486 et
868 1444 998 1488 suorum
1013 1435 1045 1486 et
1059 1423 1196 1488 boatium
1216 1421 1339 1486 animos
1353 1433 1405 1508 est
1502 1463 1509 1474 ·

334 1523 493 1598 expertus,
515 1511 684 1576 convocari
707 1511 863 1587 tribunos,
875 1507 1124 1596 ,praefectosque,
1139 1521 1171 1574 et
1188 1510 1316 1594 equites
1330 1511 1400 1572 oui·

79 1606 82 1616 “
174 1615 273 1661 catoni·
332 1619 399 1676 nes,
415 1611 448 1662 et
460 1599 664 1662 centuriones
671 1598 775 1684 jussit.
824 1597 964 1680 Tempus,
979 1595 1092 1682 inquit,
1109 1597 1190 1680 qnod
1202 1617 1282 1679 sepe
1295 1605 1400 1678 optes-

173 1680 290 1756 ⁰¹9310³d
333 1688 383 1762 tis,
399 1687 492 1762 venit,
503 1705 562 1769 quo
575 1685 659 1749 uobis
667 1685 904 1768 potestosfieret
914 1686 1055 1748 uirtutem
1070 1693 1197 1747 vestrum
1210 1684 1400 1763 ostendendi.

173 1746 268 1794 mune.
333 1771 441 1838 Adbuc
465 1774 639 1854 predonum
663 1773 771 1853 magis,
795 1791 885 1854 quom
905 1769 1094 1848 minamine,
1115 1770 1273 1834 mellonia
1297 1790 1401 1836 more.-

333 1881 414 1922 nnnc
424 1857 514 1941 justo
523 1879 634 1940 pugno
648 1857 746 1920 hostes
760 1877 824 1919 eum
846 1855 980 1920 hostibus
1000 1857 1161 1920 conseratis
1175 1870 1322 1924 meumst
1337 1877 1402 1920 nom

334 1961 429 2030 agros
444 1945 516 2006 inde
525 1945 690 2028 populari,
701 1944 756 2005 secl
767 1942 886 2004 urbiam
899 1963 970 2023 opes
984 1939 1162 2006 eobcurire¹
1174 1942 1287 2012 licebit.
1330 1943 1401 2012 Pa-

333 2041 396 2094 tres
415 2030 524 2105 nostri,
539 2049 628 2112 quam
645 2028 808 2110 Hispania
820 2029 1139 2113 Karthaginiensium,
1153 2038 1185 2094 et
1202 2029 1403 2112 imperatorer

334 2117 381 2180 ibi
405 2125 435 2178 et
455 2116 605 2178 exercitus
620 2125 726 2191 essent,
742 2115 805 2197 ipsi
825 2115 949 2194 nnllam.
959 2117 1183 2198 impertitorem,
1199 2117 1298 2180 medios
1312 2117 1346 2180 in
1360 2138 1401 2180 ea

334 2203 447 2266 milites
460 2201 606 2264 baberent
612 2235 624 2274 ‚·
647 2211 749 2265 tomen
763 2202 878 2264 addere
891 2201 946 2264 lroc
960 2201 1122 2286 infodere
1136 2204 1305 2280 uoluerunt,
1319 2201 1346 2240 ⁶⁵
1355 2203 1402 2268 Ut

334 2289 459 2372 imperii
472 2289 521 2352 sei
533 2287 765 2376 Ibernsflnoius
779 2297 854 2353 esset
853 2288 947 2370 finis.
993 2288 1093 2366 Nunc,
1108 2309 1197 2372 qurum
1211 2290 1272 2352 dero
1280 2299 1401 2372 preto·

333 2393 391 2452 ree,
407 2393 497 2460 quum
510 2377 623 2451 consol,
639 2395 728 2458 qrnnn
747 2383 809 2438 tres
828 2375 980 2439 coercitus
994 2375 1127 2439 Romani
1142 2375 1333 2458 Hispaniam
1345 2375 1402 2444 ob·

333 2464 463 2537 tineent,
475 2459 785 2545 Karthaginiensium
789 2459 861 2544 jorn
870 2483 969 2544 prope
982 2463 1080 2526 decem
1094 2463 1186 2526 carris
1200 2481 1285 2526 neruo
1301 2464 1335 2528 in
1347 2463 1402 2530 tir

202 2559 205 2568 ’
235 2621 237 2626 Ι
327 2549 501 2632 provinciis
514 2549 567 2624 sit,
577 2549 738 2630 imperium
749 2547 837 2611 nobis
846 2549 927 2611 eitra
936 2547 1212 2612 Ibemrnrmmissum
1224 2558 1283 2614 eet.
1325 2549 1402 2615 Hoc

333 2637 430 2699 armis
444 2644 474 2698 et
488 2635 602 2698 venue
615 2634 805 2717 recuperetis
820 2643 959 2716 oportet:
981 2644 1011 2698 et
1025 2636 1189 2712 notionem,
1204 2635 1402 2702 rebellantem

332 2723 432 2806 magis
445 2730 565 2797 temere,
581 2741 672 2804 quam
685 2730 860 2785 mortemer
873 2721 1044 2800 bellomon,
1066 2719 1073 2733 ’
1087 2742 1171 2806 gum,
1185 2742 1245 2804 qno
1258 2743 1291 2789 se
1304 2723 1403 2800 eruit,

212 2819 215 2825 '
332 2809 473 2892 mciprere
485 2825 590 2872 rursus
603 2809 730 2892 cogetis.
777 2806 815 2870 In
828 2807 913 2870 hunc
924 2806 1053 2872 modum
1066 2807 1205 2872 maxime
1214 2806 1404 2876 adhortatus

332 2894 590 2980 pronunciasse
614 2907 708 2958 nocte
733 2893 773 2958 ad
798 2906 900 2958 cestra
922 2892 1062 2960 hostium
1087 2893 1280 2960 ducturum..
1294 2894 1339 2960 ita
1359 2894 1404 2962 ad

262 2987 265 2998 ’
332 3000 468 3066 corpora
482 2979 625 3046 curanda
638 2979 768 3044 dimissi.

376 3067 470 3133 XIV.
502 3067 606 3131 Nocte
635 3066 768 3144 mediass,
791 3087 889 3152 quum
919 3065 1061 3150 auspicio
1090 3086 1220 3152 operam
1250 3065 1399 3144 dedisset,

333 3148 502 3241 profectus,
526 3167 563 3217 ut
587 3153 704 3231 locum,
731 3173 825 3239 quem
850 3151 955 3228 vellet,
971 3153 1155 3240 priusquam
1177 3155 1281 3218 hostes
1302 3154 1400 3222 senti-

306 3279 309 3286 ·
333 3253 415 3320 rent,
437 3252 574 3326 caperet,
589 3251 710 3324 praeter.
728 3250 832 3303 castra
852 3238 992 3303 hostium
1014 3239 1235 3319 circumducit,
1251 3239 1402 3326 etprima

333 3327 415 3406 luce,
430 3330 497 3392 acie
517 3325 758 3404 instructe,··sub
779 3325 883 3412 ipsum
900 3324 1016 3390 vallum
1038 3339 1102 3392 tres
1123 3325 1270 3392 cohortes
1288 3325 1400 3396 mittit.

335 3407 493 3478 Mirantes
507 3413 635 3478 berberi
649 3413 689 3476 ab
704 3426 795 3500 respo
817 3411 1000 3498 adparuisse
1016 3413 1207 3491 Romanum,
1223 3412 1402 3496 discurrere

333 3499 395 3584 ipsi
415 3499 456 3565 ad
476 3521 575 3565 arma.
621 3499 753 3564 Interim
774 3498 885 3564 consul
899 3498 986 3584 apud
1000 3522 1082 3576 suos,
1099 3501 1268 3586 Nusquam,
1283 3501 1348 3564 nisi
1364 3503 1400 3564 in

333 3588 456 3664 uirtute,
471 3608 539 3669 spes
561 3596 615 3664 est,
636 3589 758 3664 milites,
773 3585 888 3672 inquit,
903 3597 933 3650 et
952 3609 1008 3672 ego
1028 3585 1143 3669 sedulo,
1159 3609 1197 3651 ne
1218 3595 1303 3666 esset,
1312 3585 1399 3672 feci.

334 3675 418 3738 inter
431 3683 535 3737 castro
549 3683 655 3736 nostra
675 3683 706 3737 et
720 3695 774 3738 mos
788 3674 882 3736 medii
895 3674 1003 3738 hostes.
1026 3673 1065 3738 ab
1079 3684 1164 3759 tergo
1178 3675 1307 3738 bostium
1323 3696 1401 3760 ager

332 3769 387 3824 est.
410 3761 492 3844 quod
499 3760 748 3842 palchen-imum,
764 3761 843 3824 idem
865 3761 1045 3824 tmtssimom
1066 3771 1123 3841 est,
1137 3761 1172 3825 in
1190 3762 1305 3826 nirtnte
1317 3781 1401 3846 spem

132 3806 136 3814 ·
171 3862 303 3910 Herem
326 3849 464 3930 positam
479 3845 616 3912 bebere„
647 3846 715 3911 Sub
729 3845 801 3912 heec
814 3845 961 3911 cohortes
977 3847 1072 3933 recipi
1083 3847 1231 3932 jubenut
1246 3845 1402 3912 barbaros

170 3942 276 4042 {flam
366 3958 715 4016 ‘trramtutatmtueomn
729 3969 797 4016 Crev.
846 3967 1135 4031 'dtemtnmrelted
1215 3973 1324 4019 ‘monne
1332 3971 1401 4020 Ereti.

333 4031 448 4082 'merere
458 4033 522 4082 lieri.
587 4036 600 4076 Ε
613 4032 697 4080 Merite
707 4035 847 4083 nocteEed.

366 4139 394 4180 st
414 4133 850 4180 Famcltemnmtunetlttodrerton-
882 4133 982 4180 omnir.-
1008 4134 1129 4182 modone.
1169 4135 1286 4182 Relatum
1303 4134 1402 4196 antiqui

333 4200 367 4245 tia
387 4193 556 4260 impleamur]
572 4198 606 4244 Et
624 4197 719 4257 quidem
739 4198 849 4254 Ilergetes
882 4203 907 4244 st
918 4199 982 4244 vict.
992 4199 1073 4250 mter,

332 4264 379 4310 hoc
389 4265 460 4312 modo
473 4264 578 4325 periculo
594 4263 705 4310 liberatos
717 4263 802 4310 clarina
813 4263 850 4309 in·
915 4270 946 4311 5³
966 4263 999 4310 Ut
1017 4265 1116 4327 inrperii
1131 4266 1171 4312 ani
1180 4259 1277 4327 mem]
1293 4265 1349 4314 Vid-
1358 4279 1402 4320 tur.

331 4329 396 4376 dicat
409 4329 540 4376 Frontinus
552 4330 567 4373 l.
580 4328 622 4374 lV.
634 4343 654 4374 c.
667 4335 690 4376 7,-
881 4341 924 4390 pm
934 4327 1035 4378 xxia

366 4400 397 4440 52
413 4396 440 4440 A
461 4387 559 4456 casnm]
585 4393 737 4440 Recenticres
758 4392 815 4438 editi
838 4408 850 4438 e
