3136 4982
467 207 560 266 LlB.
583 205 761 266 XXXVIII.
790 209 893 268 CAP.
914 209 967 266 tx.

80 395 104 464 Ἰ
185 371 546 434 certecooctceinscnire.
595 370 664 434 Nom
674 373 745 452 plus
757 371 1322 441 matimerttosAEtotorAtztioctiuo.
1337 391 1400 436 sss-¹

186 456 274 540 pello,
290 477 379 539 quam
394 455 466 520 boui
479 467 561 533 oute,
577 477 664 539 quum
679 459 822 523 aduersus
836 459 1017 540 Philippum
1031 457 1173 522 bellatum
1193 459 1245 534 sit,
1256 459 1286 504 ‘A
1297 457 1323 502 θ
1338 461 1399 508 109„

173 542 299 627 secisse.
323 563 378 605 mec
391 551 452 606 tum
467 545 553 626 lorge
564 545 702 626 metium
716 545 845 608 relatam
859 544 930 618 sibi,
943 565 997 605 uec
1006 565 1085 606 nunc
1100 545 1248 608 inmodice

101 689 104 696 .
178 649 307 712 poenom
322 627 444 713 injungi
456 629 572 694 debere.
599 628 651 692 Ad
663 652 700 694 ea
711 628 822 694 consul
834 629 1015 714 respondit:
1039 630 1148 714 Magis
1158 651 1247 713 serpe,

184 736 276 798 quam
292 735 360 800 uere
374 736 525 798 umquam,
540 715 664 780 AEtolos
672 737 780 798 pacem
789 727 906 798 petere.
928 717 1125 780 imitarentur
1139 717 1248 782 Arctio-

184 802 271 866 ctum
286 803 320 864 iu
328 803 465 884 petendo
473 823 564 884 poce,
580 823 663 885 quem
676 804 710 864 im
721 802 827 867 bellum
838 805 1014 885 tumuissent.
1059 801 1133 866 Nom
1139 803 1250 886 paucis
1271 827 1279 832 ’

175 885 309 952 ¹turbidus
322 909 398 964 eum,
414 890 451 952 dc
468 909 595 972 quarum
609 887 752 952 libertate
772 898 918 952 certatum
932 891 984 965 sit,
998 889 1053 952 sed
1073 890 1155 952 ommi
1169 889 1249 953 Asia
1270 969 1273 972 Ι

186 975 231 1038 cis
257 973 392 1038 Taurum
413 983 550 1050 montem,
573 977 673 1057 opimo
694 997 799 1058 regno,
822 977 984 1040 excessisse.
1029 975 1164 1056 AEtolos,
1187 978 1250 1040 misi

136 1102 139 1106 Δ
186 1062 325 1140 inermes,
341 1062 379 1124 de
395 1081 476 1143 poce
489 1070 613 1144 ugentes
633 1082 695 1124 nom
716 1063 891 1124 auditurum
906 1083 946 1140 se.
968 1083 1057 1124 armo
1077 1063 1141 1126 illis
1156 1063 1250 1144 prius

178 1168 334 1230 equosque
348 1168 447 1212 omnes
460 1149 625 1213 trudeudos
636 1168 709 1222 esse,
720 1149 829 1211 deinde
842 1146 958 1212 ”mille
968 1148 1114 1212 talentum
1125 1151 1250 1232 ergenii

180 1235 299 1316 populo
313 1235 454 1298 Romano
468 1235 618 1297 dandum:
641 1232 724 1318 crpus
737 1254 859 1297 summer
873 1235 1033 1298 dimidium
1041 1255 1180 1316 praeseus
1193 1257 1249 1298 mu·

186 1328 367 1396 mercretur,
381 1322 412 1384 si
426 1341 534 1402 pacem
548 1319 660 1384 hebere
672 1322 791 1384 uellent.
836 1321 891 1384 Ad
906 1343 943 1402 cu
957 1319 1142 1404 offecturum
1158 1323 1249 1386 etiam

187 1408 223 1484 im
229 1403 336 1486 sudus
349 1428 420 1483 erse,
435 1416 470 1470 ut
484 1408 609 1485 cosdem,
624 1427 697 1490 quos
704 1408 837 1490 populus
851 1407 1017 1486 Romanus,
1033 1409 1145 1472 amicos
1158 1419 1251 1492 etque
1316 1451 1320 1458 -

189 1493 287 1558 hostes
300 1492 443 1556 iubeam.

182 1652 186 1660 Ι
233 1577 293 1642 ΙΧ.
316 1577 476 1644 Adversus
498 1599 570 1664 quae
595 1577 700 1666 legati,
719 1592 751 1642 et
765 1577 841 1664 quia
864 1579 975 1666 gravia
999 1592 1099 1656 erant,
1122 1591 1154 1643 et
1175 1579 1250 1666 quia

190 1687 320 1730 suorum
346 1664 469 1730 animos
495 1663 665 1729 indomitos
679 1663 750 1728 2*uc
773 1664 961 1730 mutabiles*
981 1678 1145 1742 noverant,
1161 1665 1251 1730 nullo

182 1750 315 1820 reddito
334 1751 641 1836 responso,.domum
665 1752 796 1836 regressi
819 1764 903 1830 sunt,
919 1764 955 1815 ut
976 1752 1069 1816 etiam
1091 1765 1185 1837 atque
1206 1764 1252 1816 et·

182 1839 265 1915 jam,
281 1838 357 1923 quid
371 1837 529 1926 agendum
545 1853 635 1916 esset,
652 1859 685 1901 re
707 1837 842 1924 integre,
858 1851 1027 1922 praetorem
1048 1851 1080 1902 et
1094 1839 1252 1924 principes

184 1925 401 1996 consulerent.
447 1923 596 1989 Clamore
607 1937 638 1989 et
648 1923 757 2011 jurgio
772 1925 905 2010 excepti,
923 1947 1012 2008 quam
1027 1924 1097 1989 diu¹
1112 1947 1173 1988 rem
1186 1935 1252 1988 tru-

188 2013 306 2088 terem,
319 2013 558 2096 qualemcumque
562 2032 670 2094 pacem
678 2011 795 2096 referre
792 2010 877 2094 jussi
880 2016 899 2072 ‚2
915 2033 1012 2096 quum
1023 2012 1163 2076 redirent
1173 2005 1253 2075 Ain·

191 2095 340 2174 biaciam,
352 2100 553 2162 Acarnanum
564 2096 685 2162 insidiis
696 2118 797 2182 prope
809 2097 889 2162 viam
901 2097 1022 2182 positis,
1034 2097 1059 2136 ²⁵
1065 2097 1254 2184 quibuscum

190 2177 309 2248 bellum
324 2195 402 2260 erat,
418 2183 624 2248 circumventi
638 2183 665 2222 ²⁶
675 2181 831 2268 Thyrium
841 2198 859 2222 ¹⁰
874 2183 1071 2249 custodiendi
1088 2184 1253 2250 deducun-

189 2283 256 2335 tur.
302 2269 387 2333 Haec
399 2291 488 2335 mora
499 2271 615 2356 injecta
629 2283 674 2333 est
689 2269 770 2354 paci.
815 2267 923 2344 Quum
935 2271 1001 2356 jam
1016 2269 1254 2334 Atheniensium

192 2355 459 2442 Rhodiorumque
470 2356 574 2442 legati,
587 2357 643 2442 qui
655 2354 695 2420 ad
711 2355 945 2440 deprecandum
960 2379 1020 2441 pro
1033 2355 1083 2420 his
1094 2359 1254 2433 venerant,

191 2443 278 2526 apud
307 2443 467 2510 consulem
496 2457 618 2518 esserum
642 2441 846 2527 Amynander
871 2464 1009 2528 quoque,
1037 2442 1255 2508 Athamanum

192 2551 262 2606 rex,
278 2528 342 2593 fide
356 2541 496 2614 accepta,
511 2541 639 2593 venerat
653 2528 687 2592 in
702 2541 804 2593 castra
820 2529 965 2592 Romana
983 2528 1083 2616 magis
1103 2551 1162 2614 pro
1177 2532 1255 2594 Am·

182 2615 301 2680 'bracia
326 2613 436 2693 urbe',
461 2617 515 2680 ubi
539 2617 688 2700 majorem
714 2628 838 2700 partem
868 2615 1017 2700 temporis
1046 2616 1255 2690 exsulaverat,

193 2723 289 2788 quam
304 2723 364 2786 pro
379 2700 508 2780 AEtolis,
526 2701 688 2766 sollicitus.
734 2701 797 2766 Per
810 2700 871 2766 hos
891 2701 1007 2766 certior
1022 2701 1124 2766 lactus
1146 2703 1258 2768 consul

193 2789 235 2854 de
249 2792 322 2854 casu
337 2788 526 2876 legatorum,
542 2787 658 2852 adduci
673 2810 726 2852 eos
741 2811 760 2851 a
775 2787 899 2874 Thyrio
908 2788 1015 2873 jussit.
1038 2809 1172 2872 quorum
1184 2801 1258 2872 post

194 2877 364 2940 adventum
379 2875 431 2962 agi
446 2888 588 2960 coeptum
611 2887 656 2938 est
672 2875 710 2938 de
730 2895 820 2959 pace.
866 2872 1083 2959 Amynander,
1101 2873 1186 2960 quod
1209 2875 1257 2939 sui

193 2961 335 3026 maxime
358 2962 552 3046 operuerat,
568 2961 692 3046 inpigre
715 2959 838 3046 agebat,
856 2972 890 3024 ut
913 2957 1155 3024 Ambracienses
1170 2981 1257 3026 com·

104 3077 107 3082 ·
193 3047 324 3134 pelleret
338 3047 379 3112 ed
393 3047 598 3113 deditionem.
621 3047 647 3092 ’Ἰ
657 3047 687 3111 id
703 3067 800 3134 quum
812 3068 870 3131 per
884 3045 1053 3134 conloquia
1064 3047 1256 3131 principum,

194 3181 490 3298 111(ιῖιιέιιιῖηὲῡέἱίῗ(ιῖτοιι.
551 3182 873 3248 lqaamutut.quoueron.
887 3185 954 3232 cren.
1016 3193 1034 3219 ¹¹
1050 3185 1184 3248 Pyrrheum
1192 3184 1258 3250 End.
1355 3187 1360 3196 ‘

184 3277 189 3284 ·
220 3265 278 3297 ure
302 3265 331 3298 e.

149 3355 152 3362 '
228 3345 491 3412 sustenementum]
510 3351 603 3397 Murem
620 3349 712 3412 urgenti
744 3353 792 3397 tur.
825 3351 905 3412 Vulgo
922 3350 1041 3406 legebatur
1054 3346 1260 3396 ooimmutuiiler.

196 3421 285 3465 98750·
509 3423 513 3433 ’
745 3415 795 3463 Ubi
812 3417 887 3462 mulos
907 3421 1048 3462 correctores
1062 3415 1133 3461 etism
1151 3413 1208 3459 illud
1225 3413 1259 3460 ie·
1296 3449 1298 3460 ,

229 3486 260 3526 ut
276 3483 315 3528 Ac
336 3475 474 3541 mutabiles]
496 3480 561 3527 ‘Haec
583 3485 620 3528 cst
642 3479 712 3529 lectio
744 3482 845 3538 tellemt,
856 3481 995 3542 perticulam
1008 3496 1037 3526 oo
1051 3494 1100 3526 non
1117 3479 1176 3526 hene
1187 3479 1260 3528 locut

186 3541 304 3606 bmnium
328 3545 479 3606 scriptorum,
497 3546 598 3592 testibus
618 3547 712 3592 Grono·
745 3547 925 3593 autoretatem.

196 3611 236 3656 vio
256 3616 281 3657 et
297 3611 417 3656 Hermio:
437 3624 479 3656 nec
500 3611 610 3658 dissentit
621 3611 713 3657 Victor.
778 3617 808 3657 25
828 3611 984 3676 Quibuscum
1001 3611 1087 3658 tellum
1109 3606 1172 3670 erut]
1205 3609 1261 3658 Hos

196 3674 262 3722 liber.
297 3675 381 3736 Itaque
398 3675 431 3721 sic
445 3676 559 3722 edendum
572 3676 712 3723 curarimus.
746 3676 875 3722 membrum
888 3677 981 3723 videtur
999 3691 1042 3722 suo
1059 3678 1111 3723 loco
1127 3676 1261 3724 amisisse.
1355 3723 1357 3728 ,

195 3739 314 3786 Nimirum
336 3740 477 3786 verebantur
495 3742 565 3798 iegati
584 3741 713 3789 indomitos
745 3743 857 3802 Repone:
874 3744 1041 3798 Armenicum,
1058 3742 1196 3806 quibuscum
1214 3741 1260 3787 ie'-

196 3804 266 3852 simul
287 3820 315 3852 nc
337 3805 464 3852 mutabiles
485 3820 580 3853 snorum
602 3807 713 3865 unimos3
746 3807 797 3853 lum
814 3813 873 3860 mot.
892 3808 987 3854 insidiet
1003 3822 1078 3870 prope
1095 3808 1161 3854 eicon
1173 3807 1262 3868 putris

195 3871 245 3918 imo
265 3871 296 3917 oh
317 3885 367 3917 eam
388 3885 483 3918 caurum
502 3872 528 3916 in
544 3873 639 3932 negotio
656 3887 715 3932 prae·
748 3875 911 3920 circumuenti.

107 3953 113 3963 ·
185 3935 260 3981 ‘senti
275 3937 484 3997 mutabilee,quod
501 3937 612 3984 indomiti
626 3937 713 3984 forent.
780 3935 984 4000 aetryrrteum]
1019 3937 1079 3986 Haec
1113 3937 1194 3984 eedem
1226 3941 1263 3984 est

175 4006 178 4020 ¹
199 4001 281 4050 Quum
299 4002 361 4048 enim
378 4003 444 4048 nulla
459 4016 499 4049 eos
510 4002 546 4050 vis
563 4001 619 4048 muli
634 4007 715 4062 posset
747 4002 813 4059 urbs,
828 4017 880 4063 que
898 4017 969 4065 supro
984 4000 1106 4050 XXXVI.
1120 4007 1157 4050 11.
1177 4001 1264 4050 dicitur

196 4080 291 4126 cogere,
304 4072 333 4112 nt
353 4067 450 4114 subacta
468 4067 556 4113 cervice
574 4067 663 4114 terrent
675 4067 714 4126 ju·
749 4068 881 4130 Thyrium:
914 4083 965 4131 quae
988 4065 1081 4126 quidem
1109 4081 1164 4114 reru
1191 4067 1263 4126 hujus

197 4145 264 4190 gum,
280 4131 330 4178 fieri
349 4137 453 4192 poterut,
469 4138 497 4179 ut
515 4133 555 4193 qui
571 4147 651 4194 pacem
664 4133 715 4192 qui·
748 4135 851 4180 nominis
861 4134 1030 4194 scriptumest.

196 4195 337 4257 bureunque
365 4198 551 4256 conditionibus,
579 4199 649 4246 modo
677 4204 714 4244 to·
780 4205 810 4247 et
828 4199 861 4246 Id
885 4213 972 4264 quum.
986 4209 992 4242 .‘
1005 4195 1146 4244 ‚succedens
1167 4209 1264 4241 murum

195 4261 342 4318 lernbilibus,
371 4265 474 4324 accipere
502 4265 578 4324 parati
611 4265 714 4320 fuerant,
741 4277 832 4324 parum
845 4259 980 4325 proficeret]
997 4261 1041 4306 Vel
1053 4261 1103 4306 dele
1115 4259 1149 4314 id,
1160 4259 1198 4306 vei
1213 4261 1264 4322 ejrrs

196 4327 365 4388 portendimus
383 4341 397 4374 a
413 4329 509 4376 consule
523 4331 632 4376 Romanu
643 4327 714 4383 leges,
747 4330 800 4376 loco
818 4330 916 4376 restitue
931 4328 975 4376 Et.
1009 4325 1145 4372 Gronovius
1162 4325 1186 4372 in
1206 4332 1265 4374 notu

197 4397 312 4455 tanquam
333 4394 450 4455 graviores
465 4395 542 4454 justo,
562 4407 713 4456 aspernarer·
747 4395 776 4441 sd
795 4395 860 4442 bunc
877 4395 954 4442 lecum
971 4391 1070 4452 probare
1085 4395 1185 4438 conetur
1198 4388 1228 4460 pi
1240 4393 1268 4440 id

800 4468 854 4520 Η
