<?xml version="1.0" encoding="UTF-8"?>
<!DOCTYPE html PUBLIC "-//W3C//DTD XHTML 1.0 Transitional//EN"
    "http://www.w3.org/TR/xhtml1/DTD/xhtml1-transitional.dtd">
<html xmlns="http://www.w3.org/1999/xhtml" xml:lang="en" lang="en">
 <head>
  <title>
</title>
<meta http-equiv="Content-Type" content="text/html;charset=utf-8" />
  <meta name='ocr-system' content='tesseract 3.04.00' />
  <meta name='ocr-capabilities' content='ocr_page ocr_carea ocr_par ocr_line ocrx_word'/>
</head>
<body>
  <div class='ocr_page' id='page_1' title='image "./tliviipatavinih04crevgoog_0448.png"; bbox 0 0 3082 4976; ppageno 0'>
   <div class='ocr_carea' id='block_1_1' title="bbox 426 141 1220 230">
    <p class='ocr_par' dir='ltr' id='par_1_1' title="bbox 426 141 1220 230">
     <span class='ocr_line' id='line_1_1' title="bbox 426 141 1220 230; baseline 0 -30"><span class='ocrx_word' id='word_1_1' title='bbox 426 142 522 201; x_wconf 89' lang='lat' dir='ltr'>LlB.</span> <span class='ocrx_word' id='word_1_2' title='bbox 542 141 690 202; x_wconf 82' lang='lat' dir='ltr'><strong>XXXIX.</strong></span> <span class='ocrx_word' id='word_1_3' title='bbox 718 141 821 201; x_wconf 91' lang='lat' dir='ltr'>CAP.</span> <span class='ocrx_word' id='word_1_4' title='bbox 842 141 955 199; x_wconf 88' lang='lat' dir='ltr'><strong>XLVI.</strong></span> <span class='ocrx_word' id='word_1_5' title='bbox 1168 147 1220 230; x_wconf 76' lang='lat'>441</span> 
     </span>
    </p>
   </div>
   <div class='ocr_carea' id='block_1_2' title="bbox 161 302 1371 822">
    <p class='ocr_par' dir='ltr' id='par_1_2' title="bbox 161 302 1369 735">
     <span class='ocr_line' id='line_1_2' title="bbox 161 302 1369 391; baseline 0.002 -25"><span class='ocrx_word' id='word_1_6' title='bbox 161 303 258 384; x_wconf 89' lang='lat' dir='ltr'>licum</span> <span class='ocrx_word' id='word_1_7' title='bbox 279 325 402 391; x_wconf 86' lang='lat' dir='ltr'>agrum,</span> <span class='ocrx_word' id='word_1_8' title='bbox 418 304 566 370; x_wconf 82' lang='lat' dir='ltr'>deductae</span> <span class='ocrx_word' id='word_1_9' title='bbox 588 317 670 370; x_wconf 90' lang='lat' dir='ltr'>sunt.</span> <span class='ocrx_word' id='word_1_10' title='bbox 718 306 801 368; x_wconf 90' lang='lat' dir='ltr'>Sena</span> <span class='ocrx_word' id='word_1_11' title='bbox 818 305 932 390; x_wconf 85' lang='lat' dir='ltr'>jugera</span> <span class='ocrx_word' id='word_1_12' title='bbox 952 304 985 366; x_wconf 92' lang='lat' dir='ltr'>in</span> <span class='ocrx_word' id='word_1_13' title='bbox 1009 302 1149 390; x_wconf 81' lang='lat' dir='ltr'>singulos</span> <span class='ocrx_word' id='word_1_14' title='bbox 1171 304 1369 374; x_wconf 71' lang='lat' dir='ltr'>damnare.</span> 
     </span>
     <span class='ocr_line' id='line_1_3' title="bbox 162 389 1369 476; baseline 0 -22"><span class='ocrx_word' id='word_1_15' title='bbox 162 404 202 454; x_wconf 87' lang='lat' dir='ltr'>ta.</span> <span class='ocrx_word' id='word_1_16' title='bbox 231 389 405 455; x_wconf 87' lang='lat' dir='ltr'>diviserunt</span> <span class='ocrx_word' id='word_1_17' title='bbox 426 413 548 476; x_wconf 77' lang='lat' dir='ltr'>agrum,</span> <span class='ocrx_word' id='word_1_18' title='bbox 577 390 781 475; x_wconf 91' lang='lat' dir='ltr'>coloniasque</span> <span class='ocrx_word' id='word_1_19' title='bbox 803 390 1005 454; x_wconf 88' lang='lat' dir='ltr'>deduxerunt</span> <span class='ocrx_word' id='word_1_20' title='bbox 1033 391 1128 454; x_wconf 89' lang='lat' dir='ltr'>iidem</span> <span class='ocrx_word' id='word_1_21' title='bbox 1148 393 1369 454; x_wconf 73' lang='lat' dir='ltr'>tres-·A·⁰·¹⁸⁴»</span> 
     </span>
     <span class='ocr_line' id='line_1_4' title="bbox 162 475 1230 555; baseline 0.004 -19"><span class='ocrx_word' id='word_1_22' title='bbox 162 477 234 552; x_wconf 85' lang='lat' dir='ltr'>viri,</span> <span class='ocrx_word' id='word_1_23' title='bbox 251 475 294 552; x_wconf 84' lang='lat' dir='ltr'>Q.</span> <span class='ocrx_word' id='word_1_24' title='bbox 308 477 425 541; x_wconf 89' lang='lat' dir='ltr'><strong>Fabius</strong></span> <span class='ocrx_word' id='word_1_25' title='bbox 443 477 561 555; x_wconf 84' lang='lat' dir='ltr'><strong>Labeo,</strong></span> <span class='ocrx_word' id='word_1_26' title='bbox 578 493 608 540; x_wconf 84' lang='lat' dir='ltr'>et</span> <span class='ocrx_word' id='word_1_27' title='bbox 626 475 675 541; x_wconf 89' lang='lat' dir='ltr'>M.</span> <span class='ocrx_word' id='word_1_28' title='bbox 691 492 722 540; x_wconf 86' lang='lat' dir='ltr'>ct</span> <span class='ocrx_word' id='word_1_29' title='bbox 738 475 781 552; x_wconf 84' lang='lat' dir='ltr'>Q.</span> <span class='ocrx_word' id='word_1_30' title='bbox 799 475 914 552; x_wconf 89' lang='lat' dir='ltr'>Fulvii,</span> <span class='ocrx_word' id='word_1_31' title='bbox 934 476 1064 540; x_wconf 80' lang='lat' dir='ltr'><strong>Flaccus</strong></span> <span class='ocrx_word' id='word_1_32' title='bbox 1079 491 1110 542; x_wconf 89' lang='lat' dir='ltr'>et</span> <span class='ocrx_word' id='word_1_33' title='bbox 1121 477 1230 540; x_wconf 81' lang='lat' dir='ltr'>Nobi·</span> 
     </span>
     <span class='ocr_line' id='line_1_5' title="bbox 162 560 1227 648; baseline 0.001 -23"><span class='ocrx_word' id='word_1_34' title='bbox 162 561 233 626; x_wconf 91' lang='lat' dir='ltr'>lior.</span> <span class='ocrx_word' id='word_1_35' title='bbox 281 562 434 626; x_wconf 84' lang='lat' dir='ltr'>Consules</span> <span class='ocrx_word' id='word_1_36' title='bbox 449 563 515 648; x_wconf 84' lang='lat' dir='ltr'>ejus</span> <span class='ocrx_word' id='word_1_37' title='bbox 530 564 606 627; x_wconf 88' lang='lat' dir='ltr'>anni</span> <span class='ocrx_word' id='word_1_38' title='bbox 623 585 681 627; x_wconf 89' lang='lat' dir='ltr'>nec</span> <span class='ocrx_word' id='word_1_39' title='bbox 695 561 783 626; x_wconf 92' lang='lat' dir='ltr'>domi</span> <span class='ocrx_word' id='word_1_40' title='bbox 804 583 864 626; x_wconf 88' lang='lat' dir='ltr'>nec</span> <span class='ocrx_word' id='word_1_41' title='bbox 886 561 1007 629; x_wconf 79' lang='lat' dir='ltr'>militiae</span> <span class='ocrx_word' id='word_1_42' title='bbox 1022 560 1227 628; x_wconf 84' lang='lat' dir='ltr'>memorabile</span> 
     </span>
     <span class='ocr_line' id='line_1_6' title="bbox 165 647 497 735; baseline 0.009 -25"><span class='ocrx_word' id='word_1_43' title='bbox 165 647 340 733; x_wconf 91' lang='lat' dir='ltr'>quidquam</span> <span class='ocrx_word' id='word_1_44' title='bbox 351 661 497 735; x_wconf 86' lang='lat' dir='ltr'>egerunt.</span> 
     </span>
    </p>

    <p class='ocr_par' dir='ltr' id='par_1_3' title="bbox 210 733 1371 822">
     <span class='ocr_line' id='line_1_7' title="bbox 210 733 1371 822; baseline 0.002 -26"><span class='ocrx_word' id='word_1_45' title='bbox 210 734 318 798; x_wconf 91' lang='lat' dir='ltr'>XLV.</span> <span class='ocrx_word' id='word_1_46' title='bbox 337 733 376 814; x_wconf 86' lang='lat' dir='ltr'>ln</span> <span class='ocrx_word' id='word_1_47' title='bbox 388 735 606 822; x_wconf 80' lang='lat' dir='ltr'>insequentem</span> <span class='ocrx_word' id='word_1_48' title='bbox 618 755 738 799; x_wconf 88' lang='lat' dir='ltr'>annum</span> <span class='ocrx_word' id='word_1_49' title='bbox 749 747 896 799; x_wconf 81' lang='lat' dir='ltr'>crearunt</span> <span class='ocrx_word' id='word_1_50' title='bbox 908 735 1055 798; x_wconf 89' lang='lat' dir='ltr'>consules</span> <span class='ocrx_word' id='word_1_51' title='bbox 1069 733 1119 798; x_wconf 91' lang='lat' dir='ltr'>M.</span> <span class='ocrx_word' id='word_1_52' title='bbox 1130 733 1225 800; x_wconf 90' lang='lat' dir='ltr'>Clau·</span> <span class='ocrx_word' id='word_1_53' title='bbox 1235 751 1266 798; x_wconf 79' lang='lat' dir='ltr'>u.</span> <span class='ocrx_word' id='word_1_54' title='bbox 1277 752 1371 800; x_wconf 65' lang='lat' dir='ltr'>csso.</span> 
     </span>
    </p>
   </div>
   <div class='ocr_carea' id='block_1_3' title="bbox 166 814 1388 995">
    <p class='ocr_par' dir='ltr' id='par_1_4' title="bbox 166 814 1388 995">
     <span class='ocr_line' id='line_1_8' title="bbox 166 814 1377 927; baseline -0.001 -45"><span class='ocrx_word' id='word_1_55' title='bbox 166 819 262 883; x_wconf 89' lang='lat' dir='ltr'>dium</span> <span class='ocrx_word' id='word_1_56' title='bbox 277 818 480 897; x_wconf 89' lang='lat' dir='ltr'>Marcellum,</span> <span class='ocrx_word' id='word_1_57' title='bbox 496 820 541 896; x_wconf 85' lang='lat' dir='ltr'>Q.</span> <span class='ocrx_word' id='word_1_58' title='bbox 556 821 687 884; x_wconf 89' lang='lat' dir='ltr'>Fabium</span> <span class='ocrx_word' id='word_1_59' title='bbox 706 820 898 886; x_wconf 79' lang='lat' dir='ltr'>Labeonem.</span> <span class='ocrx_word' id='word_1_60' title='bbox 944 820 994 884; x_wconf 90' lang='grc' dir='ltr'>Μ.</span> <span class='ocrx_word' id='word_1_61' title='bbox 1007 820 1168 896; x_wconf 84' lang='lat' dir='ltr'>Claudius,</span> <span class='ocrx_word' id='word_1_62' title='bbox 1184 821 1225 890; x_wconf 85' lang='lat' dir='ltr'>Q.</span> <span class='ocrx_word' id='word_1_63' title='bbox 1235 819 1266 926; x_wconf 42' lang='grc' dir='ltr'>ᾖ·</span> <span class='ocrx_word' id='word_1_64' title='bbox 1277 814 1377 927; x_wconf 46' lang='lat'>&amp;⁸¹33</span> 
     </span>
     <span class='ocr_line' id='line_1_9' title="bbox 167 905 1388 995; baseline -0.001 -25"><span class='ocrx_word' id='word_1_65' title='bbox 167 905 285 970; x_wconf 83' lang='lat' dir='ltr'>Fabius</span> <span class='ocrx_word' id='word_1_66' title='bbox 301 907 412 970; x_wconf 88' lang='lat' dir='ltr'>Idibus</span> <span class='ocrx_word' id='word_1_67' title='bbox 429 907 564 982; x_wconf 86' lang='lat' dir='ltr'>Martiis,</span> <span class='ocrx_word' id='word_1_68' title='bbox 578 929 643 991; x_wconf 92' lang='lat' dir='ltr'>quo</span> <span class='ocrx_word' id='word_1_69' title='bbox 657 907 708 970; x_wconf 88' lang='lat' dir='ltr'>die</span> <span class='ocrx_word' id='word_1_70' title='bbox 722 909 920 970; x_wconf 88' lang='lat' dir='ltr'>consulatum</span> <span class='ocrx_word' id='word_1_71' title='bbox 936 906 1086 990; x_wconf 89' lang='lat' dir='ltr'>inierunt,</span> <span class='ocrx_word' id='word_1_72' title='bbox 1098 907 1227 992; x_wconf 86' lang='lat' dir='ltr'>deprc·</span> <span class='ocrx_word' id='word_1_73' title='bbox 1236 912 1269 995; x_wconf 71' lang='lat' dir='ltr'>Q]</span> <span class='ocrx_word' id='word_1_74' title='bbox 1280 945 1355 991; x_wconf 77' lang='lat' dir='ltr'>reete</span> <span class='ocrx_word' id='word_1_75' title='bbox 1379 911 1388 938; x_wconf 83' lang='lat'>&#39;</span> 
     </span>
    </p>
   </div>
   <div class='ocr_carea' id='block_1_4' title="bbox 160 992 1374 3403">
    <p class='ocr_par' dir='ltr' id='par_1_5' title="bbox 160 992 1374 2710">
     <span class='ocr_line' id='line_1_10' title="bbox 163 992 1312 1077; baseline 0.003 -24"><span class='ocrx_word' id='word_1_76' title='bbox 163 992 274 1054; x_wconf 88' lang='lat' dir='ltr'>vinciis</span> <span class='ocrx_word' id='word_1_77' title='bbox 289 993 352 1055; x_wconf 92' lang='lat' dir='ltr'>suis</span> <span class='ocrx_word' id='word_1_78' title='bbox 368 1005 607 1077; x_wconf 87' lang='lat' dir='ltr'>praetorumque</span> <span class='ocrx_word' id='word_1_79' title='bbox 624 993 809 1058; x_wconf 87' lang='lat' dir='ltr'>retulerunt.</span> <span class='ocrx_word' id='word_1_80' title='bbox 856 992 1013 1056; x_wconf 87' lang='lat' dir='ltr'>Praetores</span> <span class='ocrx_word' id='word_1_81' title='bbox 1028 993 1122 1058; x_wconf 88' lang='lat' dir='ltr'>creati</span> <span class='ocrx_word' id='word_1_82' title='bbox 1138 1006 1312 1056; x_wconf 71' lang='lat' dir='ltr'>arantem.</span> 
     </span>
     <span class='ocr_line' id='line_1_11' title="bbox 165 1077 1227 1164; baseline 0.002 -24"><span class='ocrx_word' id='word_1_83' title='bbox 165 1077 203 1140; x_wconf 92' lang='lat' dir='ltr'>C.</span> <span class='ocrx_word' id='word_1_84' title='bbox 220 1078 361 1142; x_wconf 84' lang='lat' dir='ltr'>Valerius</span> <span class='ocrx_word' id='word_1_85' title='bbox 385 1078 500 1142; x_wconf 87' lang='lat' dir='ltr'>flamen</span> <span class='ocrx_word' id='word_1_86' title='bbox 524 1078 637 1154; x_wconf 89' lang='lat' dir='ltr'>Dialis,</span> <span class='ocrx_word' id='word_1_87' title='bbox 654 1079 708 1163; x_wconf 92' lang='lat' dir='ltr'>qui</span> <span class='ocrx_word' id='word_1_88' title='bbox 734 1090 766 1141; x_wconf 87' lang='lat' dir='ltr'>et</span> <span class='ocrx_word' id='word_1_89' title='bbox 790 1078 896 1162; x_wconf 92' lang='lat' dir='ltr'>priore</span> <span class='ocrx_word' id='word_1_90' title='bbox 919 1101 1006 1142; x_wconf 92' lang='lat' dir='ltr'>anno</span> <span class='ocrx_word' id='word_1_91' title='bbox 1030 1080 1174 1164; x_wconf 86' lang='lat' dir='ltr'>petierat,</span> <span class='ocrx_word' id='word_1_92' title='bbox 1197 1092 1227 1142; x_wconf 88' lang='lat' dir='ltr'>et</span> 
     </span>
     <span class='ocr_line' id='line_1_12' title="bbox 167 1163 1228 1247; baseline 0.001 -20"><span class='ocrx_word' id='word_1_93' title='bbox 167 1165 224 1247; x_wconf 90' lang='lat' dir='ltr'>Sp.</span> <span class='ocrx_word' id='word_1_94' title='bbox 253 1164 435 1228; x_wconf 86' lang='lat' dir='ltr'>Postumius</span> <span class='ocrx_word' id='word_1_95' title='bbox 462 1163 609 1240; x_wconf 91' lang='lat' dir='ltr'>Albinus,</span> <span class='ocrx_word' id='word_1_96' title='bbox 637 1177 667 1228; x_wconf 90' lang='lat' dir='ltr'>et</span> <span class='ocrx_word' id='word_1_97' title='bbox 694 1164 729 1228; x_wconf 91' lang='lat' dir='ltr'>P.</span> <span class='ocrx_word' id='word_1_98' title='bbox 747 1163 914 1228; x_wconf 89' lang='lat' dir='ltr'>Cornelius</span> <span class='ocrx_word' id='word_1_99' title='bbox 938 1165 1083 1244; x_wconf 87' lang='lat' dir='ltr'>Sisenna,</span> <span class='ocrx_word' id='word_1_100' title='bbox 1108 1165 1147 1230; x_wconf 92' lang='lat' dir='ltr'>L.</span> <span class='ocrx_word' id='word_1_101' title='bbox 1164 1163 1228 1229; x_wconf 89' lang='lat' dir='ltr'>Pu·</span> 
     </span>
     <span class='ocr_line' id='line_1_13' title="bbox 164 1247 1374 1350; baseline 0.003 -40"><span class='ocrx_word' id='word_1_102' title='bbox 164 1249 246 1333; x_wconf 90' lang='lat' dir='ltr'>pius,</span> <span class='ocrx_word' id='word_1_103' title='bbox 265 1249 304 1312; x_wconf 93' lang='lat' dir='ltr'>L.</span> <span class='ocrx_word' id='word_1_104' title='bbox 320 1250 435 1328; x_wconf 83' lang='lat' dir='ltr'>Julius,</span> <span class='ocrx_word' id='word_1_105' title='bbox 452 1251 514 1314; x_wconf 91' lang='lat' dir='ltr'>Cn.</span> <span class='ocrx_word' id='word_1_106' title='bbox 532 1250 675 1316; x_wconf 85' lang='lat' dir='ltr'>Sicinius.</span> <span class='ocrx_word' id='word_1_107' title='bbox 722 1247 914 1314; x_wconf 86' lang='lat' dir='ltr'>Consulibus</span> <span class='ocrx_word' id='word_1_108' title='bbox 930 1249 1064 1350; x_wconf 77' lang='lat' dir='ltr'>Ligures</span> <span class='ocrx_word' id='word_1_109' title='bbox 1086 1273 1158 1316; x_wconf 88' lang='lat' dir='ltr'>cunr</span> <span class='ocrx_word' id='word_1_110' title='bbox 1176 1251 1374 1314; x_wconf 71' lang='lat' dir='ltr'>iis-Provincia.</span> 
     </span>
     <span class='ocr_line' id='line_1_14' title="bbox 165 1335 1228 1422; baseline 0.002 -24"><span class='ocrx_word' id='word_1_111' title='bbox 165 1335 238 1398; x_wconf 89' lang='lat' dir='ltr'>dem</span> <span class='ocrx_word' id='word_1_112' title='bbox 254 1337 457 1412; x_wconf 83' lang='lat' dir='ltr'>exercitibus,</span> <span class='ocrx_word' id='word_1_113' title='bbox 473 1357 553 1422; x_wconf 91' lang='lat' dir='ltr'>quos</span> <span class='ocrx_word' id='word_1_114' title='bbox 570 1335 606 1400; x_wconf 90' lang='lat' dir='ltr'>P.</span> <span class='ocrx_word' id='word_1_115' title='bbox 626 1335 779 1399; x_wconf 90' lang='lat' dir='ltr'>Claudius</span> <span class='ocrx_word' id='word_1_116' title='bbox 793 1351 825 1399; x_wconf 89' lang='lat' dir='ltr'>et</span> <span class='ocrx_word' id='word_1_117' title='bbox 841 1338 877 1399; x_wconf 90' lang='lat' dir='ltr'>L.</span> <span class='ocrx_word' id='word_1_118' title='bbox 892 1335 1026 1400; x_wconf 87' lang='lat' dir='ltr'>Porcrus</span> <span class='ocrx_word' id='word_1_119' title='bbox 1042 1337 1228 1412; x_wconf 85' lang='lat' dir='ltr'>habuerant,</span> 
     </span>
     <span class='ocr_line' id='line_1_15' title="bbox 163 1421 1345 1506; baseline 0.006 -23"><span class='ocrx_word' id='word_1_120' title='bbox 163 1421 335 1505; x_wconf 86' lang='lat' dir='ltr'>provincia</span> <span class='ocrx_word' id='word_1_121' title='bbox 343 1422 469 1486; x_wconf 87' lang='lat' dir='ltr'>decreta</span> <span class='ocrx_word' id='word_1_122' title='bbox 483 1435 539 1486; x_wconf 89' lang='lat' dir='ltr'>est.</span> <span class='ocrx_word' id='word_1_123' title='bbox 586 1421 755 1506; x_wconf 70' lang='lat' dir='ltr'>Hispanias</span> <span class='ocrx_word' id='word_1_124' title='bbox 776 1436 866 1485; x_wconf 85' lang='lat' dir='ltr'>extre</span> <span class='ocrx_word' id='word_1_125' title='bbox 886 1435 1002 1486; x_wconf 87' lang='lat' dir='ltr'>sortem</span> <span class='ocrx_word' id='word_1_126' title='bbox 1025 1423 1141 1506; x_wconf 89' lang='lat' dir='ltr'>prioris</span> <span class='ocrx_word' id='word_1_127' title='bbox 1156 1423 1230 1486; x_wconf 87' lang='lat' dir='ltr'>anni</span> <span class='ocrx_word' id='word_1_128' title='bbox 1335 1470 1345 1490; x_wconf 77' lang='lat'><strong>.</strong></span> 
     </span>
     <span class='ocr_line' id='line_1_16' title="bbox 166 1508 1233 1592; baseline 0.001 -22"><span class='ocrx_word' id='word_1_129' title='bbox 166 1508 357 1592; x_wconf 75' lang='lat' dir='ltr'>praetoribus</span> <span class='ocrx_word' id='word_1_130' title='bbox 383 1529 455 1572; x_wconf 91' lang='lat' dir='ltr'>curn</span> <span class='ocrx_word' id='word_1_131' title='bbox 487 1509 550 1570; x_wconf 90' lang='lat' dir='ltr'>suis</span> <span class='ocrx_word' id='word_1_132' title='bbox 587 1508 776 1571; x_wconf 85' lang='lat' dir='ltr'>exercitibus</span> <span class='ocrx_word' id='word_1_133' title='bbox 806 1521 948 1572; x_wconf 78' lang='lat' dir='ltr'>servatas.</span> <span class='ocrx_word' id='word_1_134' title='bbox 994 1508 1153 1574; x_wconf 73' lang='lat' dir='ltr'>Praetores</span> <span class='ocrx_word' id='word_1_135' title='bbox 1190 1510 1233 1572; x_wconf 87' lang='lat' dir='ltr'>ita</span> 
     </span>
     <span class='ocr_line' id='line_1_17' title="bbox 167 1592 1325 1680; baseline 0.006 -24"><span class='ocrx_word' id='word_1_136' title='bbox 167 1594 273 1672; x_wconf 85' lang='lat' dir='ltr'>sortiri</span> <span class='ocrx_word' id='word_1_137' title='bbox 293 1596 384 1679; x_wconf 89' lang='lat' dir='ltr'>jussi,</span> <span class='ocrx_word' id='word_1_138' title='bbox 407 1595 453 1658; x_wconf 90' lang='lat' dir='ltr'>uti</span> <span class='ocrx_word' id='word_1_139' title='bbox 475 1594 596 1658; x_wconf 88' lang='lat' dir='ltr'>flamini</span> <span class='ocrx_word' id='word_1_140' title='bbox 626 1592 711 1657; x_wconf 84' lang='lat' dir='ltr'>Diali</span> <span class='ocrx_word' id='word_1_141' title='bbox 737 1595 846 1679; x_wconf 88' lang='lat' dir='ltr'>utiquc</span> <span class='ocrx_word' id='word_1_142' title='bbox 874 1593 972 1659; x_wconf 88' lang='lat' dir='ltr'>altera</span> <span class='ocrx_word' id='word_1_143' title='bbox 995 1595 1078 1680; x_wconf 91' lang='lat' dir='ltr'>juris</span> <span class='ocrx_word' id='word_1_144' title='bbox 1106 1593 1233 1660; x_wconf 86' lang='lat' dir='ltr'>dicendi</span> <span class='ocrx_word' id='word_1_145' title='bbox 1323 1659 1325 1663; x_wconf 87' lang='lat'><strong>.</strong></span> 
     </span>
     <span class='ocr_line' id='line_1_18' title="bbox 168 1679 1233 1767; baseline 0.002 -25"><span class='ocrx_word' id='word_1_146' title='bbox 168 1680 283 1752; x_wconf 88' lang='lat' dir='ltr'>Romae</span> <span class='ocrx_word' id='word_1_147' title='bbox 309 1681 476 1764; x_wconf 90' lang='lat' dir='ltr'>provincia</span> <span class='ocrx_word' id='word_1_148' title='bbox 501 1693 590 1744; x_wconf 89' lang='lat' dir='ltr'>esset.</span> <span class='ocrx_word' id='word_1_149' title='bbox 612 1680 810 1767; x_wconf 85' lang='lat' dir='ltr'>peregrinam</span> <span class='ocrx_word' id='word_1_150' title='bbox 833 1692 880 1743; x_wconf 87' lang='lat' dir='ltr'>est</span> <span class='ocrx_word' id='word_1_151' title='bbox 904 1679 1043 1744; x_wconf 86' lang='lat' dir='ltr'>sortitus.</span> <span class='ocrx_word' id='word_1_152' title='bbox 1090 1683 1233 1746; x_wconf 76' lang='lat' dir='ltr'>Sisennae</span> 
     </span>
     <span class='ocr_line' id='line_1_19' title="bbox 168 1765 1232 1853; baseline 0 -23"><span class='ocrx_word' id='word_1_153' title='bbox 168 1765 321 1830; x_wconf 89' lang='lat' dir='ltr'>Cornelio</span> <span class='ocrx_word' id='word_1_154' title='bbox 345 1767 476 1842; x_wconf 83' lang='lat' dir='ltr'>urbana,</span> <span class='ocrx_word' id='word_1_155' title='bbox 504 1769 558 1850; x_wconf 86' lang='lat' dir='ltr'>Sp.</span> <span class='ocrx_word' id='word_1_156' title='bbox 588 1765 753 1830; x_wconf 90' lang='lat' dir='ltr'>Postumio</span> <span class='ocrx_word' id='word_1_157' title='bbox 777 1766 893 1843; x_wconf 84' lang='lat' dir='ltr'>Sicilia,</span> <span class='ocrx_word' id='word_1_158' title='bbox 915 1765 956 1829; x_wconf 95' lang='lat' dir='ltr'>L.</span> <span class='ocrx_word' id='word_1_159' title='bbox 975 1766 1079 1852; x_wconf 91' lang='lat' dir='ltr'>Pupio</span> <span class='ocrx_word' id='word_1_160' title='bbox 1102 1765 1232 1853; x_wconf 88' lang='lat' dir='ltr'>Apulia,</span> 
     </span>
     <span class='ocr_line' id='line_1_20' title="bbox 168 1851 1233 1934; baseline 0.002 -18"><span class='ocrx_word' id='word_1_161' title='bbox 168 1851 210 1916; x_wconf 95' lang='lat' dir='ltr'>L.</span> <span class='ocrx_word' id='word_1_162' title='bbox 226 1852 246 1916; x_wconf 88' lang='lat' dir='ltr'>J</span> <span class='ocrx_word' id='word_1_163' title='bbox 250 1852 313 1916; x_wconf 94' lang='lat' dir='ltr'>ulio</span> <span class='ocrx_word' id='word_1_164' title='bbox 330 1853 446 1934; x_wconf 89' lang='lat' dir='ltr'>Gallia,</span> <span class='ocrx_word' id='word_1_165' title='bbox 463 1853 524 1916; x_wconf 90' lang='lat' dir='ltr'>Cn.</span> <span class='ocrx_word' id='word_1_166' title='bbox 539 1853 659 1917; x_wconf 88' lang='lat' dir='ltr'>Sicinio</span> <span class='ocrx_word' id='word_1_167' title='bbox 676 1851 823 1916; x_wconf 88' lang='lat' dir='ltr'>Sardinia</span> <span class='ocrx_word' id='word_1_168' title='bbox 835 1852 948 1916; x_wconf 86' lang='lat' dir='ltr'>evenit.</span> <span class='ocrx_word' id='word_1_169' title='bbox 993 1853 1034 1918; x_wconf 94' lang='lat' dir='ltr'>L.</span> <span class='ocrx_word' id='word_1_170' title='bbox 1046 1853 1151 1918; x_wconf 91' lang='lat' dir='ltr'>Julius</span> <span class='ocrx_word' id='word_1_171' title='bbox 1163 1875 1233 1926; x_wconf 37' lang='lat' dir='ltr'>*mae</span> 
     </span>
     <span class='ocr_line' id='line_1_21' title="bbox 166 1938 1321 2026; baseline -0.002 -24"><span class='ocrx_word' id='word_1_172' title='bbox 166 1953 275 2003; x_wconf 82' lang='lat' dir='ltr'>tutare</span> <span class='ocrx_word' id='word_1_173' title='bbox 290 1953 335 2002; x_wconf 85' lang='lat' dir='ltr'>cst</span> <span class='ocrx_word' id='word_1_174' title='bbox 352 1941 469 2024; x_wconf 89' lang='lat' dir='ltr'>jussus.</span> <span class='ocrx_word' id='word_1_175' title='bbox 514 1938 601 2003; x_wconf 91' lang='lat' dir='ltr'>Galli</span> <span class='ocrx_word' id='word_1_176' title='bbox 617 1939 832 2023; x_wconf 87' lang='lat' dir='ltr'>Transalpini,</span> <span class='ocrx_word' id='word_1_177' title='bbox 849 1960 905 2022; x_wconf 91' lang='lat' dir='ltr'>per</span> <span class='ocrx_word' id='word_1_178' title='bbox 928 1938 1024 2003; x_wconf 86' lang='lat' dir='ltr'>saltus</span> <span class='ocrx_word' id='word_1_179' title='bbox 1039 1939 1162 2026; x_wconf 78' lang='lat' dir='ltr'>ignotas</span> <span class='ocrx_word' id='word_1_180' title='bbox 1175 1962 1233 2003; x_wconf 90' lang='lat' dir='ltr'>an·</span> <span class='ocrx_word' id='word_1_181' title='bbox 1317 1993 1321 2000; x_wconf 90' lang='lat'><strong>.</strong></span> 
     </span>
     <span class='ocr_line' id='line_1_22' title="bbox 163 2024 1285 2112; baseline 0 -24"><span class='ocrx_word' id='word_1_182' title='bbox 163 2039 221 2088; x_wconf 68' lang='lat' dir='ltr'>‘tea</span> <span class='ocrx_word' id='word_1_183' title='bbox 235 2027 295 2088; x_wconf 82' lang='lat' dir='ltr'>viae</span> <span class='ocrx_word' id='word_1_184' title='bbox 311 2025 395 2110; x_wconf 58' lang='lat' dir='ltr'>(lint</span> <span class='ocrx_word' id='word_1_185' title='bbox 417 2039 490 2088; x_wconf 89' lang='lat' dir='ltr'>ante</span> <span class='ocrx_word' id='word_1_186' title='bbox 511 2024 631 2088; x_wconf 88' lang='lat' dir='ltr'>dictum</span> <span class='ocrx_word' id='word_1_187' title='bbox 655 2026 714 2104; x_wconf 91' lang='lat' dir='ltr'>est)</span> <span class='ocrx_word' id='word_1_188' title='bbox 730 2025 763 2087; x_wconf 93' lang='lat' dir='ltr'>in</span> <span class='ocrx_word' id='word_1_189' title='bbox 780 2024 904 2089; x_wconf 85' lang='lat' dir='ltr'>Italiam</span> <span class='ocrx_word' id='word_1_190' title='bbox 928 2027 1122 2112; x_wconf 80' lang='lat' dir='ltr'>transgressi,</span> <span class='ocrx_word' id='word_1_191' title='bbox 1141 2026 1233 2111; x_wconf 86' lang='lat' dir='ltr'>oppi-</span> <span class='ocrx_word' id='word_1_192' title='bbox 1283 2051 1285 2060; x_wconf 67' lang='grc'>’</span> 
     </span>
     <span class='ocr_line' id='line_1_23' title="bbox 170 2109 1234 2197; baseline 0.004 -24"><span class='ocrx_word' id='word_1_193' title='bbox 170 2109 248 2173; x_wconf 90' lang='lat' dir='ltr'>dum</span> <span class='ocrx_word' id='word_1_194' title='bbox 272 2112 303 2173; x_wconf 93' lang='lat' dir='ltr'>in</span> <span class='ocrx_word' id='word_1_195' title='bbox 325 2133 413 2197; x_wconf 82' lang='lat' dir='ltr'>agro,</span> <span class='ocrx_word' id='word_1_196' title='bbox 430 2111 484 2196; x_wconf 88' lang='lat' dir='ltr'>qui</span> <span class='ocrx_word' id='word_1_197' title='bbox 507 2133 593 2174; x_wconf 90' lang='lat' dir='ltr'>nunc</span> <span class='ocrx_word' id='word_1_198' title='bbox 615 2125 662 2173; x_wconf 86' lang='lat' dir='ltr'>est</span> <span class='ocrx_word' id='word_1_199' title='bbox 682 2111 920 2196; x_wconf 79' lang='lat' dir='ltr'>Aquileiensis0,</span> <span class='ocrx_word' id='word_1_200' title='bbox 937 2111 1147 2177; x_wconf 89' lang='lat' dir='ltr'>aedificabant.</span> <span class='ocrx_word' id='word_1_201' title='bbox 1194 2114 1234 2182; x_wconf 93' lang='lat' dir='ltr'>ld</span> 
     </span>
     <span class='ocr_line' id='line_1_24' title="bbox 168 2195 1234 2282; baseline 0.005 -22"><span class='ocrx_word' id='word_1_202' title='bbox 168 2219 223 2260; x_wconf 87' lang='lat' dir='ltr'>eos</span> <span class='ocrx_word' id='word_1_203' title='bbox 249 2210 284 2262; x_wconf 90' lang='lat' dir='ltr'>ut</span> <span class='ocrx_word' id='word_1_204' title='bbox 307 2196 500 2280; x_wconf 89' lang='lat' dir='ltr'>prohiberet,</span> <span class='ocrx_word' id='word_1_205' title='bbox 516 2195 659 2280; x_wconf 75' lang='lat' dir='ltr'>⁷⁴quod¹³</span> <span class='ocrx_word' id='word_1_206' title='bbox 673 2198 739 2281; x_wconf 90' lang='lat' dir='ltr'>ejus</span> <span class='ocrx_word' id='word_1_207' title='bbox 766 2197 832 2259; x_wconf 89' lang='lat' dir='ltr'>sine</span> <span class='ocrx_word' id='word_1_208' title='bbox 858 2195 941 2259; x_wconf 90' lang='lat' dir='ltr'>bello</span> <span class='ocrx_word' id='word_1_209' title='bbox 963 2211 1080 2280; x_wconf 90' lang='lat' dir='ltr'>posset,</span> <span class='ocrx_word' id='word_1_210' title='bbox 1102 2201 1234 2282; x_wconf 72' lang='lat' dir='ltr'>praetori</span> 
     </span>
     <span class='ocr_line' id='line_1_25' title="bbox 164 2280 1233 2366; baseline 0.007 -22"><span class='ocrx_word' id='word_1_211' title='bbox 164 2284 354 2360; x_wconf 65' lang='lat' dir='ltr'>‘mandatum</span> <span class='ocrx_word' id='word_1_212' title='bbox 378 2294 433 2348; x_wconf 89' lang='lat' dir='ltr'>est.</span> <span class='ocrx_word' id='word_1_213' title='bbox 456 2282 482 2346; x_wconf 92' lang='lat' dir='ltr'>si</span> <span class='ocrx_word' id='word_1_214' title='bbox 505 2282 598 2344; x_wconf 89' lang='lat' dir='ltr'>armis</span> <span class='ocrx_word' id='word_1_215' title='bbox 616 2280 806 2366; x_wconf 89' lang='lat' dir='ltr'>prohibendi</span> <span class='ocrx_word' id='word_1_216' title='bbox 828 2297 938 2356; x_wconf 89' lang='lat' dir='ltr'>essent,</span> <span class='ocrx_word' id='word_1_217' title='bbox 955 2285 1100 2347; x_wconf 86' lang='lat' dir='ltr'>consules</span> <span class='ocrx_word' id='word_1_218' title='bbox 1121 2288 1233 2352; x_wconf 91' lang='lat' dir='ltr'>certio·</span> 
     </span>
     <span class='ocr_line' id='line_1_26' title="bbox 168 2366 1234 2450; baseline 0.005 -18"><span class='ocrx_word' id='word_1_219' title='bbox 168 2391 219 2432; x_wconf 87' lang='lat' dir='ltr'>res</span> <span class='ocrx_word' id='word_1_220' title='bbox 243 2367 368 2433; x_wconf 86' lang='lat' dir='ltr'>faceret.</span> <span class='ocrx_word' id='word_1_221' title='bbox 406 2391 446 2432; x_wconf 90' lang='lat' dir='ltr'>ex</span> <span class='ocrx_word' id='word_1_222' title='bbox 470 2368 519 2430; x_wconf 91' lang='lat' dir='ltr'>his</span> <span class='ocrx_word' id='word_1_223' title='bbox 544 2367 669 2450; x_wconf 88' lang='lat' dir='ltr'>placere</span> <span class='ocrx_word' id='word_1_224' title='bbox 695 2366 827 2431; x_wconf 89' lang='lat' dir='ltr'>alterum</span> <span class='ocrx_word' id='word_1_225' title='bbox 859 2367 1006 2432; x_wconf 86' lang='lat' dir='ltr'>adversus</span> <span class='ocrx_word' id='word_1_226' title='bbox 1037 2370 1146 2434; x_wconf 88' lang='lat' dir='ltr'>Gallos</span> <span class='ocrx_word' id='word_1_227' title='bbox 1175 2372 1234 2437; x_wconf 89' lang='lat' dir='ltr'>du·</span> 
     </span>
     <span class='ocr_line' id='line_1_27' title="bbox 161 2453 1235 2540; baseline 0.005 -22"><span class='ocrx_word' id='word_1_228' title='bbox 161 2475 242 2518; x_wconf 84' lang='lat' dir='ltr'>¹cere</span> <span class='ocrx_word' id='word_1_229' title='bbox 261 2454 424 2540; x_wconf 68' lang='lat' dir='ltr'>legiones.</span> <span class='ocrx_word' id='word_1_230' title='bbox 457 2453 612 2518; x_wconf 86' lang='lat' dir='ltr'>Extremo</span> <span class='ocrx_word' id='word_1_231' title='bbox 633 2454 747 2537; x_wconf 88' lang='lat' dir='ltr'>prioris</span> <span class='ocrx_word' id='word_1_232' title='bbox 771 2454 845 2516; x_wconf 91' lang='lat' dir='ltr'>anni</span> <span class='ocrx_word' id='word_1_233' title='bbox 866 2454 993 2518; x_wconf 88' lang='lat' dir='ltr'>comitia</span> <span class='ocrx_word' id='word_1_234' title='bbox 1015 2455 1124 2521; x_wconf 88' lang='lat' dir='ltr'>habita</span> <span class='ocrx_word' id='word_1_235' title='bbox 1144 2473 1235 2523; x_wconf 88' lang='lat' dir='ltr'>erant</span> 
     </span>
     <span class='ocr_line' id='line_1_28' title="bbox 168 2539 1233 2627; baseline 0.006 -25"><span class='ocrx_word' id='word_1_236' title='bbox 168 2540 375 2604; x_wconf 90' lang='lat' dir='ltr'>indemortui</span> <span class='ocrx_word' id='word_1_237' title='bbox 392 2540 454 2605; x_wconf 90' lang='lat' dir='ltr'>Cn.</span> <span class='ocrx_word' id='word_1_238' title='bbox 466 2539 606 2604; x_wconf 85' lang='lat' dir='ltr'>Cornelii</span> <span class='ocrx_word' id='word_1_239' title='bbox 622 2539 728 2603; x_wconf 91' lang='lat' dir='ltr'>locum</span> <span class='ocrx_word' id='word_1_240' title='bbox 748 2540 878 2627; x_wconf 86' lang='lat' dir='ltr'>auguris</span> <span class='ocrx_word' id='word_1_241' title='bbox 892 2539 1090 2606; x_wconf 82' lang='lat' dir='ltr'>subiiciendi.</span> <span class='ocrx_word' id='word_1_242' title='bbox 1136 2544 1233 2608; x_wconf 90' lang='lat' dir='ltr'>Crea-</span> 
     </span>
     <span class='ocr_line' id='line_1_29' title="bbox 160 2617 1176 2710; baseline -0.006 -20"><span class='ocrx_word' id='word_1_243' title='bbox 160 2627 296 2710; x_wconf 78' lang='lat' dir='ltr'>‘tus&#39;Sp</span> <span class='ocrx_word' id='word_1_244' title='bbox 313 2626 495 2690; x_wconf 85' lang='lat' dir='ltr'>Postumius</span> <span class='ocrx_word' id='word_1_245' title='bbox 510 2617 655 2689; x_wconf 86' lang='lat' dir='ltr'>Albinus.</span> <span class='ocrx_word' id='word_1_246' title='bbox 905 2639 909 2670; x_wconf 69' lang='lat'><strong>²</strong></span> <span class='ocrx_word' id='word_1_247' title='bbox 1065 2629 1068 2634; x_wconf 87' lang='lat'>&#39;</span> <span class='ocrx_word' id='word_1_248' title='bbox 1141 2675 1144 2684; x_wconf 85' lang='grc'><strong>.</strong></span> <span class='ocrx_word' id='word_1_249' title='bbox 1173 2629 1176 2636; x_wconf 80' lang='grc'><em>’</em></span> 
     </span>
    </p>

    <p class='ocr_par' dir='ltr' id='par_1_6' title="bbox 170 2711 1356 3403">
     <span class='ocr_line' id='line_1_30' title="bbox 216 2711 1234 2800; baseline 0.005 -24"><span class='ocrx_word' id='word_1_250' title='bbox 216 2711 341 2776; x_wconf 90' lang='lat' dir='ltr'><strong>XLVI.</strong></span> <span class='ocrx_word' id='word_1_251' title='bbox 367 2712 475 2798; x_wconf 86' lang='lat' dir='ltr'>Hujus</span> <span class='ocrx_word' id='word_1_252' title='bbox 497 2711 655 2796; x_wconf 91' lang='lat' dir='ltr'>principio</span> <span class='ocrx_word' id='word_1_253' title='bbox 670 2713 745 2776; x_wconf 91' lang='lat' dir='ltr'>anni</span> <span class='ocrx_word' id='word_1_254' title='bbox 763 2713 800 2776; x_wconf 90' lang='lat' dir='ltr'>P.</span> <span class='ocrx_word' id='word_1_255' title='bbox 814 2713 957 2778; x_wconf 92' lang='lat' dir='ltr'>Licinius</span> <span class='ocrx_word' id='word_1_256' title='bbox 975 2715 1107 2779; x_wconf 86' lang='lat' dir='ltr'>Crassus</span> <span class='ocrx_word' id='word_1_257' title='bbox 1128 2718 1234 2800; x_wconf 90' lang='lat' dir='ltr'>ponti-</span> 
     </span>
     <span class='ocr_line' id='line_1_31' title="bbox 170 2797 1236 2885; baseline 0.007 -25"><span class='ocrx_word' id='word_1_258' title='bbox 170 2797 223 2862; x_wconf 84' lang='lat' dir='ltr'>fex</span> <span class='ocrx_word' id='word_1_259' title='bbox 244 2799 405 2863; x_wconf 88' lang='lat' dir='ltr'>maximus</span> <span class='ocrx_word' id='word_1_260' title='bbox 428 2812 571 2863; x_wconf 87' lang='lat' dir='ltr'>mortuus</span> <span class='ocrx_word' id='word_1_261' title='bbox 593 2811 660 2862; x_wconf 91' lang='lat' dir='ltr'>est:</span> <span class='ocrx_word' id='word_1_262' title='bbox 684 2799 715 2861; x_wconf 90' lang='lat' dir='ltr'>in</span> <span class='ocrx_word' id='word_1_263' title='bbox 733 2800 821 2884; x_wconf 87' lang='lat' dir='ltr'>cujus</span> <span class='ocrx_word' id='word_1_264' title='bbox 833 2799 942 2864; x_wconf 92' lang='lat' dir='ltr'>locum</span> <span class='ocrx_word' id='word_1_265' title='bbox 961 2799 1011 2866; x_wconf 91' lang='lat' dir='ltr'>M.</span> <span class='ocrx_word' id='word_1_266' title='bbox 1029 2803 1236 2885; x_wconf 79' lang='lat' dir='ltr'>Sempronius</span> 
     </span>
     <span class='ocr_line' id='line_1_32' title="bbox 173 2884 1237 2970; baseline 0.007 -22"><span class='ocrx_word' id='word_1_267' title='bbox 173 2884 354 2948; x_wconf 83' lang='lat' dir='ltr'>Tuditanus</span> <span class='ocrx_word' id='word_1_268' title='bbox 371 2884 397 2927; x_wconf 83' lang='lat'>⁷⁵</span> <span class='ocrx_word' id='word_1_269' title='bbox 406 2885 550 2969; x_wconf 86' lang='lat' dir='ltr'>pontifex</span> <span class='ocrx_word' id='word_1_270' title='bbox 572 2897 618 2949; x_wconf 88' lang='lat' dir='ltr'>est</span> <span class='ocrx_word' id='word_1_271' title='bbox 639 2897 822 2968; x_wconf 87' lang='lat' dir='ltr'>cooptatus:</span> <span class='ocrx_word' id='word_1_272' title='bbox 845 2885 988 2970; x_wconf 86' lang='lat' dir='ltr'>pontifex</span> <span class='ocrx_word' id='word_1_273' title='bbox 1011 2888 1167 2952; x_wconf 86' lang='lat' dir='ltr'>maxinius</span> <span class='ocrx_word' id='word_1_274' title='bbox 1188 2903 1237 2954; x_wconf 89' lang='lat' dir='ltr'>est</span> 
     </span>
     <span class='ocr_line' id='line_1_33' title="bbox 171 2969 1235 3038; baseline 0.004 -4"><span class='ocrx_word' id='word_1_275' title='bbox 171 2983 295 3034; x_wconf 89' lang='lat' dir='ltr'>creatus</span> <span class='ocrx_word' id='word_1_276' title='bbox 309 2970 348 3036; x_wconf 91' lang='lat' dir='ltr'>C.</span> <span class='ocrx_word' id='word_1_277' title='bbox 358 2971 508 3034; x_wconf 87' lang='lat' dir='ltr'>Servilius</span> <span class='ocrx_word' id='word_1_278' title='bbox 517 2971 688 3036; x_wconf 85' lang='lat' dir='ltr'>Geminus.</span> <span class='ocrx_word' id='word_1_279' title='bbox 713 2969 750 3033; x_wconf 94' lang='grc' dir='ltr'>Ρ.</span> <span class='ocrx_word' id='word_1_280' title='bbox 762 2971 879 3034; x_wconf 88' lang='lat' dir='ltr'>Licinii</span> <span class='ocrx_word' id='word_1_281' title='bbox 889 2970 1007 3036; x_wconf 84' lang='lat' dir='ltr'>funeris</span> <span class='ocrx_word' id='word_1_282' title='bbox 1019 2995 1130 3038; x_wconf 87' lang='lat' dir='ltr'>caussa</span> <span class='ocrx_word' id='word_1_283' title='bbox 1143 2975 1235 3038; x_wconf 79' lang='lat' dir='ltr'>⁷⁶cis·</span> 
     </span>
     <span class='ocr_line' id='line_1_34' title="bbox 172 3056 1235 3144; baseline 0.005 -23"><span class='ocrx_word' id='word_1_284' title='bbox 172 3057 290 3122; x_wconf 89' lang='lat' dir='ltr'>ceratio</span> <span class='ocrx_word' id='word_1_285' title='bbox 305 3056 388 3131; x_wconf 90' lang='lat' dir='ltr'>data,</span> <span class='ocrx_word' id='word_1_286' title='bbox 406 3070 436 3121; x_wconf 90' lang='lat' dir='ltr'>et</span> <span class='ocrx_word' id='word_1_287' title='bbox 450 3057 671 3144; x_wconf 75' lang='lat' dir='ltr'>⁷⁷gladiatores</span> <span class='ocrx_word' id='word_1_288' title='bbox 686 3070 811 3122; x_wconf 90' lang='lat' dir='ltr'>centurn</span> <span class='ocrx_word' id='word_1_289' title='bbox 828 3058 940 3144; x_wconf 78' lang='lat' dir='ltr'>viginti</span> <span class='ocrx_word' id='word_1_290' title='bbox 956 3074 1188 3144; x_wconf 80' lang='lat' dir='ltr'>pugnaverunt,</span> <span class='ocrx_word' id='word_1_291' title='bbox 1203 3077 1235 3126; x_wconf 89' lang='lat' dir='ltr'>et</span> 
     </span>
     <span class='ocr_line' id='line_1_35' title="bbox 172 3141 1232 3233; baseline 0.007 -28"><span class='ocrx_word' id='word_1_292' title='bbox 172 3142 239 3206; x_wconf 89' lang='lat' dir='ltr'>ludi</span> <span class='ocrx_word' id='word_1_293' title='bbox 253 3141 401 3207; x_wconf 90' lang='lat' dir='ltr'>funebres</span> <span class='ocrx_word' id='word_1_294' title='bbox 413 3165 470 3228; x_wconf 88' lang='lat' dir='ltr'>per</span> <span class='ocrx_word' id='word_1_295' title='bbox 485 3142 625 3207; x_wconf 87' lang='lat' dir='ltr'>triduum</span> <span class='ocrx_word' id='word_1_296' title='bbox 648 3142 732 3219; x_wconf 90' lang='lat' dir='ltr'>facti,</span> <span class='ocrx_word' id='word_1_297' title='bbox 747 3157 820 3228; x_wconf 90' lang='lat' dir='ltr'>post</span> <span class='ocrx_word' id='word_1_298' title='bbox 841 3143 932 3208; x_wconf 88' lang='lat' dir='ltr'>ludes</span> <span class='ocrx_word' id='word_1_299' title='bbox 945 3145 1085 3230; x_wconf 86' lang='lat' dir='ltr'>epulum.</span> <span class='ocrx_word' id='word_1_300' title='bbox 1108 3148 1141 3210; x_wconf 92' lang='lat' dir='ltr'>in</span> <span class='ocrx_word' id='word_1_301' title='bbox 1157 3170 1232 3233; x_wconf 89' lang='lat' dir='ltr'>qno,</span> 
     </span>
     <span class='ocr_line' id='line_1_36' title="bbox 173 3229 1356 3320; baseline 0 -28"><span class='ocrx_word' id='word_1_302' title='bbox 173 3250 271 3314; x_wconf 84' lang='lat' dir='ltr'>quum</span> <span class='ocrx_word' id='word_1_303' title='bbox 287 3241 355 3293; x_wconf 89' lang='lat' dir='ltr'>toto</span> <span class='ocrx_word' id='word_1_304' title='bbox 370 3232 440 3292; x_wconf 88' lang='lat' dir='ltr'>loro</span> <span class='ocrx_word' id='word_1_305' title='bbox 452 3242 549 3293; x_wconf 88' lang='lat' dir='ltr'>strata</span> <span class='ocrx_word' id='word_1_306' title='bbox 560 3229 695 3294; x_wconf 90' lang='lat' dir='ltr'>triclinia</span> <span class='ocrx_word' id='word_1_307' title='bbox 707 3243 819 3307; x_wconf 89' lang='lat' dir='ltr'>essent,</span> <span class='ocrx_word' id='word_1_308' title='bbox 829 3242 1008 3315; x_wconf 84' lang='lat' dir='ltr'>tempestas,</span> <span class='ocrx_word' id='word_1_309' title='bbox 1022 3255 1095 3296; x_wconf 91' lang='lat' dir='ltr'>cum</span> <span class='ocrx_word' id='word_1_310' title='bbox 1111 3236 1233 3320; x_wconf 85' lang='lat' dir='ltr'>magnis</span> <span class='ocrx_word' id='word_1_311' title='bbox 1242 3245 1356 3302; x_wconf 70' lang='lat' dir='ltr'>Prodigia</span> 
     </span>
     <span class='ocr_line' id='line_1_37' title="bbox 170 3314 1233 3403; baseline 0.008 -25"><span class='ocrx_word' id='word_1_312' title='bbox 170 3314 317 3403; x_wconf 86' lang='lat' dir='ltr'>procellis</span> <span class='ocrx_word' id='word_1_313' title='bbox 328 3331 448 3394; x_wconf 88' lang='lat' dir='ltr'>coorta,</span> <span class='ocrx_word' id='word_1_314' title='bbox 457 3316 562 3402; x_wconf 74' lang='lat' dir='ltr'>coligit</span> <span class='ocrx_word' id='word_1_315' title='bbox 572 3317 739 3402; x_wconf 87' lang='lat' dir='ltr'>plerosque</span> <span class='ocrx_word' id='word_1_316' title='bbox 748 3317 950 3384; x_wconf 86' lang='lat' dir='ltr'>tabernacula</span> <span class='ocrx_word' id='word_1_317' title='bbox 961 3331 1097 3384; x_wconf 86' lang='lat' dir='ltr'>statuere</span> <span class='ocrx_word' id='word_1_318' title='bbox 1107 3321 1140 3382; x_wconf 92' lang='lat' dir='ltr'>iu</span> <span class='ocrx_word' id='word_1_319' title='bbox 1153 3323 1233 3387; x_wconf 89' lang='lat' dir='ltr'>foro.</span> 
     </span>
    </p>
   </div>
   <div class='ocr_carea' id='block_1_5' title="bbox 320 3487 1125 3568">
    <p class='ocr_par' dir='ltr' id='par_1_7' title="bbox 320 3487 1125 3568">
     <span class='ocr_line' id='line_1_38' title="bbox 320 3487 1125 3568; baseline 0.005 -19"><span class='ocrx_word' id='word_1_320' title='bbox 320 3513 321 3516; x_wconf 76' lang='grc'>’</span> <span class='ocrx_word' id='word_1_321' title='bbox 366 3503 755 3565; x_wconf 74' lang='lat' dir='ltr'>⁰Aqur&#39;ler&#39;eaeiseetGron.Crev.</span> <span class='ocrx_word' id='word_1_322' title='bbox 797 3512 800 3518; x_wconf 89' lang='grc'><strong>“</strong></span> <span class='ocrx_word' id='word_1_323' title='bbox 852 3487 1039 3568; x_wconf 81' lang='lat' dir='ltr'>PquoadGron.</span> <span class='ocrx_word' id='word_1_324' title='bbox 1122 3491 1125 3498; x_wconf 29' lang='lat'>¹</span> 
     </span>
    </p>
   </div>
   <div class='ocr_carea' id='block_1_6' title="bbox 135 3649 1235 4352">
    <p class='ocr_par' dir='ltr' id='par_1_8' title="bbox 135 3649 1235 3893">
     <span class='ocr_line' id='line_1_39' title="bbox 172 3649 1234 3720; baseline 0.012 -25"><span class='ocrx_word' id='word_1_325' title='bbox 172 3649 257 3696; x_wconf 77' lang='lat' dir='ltr'>Gallici</span> <span class='ocrx_word' id='word_1_326' title='bbox 275 3663 362 3696; x_wconf 86' lang='lat' dir='ltr'>nemen</span> <span class='ocrx_word' id='word_1_327' title='bbox 383 3664 399 3697; x_wconf 86' lang='lat' dir='ltr'>a</span> <span class='ocrx_word' id='word_1_328' title='bbox 419 3651 536 3698; x_wconf 81' lang='lat' dir='ltr'>veteribus</span> <span class='ocrx_word' id='word_1_329' title='bbox 556 3651 687 3698; x_wconf 82' lang='lat' dir='ltr'>cultoribus</span> <span class='ocrx_word' id='word_1_330' title='bbox 753 3657 783 3700; x_wconf 77' lang='grc'>75</span> <span class='ocrx_word' id='word_1_331' title='bbox 800 3652 919 3712; x_wconf 68' lang='lat' dir='ltr'>Pontifex</span> <span class='ocrx_word' id='word_1_332' title='bbox 929 3661 965 3702; x_wconf 80' lang='lat' dir='ltr'>ert</span> <span class='ocrx_word' id='word_1_333' title='bbox 981 3654 1113 3720; x_wconf 76' lang='lat' dir='ltr'>cooptatur]</span> <span class='ocrx_word' id='word_1_334' title='bbox 1129 3659 1152 3706; x_wconf 89' lang='lat' dir='ltr'>A</span> <span class='ocrx_word' id='word_1_335' title='bbox 1164 3662 1234 3708; x_wconf 87' lang='lat' dir='ltr'>colle·</span> 
     </span>
     <span class='ocr_line' id='line_1_40' title="bbox 172 3714 1235 3780; baseline 0.013 -20"><span class='ocrx_word' id='word_1_336' title='bbox 172 3717 309 3762; x_wconf 84' lang='lat' dir='ltr'>retinuerat.</span> <span class='ocrx_word' id='word_1_337' title='bbox 343 3714 371 3761; x_wconf 88' lang='lat' dir='ltr'>ld</span> <span class='ocrx_word' id='word_1_338' title='bbox 392 3716 478 3775; x_wconf 80' lang='lat' dir='ltr'>probet</span> <span class='ocrx_word' id='word_1_339' title='bbox 495 3716 581 3764; x_wconf 74' lang='lat' dir='ltr'>Cellas.</span> <span class='ocrx_word' id='word_1_340' title='bbox 601 3718 686 3772; x_wconf 69' lang='lat' dir='ltr'>Geoar.</span> <span class='ocrx_word' id='word_1_341' title='bbox 720 3716 761 3778; x_wconf 76' lang='lat' dir='ltr'>gio</span> <span class='ocrx_word' id='word_1_342' title='bbox 786 3718 933 3776; x_wconf 79' lang='lat' dir='ltr'>pontiacum.</span> <span class='ocrx_word' id='word_1_343' title='bbox 971 3721 1089 3780; x_wconf 74' lang='lat' dir='ltr'>Peatifee</span> <span class='ocrx_word' id='word_1_344' title='bbox 1114 3728 1235 3774; x_wconf 70' lang='lat' dir='ltr'>mucimus</span> 
     </span>
     <span class='ocr_line' id='line_1_41' title="bbox 172 3779 1234 3847; baseline 0.012 -21"><span class='ocrx_word' id='word_1_345' title='bbox 172 3781 232 3826; x_wconf 83' lang='lat' dir='ltr'>Aut.</span> <span class='ocrx_word' id='word_1_346' title='bbox 251 3782 266 3825; x_wconf 87' lang='grc'>1.</span> <span class='ocrx_word' id='word_1_347' title='bbox 291 3779 323 3824; x_wconf 89' lang='lat'>11.</span> <span class='ocrx_word' id='word_1_348' title='bbox 346 3795 367 3826; x_wconf 87' lang='lat' dir='ltr'>c.</span> <span class='ocrx_word' id='word_1_349' title='bbox 387 3787 410 3830; x_wconf 85' lang='lat'>9·</span> <span class='ocrx_word' id='word_1_350' title='bbox 428 3795 495 3840; x_wconf 71' lang='lat' dir='ltr'>pecc.</span> <span class='ocrx_word' id='word_1_351' title='bbox 515 3785 572 3828; x_wconf 76' lang='lat'><strong>645.</strong></span> <span class='ocrx_word' id='word_1_352' title='bbox 589 3787 614 3828; x_wconf 89' lang='lat' dir='ltr'>et</span> <span class='ocrx_word' id='word_1_353' title='bbox 632 3788 687 3832; x_wconf 82' lang='lat'><strong>789.</strong></span> <span class='ocrx_word' id='word_1_354' title='bbox 719 3789 756 3828; x_wconf 77' lang='lat' dir='ltr'>eet</span> <span class='ocrx_word' id='word_1_355' title='bbox 773 3789 867 3829; x_wconf 82' lang='lat' dir='ltr'>creatur</span> <span class='ocrx_word' id='word_1_356' title='bbox 887 3798 902 3829; x_wconf 81' lang='lat' dir='ltr'>c</span> <span class='ocrx_word' id='word_1_357' title='bbox 923 3787 1021 3847; x_wconf 86' lang='lat' dir='ltr'>populo,</span> <span class='ocrx_word' id='word_1_358' title='bbox 1042 3789 1139 3836; x_wconf 78' lang='lat' dir='ltr'>tributis</span> <span class='ocrx_word' id='word_1_359' title='bbox 1161 3793 1234 3838; x_wconf 85' lang='lat' dir='ltr'>eomi-</span> 
     </span>
     <span class='ocr_line' id='line_1_42' title="bbox 135 3844 768 3893; baseline 0.003 -3"><span class='ocrx_word' id='word_1_360' title='bbox 135 3845 147 3860; x_wconf 78' lang='lat'><em>⁶</em></span> <span class='ocrx_word' id='word_1_361' title='bbox 172 3844 248 3891; x_wconf 70' lang='lat' dir='ltr'>*tna</span> <span class='ocrx_word' id='word_1_362' title='bbox 262 3850 311 3890; x_wconf 87' lang='lat' dir='ltr'>not.</span> <span class='ocrx_word' id='word_1_363' title='bbox 324 3847 404 3892; x_wconf 62' lang='grc' dir='ltr'>67.ιῦ</span> <span class='ocrx_word' id='word_1_364' title='bbox 415 3844 517 3892; x_wconf 81' lang='lat' dir='ltr'>xxm.</span> <span class='ocrx_word' id='word_1_365' title='bbox 530 3852 568 3892; x_wconf 78' lang='lat'>14.</span> <span class='ocrx_word' id='word_1_366' title='bbox 719 3847 768 3893; x_wconf 89' lang='lat' dir='ltr'>tiis.</span> 
     </span>
    </p>

    <p class='ocr_par' dir='ltr' id='par_1_9' title="bbox 160 3908 1235 4352">
     <span class='ocr_line' id='line_1_43' title="bbox 160 3908 1235 3976; baseline 0.007 -17"><span class='ocrx_word' id='word_1_367' title='bbox 160 3933 163 3940; x_wconf 54' lang='lat'><strong>⁴</strong></span> <span class='ocrx_word' id='word_1_368' title='bbox 206 3910 305 3959; x_wconf 77' lang='lat' dir='ltr'>7³⁶Ut</span> <span class='ocrx_word' id='word_1_369' title='bbox 322 3915 378 3956; x_wconf 76' lang='lat' dir='ltr'>cute</span> <span class='ocrx_word' id='word_1_370' title='bbox 393 3912 484 3958; x_wconf 78' lang='lat' dir='ltr'>dictum</span> <span class='ocrx_word' id='word_1_371' title='bbox 500 3908 547 3973; x_wconf 82' lang='lat' dir='ltr'>ert]</span> <span class='ocrx_word' id='word_1_372' title='bbox 579 3910 657 3970; x_wconf 83' lang='lat' dir='ltr'>Supra</span> <span class='ocrx_word' id='word_1_373' title='bbox 667 3926 687 3956; x_wconf 87' lang='lat' dir='ltr'>c.</span> <span class='ocrx_word' id='word_1_374' title='bbox 753 3915 784 3960; x_wconf 89' lang='grc'>76</span> <span class='ocrx_word' id='word_1_375' title='bbox 804 3909 950 3976; x_wconf 75' lang='lat' dir='ltr'>Wrreratr&#39;e]</span> <span class='ocrx_word' id='word_1_376' title='bbox 966 3916 1051 3962; x_wconf 74' lang='lat' dir='ltr'>Cruda</span> <span class='ocrx_word' id='word_1_377' title='bbox 1067 3919 1235 3967; x_wconf 83' lang='lat' dir='ltr'>earnisdletri·</span> 
     </span>
     <span class='ocr_line' id='line_1_44' title="bbox 175 3976 1219 4033; baseline 0.013 -14"><span class='ocrx_word' id='word_1_378' title='bbox 175 3980 215 4020; x_wconf 69' lang='lat' dir='ltr'>aa.</span> <span class='ocrx_word' id='word_1_379' title='bbox 720 3976 796 4023; x_wconf 88' lang='lat' dir='ltr'>butio.</span> <span class='ocrx_word' id='word_1_380' title='bbox 813 3978 868 4024; x_wconf 82' lang='lat' dir='ltr'>vid.</span> <span class='ocrx_word' id='word_1_381' title='bbox 881 3983 931 4024; x_wconf 83' lang='lat' dir='ltr'>not.</span> <span class='ocrx_word' id='word_1_382' title='bbox 943 3987 983 4028; x_wconf 73' lang='lat'>³7.</span> <span class='ocrx_word' id='word_1_383' title='bbox 995 3981 1025 4026; x_wconf 87' lang='lat' dir='ltr'>ed</span> <span class='ocrx_word' id='word_1_384' title='bbox 1037 3982 1052 4026; x_wconf 90' lang='lat' dir='ltr'>l.</span> <span class='ocrx_word' id='word_1_385' title='bbox 1065 3983 1132 4028; x_wconf 82' lang='lat' dir='ltr'>vlu.</span> <span class='ocrx_word' id='word_1_386' title='bbox 1146 3999 1167 4032; x_wconf 87' lang='lat' dir='ltr'>e.</span> <span class='ocrx_word' id='word_1_387' title='bbox 1179 3991 1219 4033; x_wconf 70' lang='lat' dir='ltr'>re.</span> 
     </span>
     <span class='ocr_line' id='line_1_45' title="bbox 207 4036 1234 4107; baseline 0.011 -21"><span class='ocrx_word' id='word_1_388' title='bbox 207 4042 239 4086; x_wconf 84' lang='grc'>74</span> <span class='ocrx_word' id='word_1_389' title='bbox 269 4038 339 4092; x_wconf 76' lang='lat' dir='ltr'>thud</span> <span class='ocrx_word' id='word_1_390' title='bbox 364 4036 425 4104; x_wconf 77' lang='lat' dir='ltr'>ejus]</span> <span class='ocrx_word' id='word_1_391' title='bbox 458 4041 574 4088; x_wconf 73' lang='lat' dir='ltr'>uerutus</span> <span class='ocrx_word' id='word_1_392' title='bbox 596 4039 687 4086; x_wconf 79' lang='lat' dir='ltr'>Latinis</span> <span class='ocrx_word' id='word_1_393' title='bbox 754 4048 784 4090; x_wconf 87' lang='grc'>77</span> <span class='ocrx_word' id='word_1_394' title='bbox 805 4043 956 4090; x_wconf 75' lang='lat' dir='ltr'>Gladiatores</span> <span class='ocrx_word' id='word_1_395' title='bbox 968 4041 1055 4106; x_wconf 62' lang='lat' dir='ltr'>CXX]</span> <span class='ocrx_word' id='word_1_396' title='bbox 1071 4047 1165 4107; x_wconf 79' lang='lat' dir='ltr'>Lipsius</span> <span class='ocrx_word' id='word_1_397' title='bbox 1184 4051 1234 4096; x_wconf 79' lang='lat' dir='ltr'>Sat.</span> 
     </span>
     <span class='ocr_line' id='line_1_46' title="bbox 173 4103 1235 4167; baseline 0.011 -18"><span class='ocrx_word' id='word_1_398' title='bbox 173 4103 325 4164; x_wconf 80' lang='lat' dir='ltr'>pleonasmus</span> <span class='ocrx_word' id='word_1_399' title='bbox 342 4105 367 4152; x_wconf 90' lang='lat' dir='ltr'>in</span> <span class='ocrx_word' id='word_1_400' title='bbox 380 4120 437 4152; x_wconf 85' lang='lat' dir='ltr'>voce</span> <span class='ocrx_word' id='word_1_401' title='bbox 448 4107 499 4167; x_wconf 73' lang='lat' dir='ltr'>eJ&#39;ur</span> <span class='ocrx_word' id='word_1_402' title='bbox 515 4106 554 4152; x_wconf 88' lang='lat' dir='ltr'>hio</span> <span class='ocrx_word' id='word_1_403' title='bbox 566 4106 688 4152; x_wconf 67' lang='lat' dir='ltr'>‘notandus</span> <span class='ocrx_word' id='word_1_404' title='bbox 720 4106 736 4151; x_wconf 90' lang='lat' dir='ltr'>l.</span> <span class='ocrx_word' id='word_1_405' title='bbox 749 4105 770 4152; x_wconf 94' lang='lat'>1.</span> <span class='ocrx_word' id='word_1_406' title='bbox 780 4120 801 4152; x_wconf 89' lang='lat' dir='ltr'>c.</span> <span class='ocrx_word' id='word_1_407' title='bbox 815 4112 839 4155; x_wconf 81' lang='lat'>⁸.</span> <span class='ocrx_word' id='word_1_408' title='bbox 852 4108 945 4166; x_wconf 83' lang='lat' dir='ltr'>judicet</span> <span class='ocrx_word' id='word_1_409' title='bbox 962 4109 1027 4156; x_wconf 87' lang='lat' dir='ltr'>hunc</span> <span class='ocrx_word' id='word_1_410' title='bbox 1043 4117 1168 4160; x_wconf 84' lang='lat' dir='ltr'>numerum</span> <span class='ocrx_word' id='word_1_411' title='bbox 1184 4129 1235 4162; x_wconf 80' lang='lat' dir='ltr'>esse</span> 
     </span>
     <span class='ocr_line' id='line_1_47' title="bbox 173 4168 1235 4232; baseline 0.009 -17"><span class='ocrx_word' id='word_1_412' title='bbox 173 4168 286 4218; x_wconf 64' lang='lat' dir='ltr'>occurrit.</span> <span class='ocrx_word' id='word_1_413' title='bbox 317 4170 397 4230; x_wconf 77' lang='lat' dir='ltr'>Vulgo</span> <span class='ocrx_word' id='word_1_414' title='bbox 419 4174 498 4232; x_wconf 83' lang='lat' dir='ltr'>quoad</span> <span class='ocrx_word' id='word_1_415' title='bbox 517 4171 576 4230; x_wconf 67' lang='lat' dir='ltr'>eiua</span> <span class='ocrx_word' id='word_1_416' title='bbox 608 4171 689 4216; x_wconf 84' lang='lat' dir='ltr'>Muta·</span> <span class='ocrx_word' id='word_1_417' title='bbox 722 4171 869 4232; x_wconf 79' lang='lat' dir='ltr'>grandiorem</span> <span class='ocrx_word' id='word_1_418' title='bbox 882 4186 951 4231; x_wconf 83' lang='lat' dir='ltr'>quam</span> <span class='ocrx_word' id='word_1_419' title='bbox 968 4181 995 4220; x_wconf 87' lang='lat' dir='ltr'>nt</span> <span class='ocrx_word' id='word_1_420' title='bbox 1012 4178 1138 4224; x_wconf 86' lang='lat' dir='ltr'>conveniat</span> <span class='ocrx_word' id='word_1_421' title='bbox 1152 4178 1235 4228; x_wconf 89' lang='lat' dir='ltr'>iuboc</span> 
     </span>
     <span class='ocr_line' id='line_1_48' title="bbox 175 4235 1235 4294; baseline 0.013 -15"><span class='ocrx_word' id='word_1_422' title='bbox 175 4235 253 4279; x_wconf 82' lang='lat' dir='ltr'>vimus</span> <span class='ocrx_word' id='word_1_423' title='bbox 269 4248 298 4278; x_wconf 84' lang='lat' dir='ltr'>ex</span> <span class='ocrx_word' id='word_1_424' title='bbox 314 4235 407 4294; x_wconf 86' lang='lat' dir='ltr'>scriptis</span> <span class='ocrx_word' id='word_1_425' title='bbox 421 4236 592 4294; x_wconf 78' lang='lat' dir='ltr'>Gronovittuis,</span> <span class='ocrx_word' id='word_1_426' title='bbox 603 4235 688 4294; x_wconf 80' lang='lat' dir='ltr'>quitur</span> <span class='ocrx_word' id='word_1_427' title='bbox 722 4251 808 4292; x_wconf 72' lang='lat' dir='ltr'>avum,</span> <span class='ocrx_word' id='word_1_428' title='bbox 827 4243 852 4282; x_wconf 89' lang='lat' dir='ltr'>et</span> <span class='ocrx_word' id='word_1_429' title='bbox 873 4236 979 4285; x_wconf 83' lang='lat' dir='ltr'>rescribit</span> <span class='ocrx_word' id='word_1_430' title='bbox 997 4241 1076 4290; x_wconf 79' lang='lat' dir='ltr'><strong>LXX.</strong></span> <span class='ocrx_word' id='word_1_431' title='bbox 1100 4243 1154 4292; x_wconf 74' lang='lat' dir='ltr'>vid.</span> <span class='ocrx_word' id='word_1_432' title='bbox 1173 4244 1235 4293; x_wconf 80' lang='lat' dir='ltr'>iutra</span> 
     </span>
     <span class='ocr_line' id='line_1_49' title="bbox 175 4299 902 4352; baseline 0.008 -8"><span class='ocrx_word' id='word_1_433' title='bbox 175 4299 267 4346; x_wconf 82' lang='lat' dir='ltr'>accedit</span> <span class='ocrx_word' id='word_1_434' title='bbox 277 4304 358 4346; x_wconf 80' lang='lat' dir='ltr'>noster</span> <span class='ocrx_word' id='word_1_435' title='bbox 366 4301 430 4348; x_wconf 84' lang='lat' dir='ltr'>vict</span> <span class='ocrx_word' id='word_1_436' title='bbox 722 4301 737 4349; x_wconf 78' lang='lat' dir='ltr'>l.</span> <span class='ocrx_word' id='word_1_437' title='bbox 749 4301 817 4350; x_wconf 86' lang='lat' dir='ltr'><strong>x1.1.</strong></span> <span class='ocrx_word' id='word_1_438' title='bbox 825 4317 846 4352; x_wconf 86' lang='lat' dir='ltr'>e.</span> <span class='ocrx_word' id='word_1_439' title='bbox 857 4301 902 4350; x_wconf 87' lang='lat' dir='ltr'>ult.</span> 
     </span>
    </p>
   </div>
   <div class='ocr_carea' id='block_1_7' title="bbox 0 0 1559 4976">
    <p class='ocr_par' dir='ltr' id='par_1_10' title="bbox 0 0 1559 4976">
     <span class='ocr_line' id='line_1_50' title="bbox 0 0 1559 4976; baseline 0 0"><span class='ocrx_word' id='word_1_440' title='bbox 0 0 1559 4976; x_wconf 95' lang='lat' dir='ltr'> </span> 
     </span>
    </p>
   </div>
  </div>
 </body>
</html>
