3126 4978
421 169 515 230 LlB.
535 166 697 238 thX'VIl.
724 153 833 226 Chl':
848 162 969 265 XXIX.
1158 177 1224 232 ,303

157 329 555 418 ὶικιῐὶα·(Μοσι·ἰιι’·ιιαω“σὶ
570 331 698 412 nocam)
712 329 867 416 anchusa
885 331 1224 419 pertentando-jede.
1232 344 1304 396 tte.
1313 351 1378 402 sse„

154 421 234 486 inde
247 443 288 486 ex
305 420 486 506 propinquo
500 421 680 505 explorans,
695 413 773 506 quid
794 417 901 482 hostes
915 427 1056 506 agerent,
1071 420 1177 505 primo
1191 413 1303 486 ind-⁴⁰·
1317 417 1372 462 ¹⁹⁰·
1398 450 1402 464 r

157 529 276 596 magna
295 529 353 593 spe
377 506 449 588 fuit,
471 503 740 593 quemadmodum
755 503 937 570 -Rhodiam‘
952 505 1083 572 clamem
1103 508 1144 572 nd
1168 509 1227 574 Sr-
1410 549 1414 558 ·

153 615 260 672 mum,
275 593 487 660 circumsessis
501 593 542 658 ad
559 592 683 658 exitum
702 590 846 656 teuchus
866 601 990 676 portus,
1006 607 1225 680 expugnasset,

155 682 204 746 sic
214 694 247 748 et
258 681 435 746 Romanam
446 691 716 768 expugnaturum.
731 699 790 742 nec
801 690 847 743 est
857 679 1018 744 dissimilis
1029 693 1144 746 natura
1154 681 1226 748 loci.

156 767 393 834 Promontoriis
407 766 595 832 eo'e'uutibus
612 765 694 830 inter
707 787 741 828 se
757 765 800 830 ita
814 764 974 832 clauditur
988 779 1111 852 portus,
1123 774 1158 832 ut
1172 769 1227 834 vix

157 853 233 918 dune
248 853 342 918 simul
356 853 431 918 inde
445 874 539 917 naves
556 852 676 934 possint
691 851 785 916 exire.
833 851 937 917 Nocte
951 875 1107 938 occupare
1122 854 1227 919 fauces

155 939 377 1026 Polyxenidas
391 939 544 1004 inanimo
559 938 705 1014 babebat,
717 952 758 1014 et,
771 937 860 1001 denis
875 938 1008 1003 cambus
1017 940 1059 1004 ad
1075 962 1226 1023 promon-

157 1028 241 1092 toria
252 1026 420 1105 stantibus,
428 1047 501 1112 quae
509 1025 548 1089 ab
560 1037 613 1088 utr
657 1047 696 1088 ue
706 1045 806 1088 cornu
816 1025 849 1088 in
860 1023 960 1089 latera
971 1027 1156 1091 exeuntium
1169 1049 1226 1092 na-

155 1113 242 1178 vium
258 1127 450 1202 pugnarent,
462 1135 501 1176 ex
513 1047 734 1187 ceteraodinsse,
747 1109 879 1175 sieutad
893 1111 1088 1176 Panormum
1097 1112 1226 1192 fecerat,
1248 1143 1251 1148 ·

43 1224 50 1249 ·
152 1201 294 1268 armatis·
303 1203 335 1264 in
351 1199 446 1263 litora
460 1197 621 1284 expositis,
633 1210 718 1262 terra
733 1197 875 1283 marique
890 1198 984 1262 simul
1001 1200 1104 1264 hostes
1118 1200 1236 1285 cupri-t

151 1307 258 1351 mere.
280 1287 365 1372 quod
387 1305 453 1349 non
469 1305 582 1349 vanum
603 1283 634 1348 ei
656 1283 823 1348 consilium
843 1283 961 1362 fuisset,
977 1284 1023 1363 ui,
1041 1307 1138 1372 quum
1154 1287 1227 1352 Teii

151 1371 296 1438 facturos
307 1394 340 1436 se
354 1372 510 1457 imperate
524 1370 753 1457 promisissent,
766 1369 804 1434 ud
817 1370 1017 1456 accipiendos
1028 1386 1227 1440 commeatus

156 1459 262 1543 aptius
276 1459 376 1524 visum
391 1472 472 1524 esset
489 1457 655 1534 Romanis,
666 1457 700 1520 in
717 1477 789 1520 eum
804 1469 945 1542 portum,
957 1458 1013 1543 qui
1027 1470 1101 1524 ante
1115 1460 1227 1544 urberir

154 1558 214 1623 est,
230 1544 360 1610 classem
383 1545 525 1611 transire.
571 1543 701 1610 Dicitur
721 1557 753 1608 et
767 1542 931 1608 Eudamus
948 1545 1096 1610 Rhodius
1115 1547 1225 1611 vitium

156 1631 286 1698 alterius
303 1641 418 1718 portus
431 1630 615 1708 ostendisse,
630 1649 729 1716 quum
748 1628 830 1694 forte
844 1629 918 1694 duae
934 1653 1029 1694 naves
1043 1632 1080 1696 in·
1091 1645 1162 1696 arto
1176 1654 1227 1696 os-

153 1719 204 1784 tio
218 1717 379 1804 inplicitos
394 1739 497 1784 remos
518 1716 692 1804 fregissent
716 1719 752 1780 et³
768 1715 852 1780 inter
873 1716 936 1780 alia
954 1716 986 1781 id
1005 1735 1143 1804 quoque
1158 1740 1226 1783 nro·

156 1806 453 1892 depromemus
470 1803 649 1869 traduceret
670 1802 811 1881 classem,
826 1803 912 1890 quod
935 1805 974 1866 ab
997 1818 1081 1869 terra
1103 1805 1227 1890 pericu·

155 1891 225 1956 ium
240 1905 319 1969 erat,
336 1891 421 1956 haud
436 1889 550 1975 procul
564 1889 639 1954 inde
654 1889 817 1954 Antiocho
832 1891 945 1954 stativo
960 1890 1107 1958 habente.
1158 1918 1160 1929 ἰ
1225 1952 1228 1958 .

153 1989 174 2028 -'
193 1977 344 2044 XXIX.
368 1978 533 2043 Traducta
558 1973 655 2041 classe
676 1975 717 2040 nd
743 1975 866 2057 urbem,
888 1975 1045 2065 tigrane
1066 1979 1225 2058 omnibus,
1234 1999 1344 2049 amitto·

156 2067 277 2150 egressi
292 2065 595 2151 militantemque
616 2063 745 2128 suntad
767 2075 962 2128 commeatus
982 2076 1016 2130 et
1030 2066 1139 2130 vinum
1154 2087 1225 2132 *ma*
1234 2069 1358 2114 onasus

158 2153 247 2216 xime
261 2151 468 2216 dividendum
484 2151 517 2214 in
532 2147 646 2226 naves3
668 2171 767 2235 quum
789 2149 895 2216 medio
916 2149 1074 2217 forte‘diei
1096 2135 1375 2238 agrestisffim‘m'

131 2238 300 2324 ,quidam
313 2238 353 2304 ad
368 2251 538 2323 praetorem
554 2236 720 2312 adductus,
732 2235 874 2312 nunciat,
889 2236 1131 2322 eattoamjam
1145 2243 1225 2305 diem

154 2327 280 2391 classem
290 2335 376 2391 stare
385 2329 429 2388 ad
442 2323 724 2400 laudamentis,
737 2333 767 2387 et
777 2325 887 2406 paullo
899 2333 974 2388 nate
985 2328 1070 2392 ¹ru'sus
1080 2325 1228 2415 quaedem

156 2415 283 2489 monui,
299 2423 452 2497 tamquam
467 2411 511 2475 ad
524 2411 754 2496 perfinierim,
770 2431 873 2475 naum.
919 2409 1087 2478 Resubita
1101 2413 1227 2500 percol-

151 2519 212 2562 'sus
230 2510 354 2585 praetor
373 2496 529 2563 tubicines
550 2515 663 2561 canere
684 2495 788 2581 jubet,
804 2507 850 2574 ut,
866 2495 962 2584 siqui
984 2519 1041 2584 per
1055 2522 1148 2589 agros
1170 2522 1227 2586 pas

153 2584 215 2666 isti
229 2597 342 2663 essent,
357 2584 512 2650 redirent:
538 2582 682 2650 tribunos
704 2584 737 2646 in
756 2582 867 2648 urbem
890 2585 988 2650 mittit
1007 2585 1049 2650 ed
1068 2588 1228 2676 cogendos

152 2671 274 2736 milites
289 2667 465 2758 nautasque
480 2672 513 2734 in
531 2691 638 2734 naves.
684 2668 786 2734 Haud
808 2691 907 2748 secus,
922 2693 1017 2756 quam
1034 2673 1067 2737 in
1088 2676 1228 2760 repenti-

155 2779 202 2822 no
216 2759 366 2824 incendic
387 2769 443 2822 dut
464 2769 557 2842 capta
578 2755 668 2833 urbe,
684 2755 871 2841 trepidatur,
885 2757 955 2820 aliis
972 2759 1007 2821 in
1028 2759 1138 2826 urbem
1155 2783 1228 2825 cur·

157 2845 302 2910 rentibus
316 2847 356 2911 nd
371 2864 445 2910 suos
459 2841 664 2918 revocandos,
680 2842 749 2906 aliis
763 2864 802 2907 ex
816 2841 897 2906 urbe
914 2864 1014 2908 *naves
1029 2865 1123 2912 cumn
1139 2867 1228 2931 repe-

157 2932 314 2998 tentibus:
338 2927 536 3018 incertisque
549 2927 741 2994 clamoribus
758 2927 885 3016 (quibus
906 2929 982 3014 ipsis
1004 2932 1091 2998 tubae
1106 2933 1228 2998 obstre-

157 3021 285 3102 perent)
305 3019 440 3084 turbatis
462 3016 614 3103 imperiis,
630 3015 758 3080 tendem
782 3035 970 3080 concursum
990 3016 1032 3081 ad
1054 3040 1149 3085 naves
1168 3034 1226 3085 est.

158 3105 224 3169 Vix
240 3127 327 3170 suam
343 3106 476 3192 quisque
498 3125 628 3168 noscere
650 3114 705 3167 aut
722 3101 811 3167 adire
833 3125 902 3187 prre
922 3104 1062 3170 tumultu
1107 3119 1225 3176 oterat:

156 3191 415 3278 trepidatumque
429 3213 502 3255 cum
522 3188 664 3275 periculo
680 3201 712 3253 et
725 3189 759 3253 in
773 3189 865 3267 meri,
881 3190 959 3262 etin
975 3203 1061 3258 terra
1073 3129 1165 3272 libret,
1183 3194 1227 3273 ni,

156 3278 302 3362 partibus
317 3277 434 3355 divisis,
451 3276 613 3354 AEmilius,
629 3297 702 3340 cunr
723 3276 875 3362 praetorin
889 3299 969 3342 nave
984 3279 1106 3364 primus
1119 3303 1138 3346 e
1152 3302 1228 3366 por-
1251 3335 1254 3340 .

157 3363 244 3428 tuin
259 3368 359 3430 altum
374 3376 509 3442 evectus,
525 3362 685 3448 excipiens
700 3363 910 3444 insequentes,
926 3387 985 3429 suo
999 3387 1160 3453 quemque
1174 3390 1228 3432 or-

157 3449 234 3515 dine
258 3451 292 3514 in
317 3451 453 3518 frontem
480 3451 693 3526 instruximsu
718 3449 883 3519 Eudamus
906 3450 1097 3539 Rhodiaque
1120 3454 1227 3521 classis

157 3537 369 3604 substitissent
391 3537 431 3603 ad
453 3550 580 3614 terram,
601 3549 638 3601 ut
659 3537 780 3600 etsine
801 3536 1011 3621 trepidatione
1032 3543 1227 3622 'conscende-

156 3636 241 3703 rent‚
257 3638 299 3702 et,
315 3637 352 3688 ut
366 3647 501 3711 quaeque
522 3635 634 3709 parata
648 3635 737 3700 esset,
753 3621 854 3688 exiret
867 3626 968 3690 navis.
1013 3625 1064 3692 Ite
1079 3641 1111 3694 et
1124 3629 1227 3716 expli-

157 3729 254 3776 cuere
268 3712 411 3776 ordinem
427 3712 540 3794 primae
552 3711 587 3774 in
604 3722 774 3795 conspectu
791 3710 947 3800 praeterit,
963 3723 995 3777 et
1005 3717 1155 3780 ·'coactum
1171 3739 1227 3806 ag-

157 3809 233 3862 men
255 3798 296 3862 ab
319 3797 453 3863 Rhodiis
475 3809 537 3862 est:
557 3797 777 3882 instructaque
798 3798 889 3875 acies,
905 3799 997 3863 velut
1014 3818 1156 3869 cerneret
1177 3803 1226 3868 re'-

155 3884 238 3971 gios,
265 3885 298 3950 iu
326 3884 425 3959 altum
455 3883 619 3970 processit.
649 3883 732 3948 inter
763 3881 978 3970 Myonnesum
1004 3901 1037 3954 et
1063 3889 1225 3977 Corycum

191 4149 222 4192 87
239 4142 341 4204 Ignaris
349 4141 467 4206 mnilite]
486 4143 614 4201 Omnibus,
626 4143 675 4190 sive
742 4149 771 4190 88
789 4142 911 4209 Alterum]
933 4145 971 4192 Sic
987 4147 1104 4194 vetustius
1123 4146 1183 4201 cusi,
1200 4153 1224 4194 et

154 4207 283 4266 Romanis,
307 4211 356 4255 sive
377 4210 487 4262 Rhodiis.
510 4208 675 4272 ignorantibus
708 4209 761 4258 MS.
772 4211 864 4260 Victor.
877 4225 925 4260 nou
937 4213 1044 4258 alterum.

155 4281 207 4340 tam
219 4275 376 4336 propinquam
388 4277 493 4324 hostium
502 4278 599 4324 classem
609 4289 665 4321 esse.
