3136 4982
419 187 511 247 LIB.
532 183 712 247 XXXVIII.
732 184 831 246 CAP.
850 186 930 245 LIV.
1152 194 1218 258 389.-

148 353 282 437 busque,
299 349 351 413 Ti.
365 350 511 414 Graccho
526 361 606 415 actae
628 363 712 427 sunt,
728 349 813 435 quod
833 349 1059 434 rempublicam
1079 325 1245 436 privetisu.
1257 369 1285 417 c.
1296 371 1350 419 scs.

150 437 362 502 simultatibus
396 437 552 520 potiorem
581 436 756 500 habuisset:
788 447 819 499 et
849 434 965 499 Petillii
994 439 1098 502 vexati
1112 472 1120 498 t
1134 437 1371 502 summ-¹⁸7v

150 523 285 606 probris,
301 521 387 608 quod
407 521 572 606 splendere
592 522 694 588 eliens
715 519 833 586 invidia
857 521 1036 599 voluissent,
1052 535 1083 587 et
1106 523 1208 608 spolia

148 607 385 676 ”evafricnni
406 607 569 694 triumpho
583 620 743 694 peterent.
777 606 943 688 Silentium
968 607 1085 672 deinde
1105 609 1145 674 de
1160 611 1207 674 A·

149 693 271 762 fricans
284 693 354 759 fuit.
375 693 506 758 ⁹⁴vltsm
523 694 646 760 Litemi
661 716 678 758 e
702 694 725 758 't
739 693 806 757 sine
827 693 983 758 desiderio
995 694 1093 759 urbis.
1130 694 1206 760 Mo-
1213 709 1320 758 Antan

150 781 284 846 rientem
303 801 376 845 rure
390 801 429 844 eo
450 781 520 866 ipso
534 780 605 845 loco
619 801 692 866 sepe
706 780 743 842 iri
765 801 798 843 se
812 780 940 864 jussisse
960 780 1076 858 ferunt,
1092 776 1366 846 mono-”²⁰³⁰V‘I·

150 879 355 952 mentumque
377 867 421 930 ibi
446 866 608 944 aedificari,
635 887 676 929 ne
697 865 790 931 funus
815 865 874 928 sibi
898 866 930 928 in
954 867 1079 954 ingrata
1098 868 1207 952 patria
1255 873 1262 889 “

150 943 250 1018 fieret.
294 953 356 1016 Vir
374 951 601 1016 memorabilis:
625 950 744 1016 bellicis
766 951 882 1028 temen,
895 973 990 1037 quam
1014 953 1111 1037 pacis,
1125 955 1206 1030 ¹erti-

149 1039 210 1104 bus
231 1038 484 1104 memo'rabilior'
497 1038 602 1124 prims
621 1060 695 1122 pars
714 1033 800 1115 vitre,
820 1059 914 1123 quam
936 1051 1106 1121 postrema,
1126 1039 1204 1107 fuit:

148 1125 225 1212 quia
246 1126 278 1188 in
295 1126 428 1210 juventa
448 1123 532 1190 belle
552 1123 675 1190 assidue
698 1138 802 1211 gesta:
826 1145 898 1188 curn
920 1136 1045 1190 senecta
1063 1147 1113 1190 res
1150 1147 1206 1190 uo-

148 1233 211 1297 que
225 1209 410 1289 defloruere,
426 1231 485 1276 nec
504 1211 638 1294 praebita
658 1223 705 1274 est
723 1211 855 1274 materia
876 1210 1013 1296 ingenio.
1059 1148 1150 1288 Quid
1164 1213 1206 1277 ad

149 1298 287 1382 prImum
312 1296 509 1362 consulatum
538 1298 702 1372 secundus,
722 1295 844 1361 etiamsi
869 1317 1034 1361 censuram
1058 1297 1202 1382 adjicies?

149 1383 227 1470 quid
242 1383 387 1448 Asittica-
403 1383 530 1472 legatio,
544 1397 576 1448 et
595 1381 775 1447 valetudine
799 1381 930 1446 adversa
950 1382 1081 1464 inutilis,
1096 1398 1128 1449 et
1147 1383 1204 1448 lilii

148 1491 224 1535 casu
249 1468 432 1548 deformata,
455 1483 486 1534 et
510 1480 582 1553 post
604 1468 741 1533 reditum
765 1469 947 1534 necessitate
971 1480 1026 1532 aut
1048 1469 1205 1534 subeundi

142 1555 268 1643 judicii,
284 1553 447 1620 autsimul
462 1573 534 1619 cunr
549 1555 650 1642 patris
662 1553 853 1618 deserendi?
877 1554 990 1618 Punici
1011 1567 1115 1620 tamen
1130 1554 1206 1620 belli

148 1643 412 1728 perpetratique
424 1640 547 1706 nullum
561 1661 664 1726 neque
678 1641 778 1789 map'us
795 1661 897 1728 neque
917 1640 1122 1726 periculosius
1139 1642 1205 1706 Ro-

150 1731 237 1793 mani
251 1750 385 1811 gessere,
401 1749 483 1793 unus
494 1727 686 1812 precipuum
701 1727 835 1814 goriam
851 1726 933 1791 tulit.
1122 1729 1125 1738 ’

194 1813 286 1880 LIV.
309 1813 418 1882 Morte
446 1813 591 1879 Africani
615 1835 742 1878 crevere
767 1811 1099 1880 inimicorum'animi.
1126 1837 1206 1903 quo·

151 1902 394 1986 rumvprinceps
416 1899 476 1964 fuit
501 1899 553 1964 M.
565 1899 696 1964 Porciu
718 1899 815 1978 Cato,
838 1901 893 1985 qui
918 1900 990 1966 vivo
1015 1923 1143 1988 quoque
1167 1924 1207 1966 eo

149 1986 307 2052 adlatrare
320 1988 387 2072 ejus
401 1986 650 2073 magnitudinem
669 1985 871 2051 solituserat.
895 1987 955 2052 boc
976 1999 1104 2052 auctore
1125 1989 1206 2052 exis-

150 2073 306 2138 timantur
322 2071 440 2138 Petillii
455 2086 496 2150 et,
512 2073 584 2136 vivo
601 2073 759 2150 Africano,
772 2095 838 2138 rem
853 2074 997 2162 ingressi,
1011 2088 1053 2154 et,
1069 2087 1206 2156 mortuo,

151 2159 349 2246 rogationem
375 2159 599 2245 promulgasse.
644 2155 720 2222 Fuit
740 2172 844 2224 sutem
867 2159 992 2246 rogatio
1005 2160 1094 2226 talis:
1117 2161 1205 2224 ⁹⁵Ve-
1214 2171 1358 2232 negatione

151 2245 224 2323 litis,
231 2243 378 2330 jubeatis,
392 2255 552 2330 perante,
565 2265 633 2328 quc
651 2246 775 2326 pecunia
798 2255 903 2326 copto,
914 2245 1030 2323 oblatu,
1046 2257 1152 2312 coacto
1168 2236 1326 2352 sirmio}

149 2352 223 2416 rege
240 2331 385 2396 Antiocho
398 2343 452 2408 est,
468 2333 578 2416 quique
597 2332 651 2394 sub
665 2328 729 2414 ejas
742 2331 863 2412 imperio
873 2331 1021 2414 fumonts
1044 2335 1122 2415 quod
1144 2333 1209 2416 cp'us
1320 2316 1336 2348 ¹'

150 2419 184 2482 ia
195 2417 484 2499 publicumrelctum
505 2439 566 2481 non
585 2427 639 2492 est,
654 2417 697 2480 uti
717 2417 756 2480 de
775 2438 812 2480 eo
832 2418 1112 2499 reses-..sopistis
1128 2439 1208 2500 prce·

153 2513 202 2567 tor
215 2505 345 2577 urbanus
359 2505 549 2568 adsesotnm
561 2501 699 2584 referat?
722 2521 809 2586 ptem
831 2524 898 2565 eom
915 2525 979 2568 rem
1002 2504 1072 2568 uelit
1089 2514 1210 2569 senatus

152 2609 286 2674 quoerme
299 2593 337 2654 de
349 2591 394 2668 iis,
409 2591 460 2674 qui
466 2600 609 2672 pretores
624 2609 701 2652 nunc
713 2594 798 2652 sunt?
823 2589 913 2654 Huic
934 2590 1090 2678 roigationi
1105 2593 1210 2675 primo

153 2675 198 2751 Q.
212 2690 243 2740 et
266 2674 306 2741 L.
320 2675 469 2740 Mummii
491 2673 743 2740 intercedebant:
766 2689 908 2740 senatum
928 2697 1072 2762 quaerere
1092 2677 1133 2742 de
1154 2699 1210 2762 pe·

152 2761 248 2826 cunia
269 2781 333 2826 non
356 2760 454 2826 relata
475 2761 508 2824 in
531 2761 703 2844 publicum,
719 2761 764 2824 ita
787 2772 821 2824 ut
843 2774 938 2826 antea
957 2783 1079 2847 semper
1092 2762 1210 2826 facturn

152 2859 244 2923 esset,
311 2869 385 2911 uum
409 2845 587 2914 censebant.
633 2845 751 2910 Petillii
772 2847 973 2911 nobilitatem
982 2861 1014 2913 et
1029 2869 1161 2933 regnum
1178 2849 1210 2912 in

150 2945 261 3016 senatu
333 2933 475 3018 ipionum
500 2934 699 2998 accusabant.
744 2931 785 2997 L.
802 2931 918 2996 Furius
939 2933 1109 3018 Purpureo
1135 2956 1211 2996 con-

153 3019 276 3097 sularis,
299 3021 353 3106 qui
377 3020 409 3083 in
435 3021 542 3083 decern
563 3019 673 3106 legatis
698 3018 732 3080 in
758 3018 837 3083 Asia
857 3015 970 3098 fuerat,
985 3019 1078 3083 latius
1094 3042 1212 3106 rogan·

151 3105 228 3170 dum
245 3106 410 3170 censebat:
435 3127 499 3180 non
515 3127 588 3192 quae
602 3105 643 3168 ab
658 3103 821 3169 Antiocho
840 3104 938 3170 modo
952 3106 1094 3191 pecuniae
1110 3119 1212 3189 captas

153 3191 267 3269 forent,
283 3191 336 3256 sed
352 3211 425 3277 quas
440 3191 480 3255 ab
495 3191 564 3256 aliis
587 3191 712 3276 regibus
734 3190 954 3278 gentibusque,
973 3193 1034 3256 Cn.
1052 3191 1210 3256 Manlium

150 3278 316 3344 inimicum
340 3279 508 3342 incessens.
554 3277 597 3342 Et
621 3277 661 3341 L.
679 3276 797 3361 Scipio,
826 3274 920 3363 quenl
947 3279 1047 3364 inagis
1074 3299 1136 3361 pro
1167 3301 1211 3354 se,

152 3385 249 3450 quam
272 3363 422 3429 adversus
444 3362 556 3450 legem,
579 3362 736 3427 dicturum
758 3364 942 3448 adparebat,
957 3365 1117 3429 dissuasor
1138 3385 1213 3450 pro-

152 3451 255 3515 cessit.
279 3451 303 3513 is
323 3461 397 3533 post
419 3465 552 3513 mortem
569 3449 607 3513 P.
623 3448 766 3514 Africani
788 3448 902 3527 fratris,
918 3449 977 3514 viri
991 3453 1134 3514 omnium
1148 3447 1213 3540 for-

273 3559 286 3586 ¹¹
297 3555 388 3602 tellicio
395 3563 474 3602 tomes
485 3557 574 3615 magis,
585 3557 733 3618 quast-pecte
743 3555 843 3602 mites.
876 3556 1007 3603 Memorat.
1019 3557 1087 3604 Cres.

152 3657 155 3666 ‘
186 3653 290 3704 9³*Eo
316 3654 433 3714 Africani
465 3651 593 3716 triumpho]
630 3655 667 3701 Ex
700 3668 745 3701 nus
758 3639 1002 3702 adsenatumrelerat
1019 3657 1047 3702 de
1063 3670 1091 3702 ea
1105 3659 1213 3718 pecuale,

152 3720 263 3780 ScipIone
274 3719 386 3767 Africano
397 3719 550 3778 triumpbsto.
701 3734 752 3780 que
763 3727 832 3782 cepta
843 3721 873 3768 ab
884 3721 1005 3768 Antiocho
1021 3726 1067 3778 cst,
1080 3724 1142 3782 quod
1153 3724 1214 3782 ejus,

186 3791 218 3834 94
239 3785 323 3831 Vitam
332 3785 429 3832 Literni
437 3779 545 3847 egitJDe
558 3784 601 3830 hac
612 3785 669 3831 villa
701 3786 723 3831 id
746 3793 791 3839 est,
815 3787 843 3830 de
865 3800 892 3831 ea
912 3787 1002 3832 scilicet
1023 3787 1087 3834 illius
1109 3789 1214 3848 pecuniis

152 3849 271 3910 Scipionis
288 3865 364 3912 operte
381 3849 482 3911 pretIuru
499 3855 535 3895 est
546 3849 620 3906 tegere
631 3865 667 3912 ep.
701 3855 777 3910 perte,
788 3864 839 3910 quse
855 3851 880 3896 in
893 3851 1013 3912 publicum
1025 3853 1099 3898 teleta
1109 3865 1158 3899 non
1169 3859 1214 3899 est.

152 3919 192 3961 86.
202 3914 305 3961 Senecoe.
699 3916 739 3962 De
759 3930 787 3961 ea
797 3930 823 3961 re
833 3916 903 3973 dixit,
916 3930 964 3964 non
982 3917 1118 3978 simpliciter
1134 3918 1161 3964 de
1177 3931 1215 3973 eo,

185 3984 217 4028 st
236 3979 335 4038 Velius,
342 3979 459 4040 jobeatis,
471 3985 604 4042 queratur,
616 3993 668 4042 quoe
700 3981 756 4041 qula
767 3994 812 4026 vox
824 3982 927 4040 petronio
938 3981 1012 4028 nimIo
1028 3981 1153 4028 interverto
1168 3981 1215 4026 dis·

148 4039 360 4108 pescutol'NobIs
378 4047 501 4093 admodum
515 4049 668 4107 suspectsest
700 4051 749 4094 tut:
770 4051 794 4092 et
811 4051 869 4092 nota
886 4051 922 4094 est
937 4047 1038 4093 formula
1056 4047 1162 4092 omnium
1179 4059 1215 4090 se-

152 4123 200 4156 rox
226 4115 355 4171 quaeromr.
387 4111 439 4158 Hes
461 4111 610 4167 rogationum
627 4110 668 4156 de·
701 4111 944 4169 natusconsuitorum,
968 4112 996 4157 de
1017 4125 1044 4157 ea
1060 4125 1087 4154 re
1109 4111 1145 4156 ita
1162 4124 1215 4155 cen-

149 4177 317 4234 crstorumque
344 4175 456 4223 formulas
482 4177 584 4224 Romani
609 4174 668 4220 inci·
699 4182 805 4223 sucruot.
836 4177 892 4222 Non
903 4173 1042 4222 absimiliter
1052 4180 1153 4221 structas
1164 4188 1217 4221 ors·

152 4253 207 4300 pere
228 4239 306 4287 solent
326 4253 341 4284 s
358 4241 510 4304 pronomine,
532 4248 557 4289 et
576 4242 668 4300 integra
700 4239 777 4286 tiones
789 4240 835 4286 vid.
848 4241 865 4287 l.
877 4241 896 4286 l.
908 4255 928 4289 c.
937 4247 978 4287 32.
988 4245 1014 4285 et
1024 4241 1069 4286 buc
1078 4240 1132 4300 ipso
1144 4240 1213 4295 libro,

150 4313 191 4350 est
207 4305 302 4364 suisque
319 4305 422 4352 numeris
433 4311 545 4354 constans
556 4307 607 4353 hec
617 4319 668 4352 ora·
701 4323 721 4352 c.
741 4311 777 4351 lt.
804 4305 881 4368 Igitur
897 4317 939 4366 pro
959 4311 1081 4366 queratur
1101 4306 1145 4353 boa
1162 4305 1215 4354 locu

151 4370 204 4433 tici
221 4369 309 4430 velitis,
319 4369 432 4430 iubentis,
444 4372 481 4418 uti
495 4378 582 4434 pretor
598 4371 667 4420 urba·
701 4372 826 4432 legendum
838 4377 948 4431 putemus
962 4371 1075 4427 Quirites.

746 4443 830 4502 003
