3126 4978
342 187 402 272 aaa
739 213 1034 284 T1T1L1v·11⁴

183 389 214 436 o.
226 387 319 436 emsa
338 375 403 440 ‘lius
418 373 529 438 consul
543 376 712 460 superioris
731 377 807 442 anni
830 376 1005 454 habuissem
1028 389 1060 442 et
1073 375 1224 442 66sociam
1240 399 1277 442 ac
1293 374 1404 442 Latini

181 453 251 502 ¹³⁸⁰·
265 459 318 502 ¹⁹⁹·
343 459 479 524 neminis
505 482 545 524 ex
570 461 682 526 eodem
707 461 868 528 exercitu‘
888 461 1067 549 quindecim
1093 462 1201 540 millia,
1225 475 1257 528 et
1281 465 1402 549 equites

343 547 419 634 quin
484 547 516 611 ti.
562 547 605 624 Q.
622 547 768 613 Minucio
788 571 859 614 curn
882 549 1033 627 exercitu,
1057 569 1150 636 quem
1170 550 1204 612 in
1229 549 1404 636 Liguribus

280 677 284 688 ι
344 632 424 698 babe
467 645 490 710 t,
505 645 712 720 prorogatum
728 635 907 718 imperium.
925 635 1084 712 additum,
1100 635 1132 698 in
1146 635 1401 721 supplementum

342 731 379 784 ut
393 732 531 806 quatuor
545 719 644 784 millia
659 721 798 806 peditum
810 721 1031 786 Romanorum
1046 721 1267 800 scriberentur,
1283 734 1315 786 et
1328 743 1405 794 cen·¹

249 821 255 832 ’
343 817 412 870 tum
432 805 662 892 quinquaginta
683 809 816 892 equitem
840 821 872 872 et
894 807 987 874 sociis
1008 809 1119 874 eodem
1141 807 1404 894 quinquemillia

343 890 487 976 peditum
509 893 751 977 imperarentur,
768 892 895 959 ducenti
916 893 1147 981 quinquaginta
1166 896 1295 980 equites.
1340 893 1403 958 Cn.

345 977 491 1042 Domitio
519 992 609 1042 extra
635 978 860 1064 Italiamque
885 993 1010 1044 senatus
1035 980 1215 1058 censuisset,
1241 980 1405 1064 provincia

344 1064 457 1141 creuit,
480 1064 519 1128 L.
535 1063 690 1140 Quinctio
714 1064 819 1130 Gallia
840 1077 872 1130 et
893 1066 1020 1134 comitia
1043 1066 1207 1135 habenda..
1243 1066 1403 1130 Praetores

345 1149 461 1214 deinde
474 1151 653 1233 provincias
667 1151 787 1216 sortiti:
811 1150 860 1215 Μ.
875 1150 1004 1216 Fulvius
1020 1151 1226 1217 Centumalus
1238 1153 1404 1230 urbanam,

345 1236 385 1300 L.
403 1236 587 1311 Scribonius
609 1236 690 1300 Libo
714 1256 789 1321 pere
815 1236 928 1317 rinam,
952 1239 991 1302 L.
1008 1238 1152 1302 Valerius
1178 1237 1228 1302 Ta
1252 1261 1294 1324 po
1321 1238 1403 1302 Sici-

344 1321 429 1398 liam,
447 1321 489 1398 Q.
507 1321 652 1388 Salonius
673 1323 769 1388 Sarra
832 1323 977 1400 rdiniam,
996 1323 1043 1388 M.
1061 1321 1190 1388 Baebius
1242 1323 1405 1408 amphilus

345 1407 534 1491 Hispaniam
549 1408 736 1486 citeriorem,
753 1410 795 1474 A.
809 1409 926 1474 Atilius
942 1411 1096 1475 Serranus
1111 1410 1316 1474 ulteriorem·
1333 1409 1401 1475 Sed

289 1555 294 1560 ,
343 1494 392 1558 his
414 1494 540 1559 duobus
569 1495 705 1580 primum
732 1499 1012 1572 senatusconsulto,
1035 1495 1148 1560 deinde
1177 1495 1278 1578 plebia
1306 1498 1402 1562 etiam

342 1581 421 1646 scito
435 1593 623 1666 permutatae
644 1581 817 1682 provinciae
830 1595 912 1646 sunt.
957 1581 1054 1648 Atilio
1075 1581 1180 1646 classis
1194 1594 1226 1648 et
1249 1581 1402 1664 Macedo-¹

311 1688 314 1691 ·
342 1667 406 1744 nia,
425 1667 536 1732 Baebio
552 1668 670 1732 Brutni
689 1667 815 1736 decreti.
861 1668 1019 1732 Flaminio
1036 1668 1148 1732 Fulvio
1171 1690 1211 1732 ue
1230 1669 1261 1730 iu
1282 1668 1403 1753 Hispa·

342 1753 404 1817 niis
424 1766 632 1840 prorogatum
654 1754 833 1837 imperium.
879 1753 990 1818 Baebio
1012 1691 1187 1838 Tamphilo
1208 1754 1242 1817 in
1260 1755 1405 1820 Bruttios

343 1839 417 1904 duae
432 1840 571 1940 legiones
581 1840 726 1915 decretae,
737 1861 808 1926 quoe
824 1840 929 1922 priore
939 1862 1024 1904 anno
1036 1840 1165 1904 urbauae
1179 1837 1324 1906 fuissent:
1340 1839 1367 1884 ⁶⁷
1372 1855 1404 1904 et

344 1927 504 1990 utasocris
519 1925 629 1990 eodem
645 1925 743 1990 millia
757 1926 898 2010 peditum
914 1925 1093 2011 quindecim
1115 1926 1355 2010 imperarentur,
1371 1939 1405 1991 et

181 2027 319 2089 cruram·
343 2013 509 2099 quingenti
528 2012 660 2096 equites.
705 2011 822 2089 Atilius
843 2011 973 2098 triginta
994 2034 1089 2076 naves
1103 2013 1343 2112 quinqueremes
1358 2012 1404 2076 fa-

181 2097 254 2142 ntur.
343 2119 415 2162 cere
433 2099 550 2183 jussus,
566 2108 599 2160 et
618 2119 660 2162 ex
683 2097 845 2162 usualibus
859 2113 978 2162 veteres
996 2097 1162 2174 deducere,
1178 2119 1205 2162 ει
1219 2120 1291 2185 quae
1312 2099 1405 2176 utiles

343 2198 456 2265 essent,
478 2195 510 2248 et
535 2183 673 2248 scribere
696 2183 820 2248 navales
845 2185 955 2249 socios.
1000 2183 1044 2248 Et
1066 2183 1247 2249 oonsulibus
1268 2185 1403 2269 impera·

344 2283 424 2348 tum,
443 2283 478 2335 ut
491 2269 520 2335 ei
534 2270 600 2335 duo
615 2269 713 2334 millia
726 2269 845 2336 socium
861 2293 898 2335 ac
913 2270 1017 2336 latini
1033 2271 1180 2347 nominis,
1194 2284 1226 2335 ct
1240 2270 1326 2335 mille
1347 2293 1402 2356 pe·

342 2356 422 2422 dites
437 2356 566 2420 darenth
583 2357 764 2421 Romanos.
802 2357 850 2421 Hi
864 2356 929 2420 duo
943 2371 1096 2442 praetores
1110 2369 1142 2420 et
1153 2356 1218 2420 duo
1233 2358 1403 2437 exercitus,

342 2443 498 2508 terrestris
512 2442 704 2527 navalisque,
715 2441 866 2508 adversus
881 2443 1000 2524 Nabim
1015 2456 1123 2526 aperte
1131 2443 1199 2528 jam
1213 2443 1403 2529 obpugnan-

342 2545 406 2595 tem
436 2529 536 2594 socios
564 2528 674 2612 populi
703 2528 851 2610 Romani,
873 2528 1061 2606 dicebantur
1089 2530 1204 2614 parari.
1250 2529 1401 2596 Ceterum
1475 2539 1479 2549 '

341 2615 436 2703 legati
461 2615 502 2680 ad
517 2613 711 2681 Antiochum
733 2614 819 2679 missi
840 2615 1122 2700 exspectabantur:
1146 2615 1199 2692 et¹‚
1217 2617 1402 2703 priusquam

340 2703 364 2766 ii
389 2701 550 2779 redissent,
574 2713 716 2768 vetuerat
738 2700 803 2765 Cn.
819 2700 997 2766 Domitium
1024 2700 1185 2766 consulem
1210 2717 1335 2768 senatus
1360 2703 1404 2766 ab
1429 2759 1440 2778 ,

343 2788 422 2854 urbe
436 2789 606 2854 discedere.
1086 2833 1099 2848 .

387 2875 486 2942 XXI.
511 2875 708 2941 Praetoribus
736 2876 763 2941 F
765 2875 853 2946 ulvio⁴
873 2888 905 2941 et
926 2876 1113 2958 Scribonio,
1135 2877 1259 2964 quibus,
1287 2889 1322 2940 ut
1344 2876 1401 2960 jus
1487 2866 1496 2882 ’

341 2961 483 3028 dicerent
498 2963 625 3038 Romae,
636 2962 799 3048 provincia
811 2975 889 3042 erat,
905 2963 1067 3049 negotium
1087 2963 1209 3040 datum,
1224 2975 1268 3036 ut,
1284 2961 1403 3046 praeter

341 3071 411 3114 eam
426 3048 567 3126 classem,
580 3050 632 3114 cui
648 3048 765 3114 Atilius
778 3046 970 3132 praefuturus
984 3063 1062 3126 erat,
1075 3061 1201 3114 centum
1213 3050 1403 3134 quinquere·
1450 3061 1453 3066 '

341 3157 409 3200 mes
430 3147 591 3220 pararent.
636 3135 823 3220 Priusquam
845 3135 955 3198 consul
979 3150 1194 3222 praetoresque
1214 3135 1246 3198 in
1273 3136 1403 3221 provin·

341 3222 406 3287 cias
430 3220 716 3307 proficiscerentur,
740 3220 929 3305 supplicatio
952 3221 1012 3284 fuit
1038 3220 1129 3306 prodi
1154 3222 1256 3286 iorum
1280 3241 1402 3286 caussa.

342 3309 482 3392 Capram
504 3330 560 3374 sex
583 3305 695 3370 hoedos
717 3328 782 3371 uno
804 3305 881 3372 foetu
903 3304 1048 3385 edidisse,
1064 3330 1104 3371 ex
1129 3245 1247 3372 §isene
1271 3307 1403 3372 nuncia·

340 3406 495 3460 tumeat:
525 3405 557 3458 et
580 3392 700 3457 Arretii
725 3413 859 3478 puerum
883 3404 994 3457 natum
1018 3393 1221 3458 unimunumt
1245 3393 1402 3458 Amiterni

340 3480 459 3545 “terra
480 3479 612 3566 pluisse:
637 3477 774 3544 Formiis
795 3493 920 3564 portum
943 3501 1132 3566 murumque
1147 3480 1188 3545 de
1202 3479 1283 3544 coelo
1298 3493 1401 3546 tacta:

326 3579 372 3632 ‘et
385 3565 485 3652 (quod
499 3566 637 3631 maxime
648 3565 798 3647 terrebat)
808 3565 944 3630 consulis
960 3565 1021 3632 Cu.
1033 3565 1171 3631 Domitii
1186 3567 1403 3630 bovemlecu-

339 3666 631 3730 temnentem.
647 3673 730 3716 rtur.
755 3651 941 3716 Ceterorum
962 3653 1179 3738 prodigiorum
1196 3673 1307 3716 caussa
1327 3673 1403 3737 sup-

338 3739 490 3825 plicatum
505 3750 569 3804 est:
586 3742 697 3804 bovem
710 3759 784 3803 cum
798 3759 876 3804 cura
889 3738 1005 3802 servari
1019 3739 1125 3826 alique
1134 3739 1292 3824 aruspices
1302 3739 1404 3824 jusse-

336 3908 589 3978 ftnspemauron.
602 3919 670 3967 cra.
707 3919 867 3966 turcanae.
900 3917 1192 3966 imeae-aretusa.
1222 3897 1405 3966 terrenum.

371 4067 403 4110 66
415 4063 648 4112 Socidmarbuts'nr'
658 4066 853 4126 rnumiae...pe-
917 4069 948 4116 67
969 4065 1001 4112 Ut
1019 4073 1043 4111 et
1061 4059 1143 4128 metir]
1165 4065 1226 4120 Lege
1244 4058 1324 4122 petias
1345 4072 1401 4107 cum

340 4130 400 4176 diter
417 4131 549 4192 quindecim
563 4127 652 4192 millia]
684 4131 791 4188 Sectam,
804 4130 854 4176 sive
886 4131 1017 4186 Gronorio,
1029 4137 1052 4175 et
1062 4136 1091 4174 at
1100 4131 1179 4176 sarid.

339 4209 368 4240 ex
379 4197 458 4252 sociis,
468 4196 558 4254 pedites
570 4196 599 4242 ad
617 4196 751 4256 quindecim
766 4197 852 4241 millia.
918 4199 948 4240 68
968 4191 1147 4256 Pmaplut'sse]
1157 4190 1326 4241 UuuseMSS.
1339 4191 1401 4237 Gro-

340 4261 379 4307 Sic
397 4261 459 4306 inira
472 4275 493 4306 c.
505 4267 545 4308 28.
562 4262 773 4307 tumultuariorum
788 4260 854 4305 miti-
887 4259 952 4305 nerii
972 4273 1025 4305 curu
1042 4260 1176 4317 Victorino,
1193 4264 1217 4306 et
1234 4257 1335 4305 Andreae
1353 4257 1402 4302 edi-

340 4332 392 4370 tum
401 4326 561 4373 addaadeer'm
569 4327 648 4372 millia
655 4325 756 4387 pedites,
766 4331 789 4370 rt
798 4339 854 4386 qua·
886 4325 1167 4388 tionererramptetsse.
1193 4321 1403 4372 Etsicinterdnm

340 4390 478 4450 uergentes
488 4393 585 4452 equites.
888 4387 976 4437 uirtus.
1315 4391 1318 4396 '
