3126 4978
381 423 383 430 ι
441 505 444 510 ¹
501 365 559 466 n.
610 363 813 466 nrvu
861 363 1253 479 rnrnvrnr
1383 313 1386 318 ’

635 621 839 704 urunn
876 624 1082 718 xxxvl.
1297 567 1298 572 Ὺ

768 853 962 898 -0-

168 1035 198 1081 u.
212 1036 304 1082 αὖοι.
332 1014 381 1094 Ρ.
406 989 693 1099 consumunt
717 1033 779 1099 on.
794 997 897 1100 ertum
921 1034 1101 1122 Scipionem
1125 1045 1156 1101 et
1172 1035 1233 1100 Μ’.
1248 1035 1390 1102 nentrum

168 1101 323 1226 {isgrffli‘o'
334 1117 540 1184 Glabrionem
553 1119 708 1198 consules,
721 1121 800 1185 inito
813 1123 1007 1210 magistratu,
1021 1121 1141 1199 Patres,
1154 1123 1339 1208 priusquam
1350 1123 1392 1188 de

167 1229 298 1280 muncip„
332 1205 501 1289 provinciis
523 1219 663 1294 agerent,
678 1229 728 1270 res
749 1207 871 1273 divinas
889 1208 992 1274 facere
1012 1209 1184 1294 majoribus
1206 1210 1314 1273 hostiis
1324 1212 1393 1296 jus-
1463 1251 1468 1260 ·

168 1295 235 1352 Θου·
331 1304 441 1356 serunt
454 1292 487 1356 in
502 1293 649 1356 omnibus
669 1291 762 1372 fanis,
779 1294 830 1358 iu²
843 1295 957 1381 quibus
971 1295 982 1332 ¹
994 1294 1218 1361 lectisternium
1237 1297 1391 1381 majorem

330 1392 453 1462 partem
468 1379 544 1443 anni
565 1379 635 1444 fieri
657 1379 754 1457 solet3
776 1381 972 1466 precarique,
988 1381 1074 1467 quod
1099 1392 1224 1449 senatus
1245 1381 1286 1456 de
1307 1375 1391 1446 nono

331 1462 415 1532 bello
440 1466 473 1529 in
497 1468 613 1530 animo.
630 1465 771 1545 haberet,
791 1480 827 1532 ut
849 1490 886 1532 ea
907 1489 957 1534 res
979 1468 1100 1535 senatui
1119 1467 1301 1554 populoque
1322 1467 1401 1542 Ro·¹

329 1572 427 1618 mano
442 1552 574 1618 boneac
593 1550 725 1618 feliciter
745 1554 894 1619 eveniret.
940 1553 989 1620 Ea
1010 1555 1117 1625 omnia
1138 1554 1291 1620 sacrificia
1316 1552 1393 1618 laeta

329 1635 469 1717 fuerunt,
484 1638 684 1726 'primisque
704 1639 814 1704 hostiis
828 1639 1013 1724 ‘perlitatum
1035 1653 1103 1706 est:
1125 1654 1157 1706 et
1171 1639 1391 1726 itaaruspices

325 1725 573 1810 responderunt,
589 1748 628 1790 eo
643 1725 727 1790 bello
740 1727 893 1792 terminos
913 1726 1026 1812 populi
1047 1727 1184 1792 Romani
1204 1726 1389 1814 propagari,

329 1811 493 1878 victoriam
515 1834 553 1876 ac
578 1810 774 1897 triumphum
795 1812 929 1878 ostendi.
974 1812 1060 1878 Haec
1082 1835 1180 1900 quum
1206 1813 1391 1878 renunciata

330 1910 446 1975 essent,
462 1897 572 1962 solutis
585 1897 739 1985 religione
753 1898 876 1976 animis,
894 1899 1004 1964 Patres
1017 1900 1216 1986 rogationem
1230 1899 1272 1964 ad
1287 1920 1390 1984 popu·

167 1994 322 2070 narramur.
331 1983 397 2048 lum
419 1983 495 2048 ferri
511 1983 688 2069 jusserunt:
718 1985 829 2049 Vellent
838 1985 1030 2070 juberentur,
1046 2007 1113 2050 eum
1138 1987 1285 2050 Antiocho
1305 2007 1389 2070 rege,

164 2059 322 2170 maella&
331 2070 439 2219 quique
462 2079 575 2134 sectum
597 2068 661 2156 eius
680 2072 774 2135 secuti
801 2083 906 2150 carent,
920 2071 1026 2136 bellum
1045 2070 1138 2136 iniri?
1159 2071 1185 2136 si
1208 2095 1244 2138 ea
1266 2071 1392 2160 rogatio

165 2189 277 2236 cernitur.
331 2163 388 2240 per
401 2167 453 2223 ata
466 2168 556 2235 esset,
571 2167 651 2236 tum,
668 2157 695 2230 si
710 2155 755 2222 ita
768 2156 927 2224 videretur
942 2156 1136 2238 consulibus,
1152 2179 1218 2222 rem
1233 2159 1390 2242 integram

330 2242 377 2306 ad.
387 2255 530 2308 senatum
544 2241 706 2309 referrent.
752 2243 789 2310 P.
806 2243 974 2311 Cornelius
984 2267 1052 2312 eam
1070 2245 1265 2333 rogationem
1280 2253 1390 2328 pertu-

330 2327 386 2394 lit.·
400 2341 468 2394 tum
495 2342 620 2396 senatus
642 2329 792 2412 decrevit,
807 2344 844 2396 ut
865 2330 1009 2397 consules
1030 2330 1152 2397 Italiam
1176 2343 1208 2396 et
1230 2331 1389 2395 Graeeiam

166 2413 514 2500 rrovrnstaeerprovincias'
537 2417 743 2496 sortirentur;
766 2418 819 2484 cui
849 2418 978 2484 Graecia
1005 2419 1166 2496 evenisset,
1186 2417 1246 2482 lut
1274 2427 1391 2502 praeter

167 2501 290 2549 exercitur.
328 2525 404 2588 eum
419 2525 591 2569 numerum
604 2503 754 2585 militum,
769 2527 862 2590 quem
879 2503 919 2569 L.
936 2504 1107 2586 Quinctius
1120 2501 1159 2569 in¹
1176 2526 1246 2568 eam
1260 2504 1390 2588 prouin-

330 2591 411 2653 ciam
440 2611 481 2654 ex
510 2591 697 2668 auctoritate
726 2605 850 2655 senatus
872 2591 1067 2675 ⁴scripsisset
1093 2591 1324 2676 imperassetve,
1355 2600 1392 2654 ut

243 2707 246 2710 ·
277 2758 279 2764 ‚
329 2689 402 2760 eom
433 2678 606 2764 exercitum
619 2677 799 2763 acciperet,
825 2700 921 2764 quem
944 2677 995 2742 M.
1011 2676 1140 2742 Baebius
1164 2687 1284 2763 praetor
1306 2697 1390 2740 auno

277 2765 279 2776 l
329 2764 436 2847 priore
456 2787 494 2830 ex
517 2763 790 2831 senatusconsulto
815 2764 848 2828 in
874 2763 1098 2830 Macedoniam
1122 2763 1303 2850 trajecisset.
1348 2762 1392 2828 Et

329 2862 420 2916 extra
441 2848 567 2916 Italiam
590 2852 786 2936 permissum,
809 2863 855 2926 ut,
872 2851 897 2915 si
923 2873 972 2916 res
996 2851 1192 2936 postulasset,
1208 2849 1326 2914 auxilia
1347 2848 1389 2913 ab

281 2940 282 2944 ’
330 2937 434 3013 sociis,
451 2959 491 3002 ne
506 2961 602 3024 supra
623 2939 764 3026 quinque
787 2937 921 3002 millium
943 2959 1123 3012 numerum,
1139 2937 1306 3022 acciperet.
1350 2933 1391 2998 L.

331 3023 520 3100 Quinctium
544 3025 715 3110 superioris
741 3025 815 3090 anni
840 3023 999 3088 consulem
1025 3023 1125 3110 legari
1148 3022 1189 3087 ad
1215 3021 1248 3086 id
1271 3019 1391 3086 bellum

328 3109 458 3196 placuit.
503 3111 596 3176 Alter
621 3110 740 3189 consul,
757 3109 809 3174 cui
836 3109 928 3174 ltalia
949 3109 1113 3195 provincia
1132 3110 1295 3186 evenisset,
1316 3127 1391 3171 cum

331 3197 419 3262 Boiis
428 3198 534 3283 jussus
548 3197 666 3262 bellum
689 3219 810 3284 gerere,
826 3211 898 3260 utro
919 3197 1059 3261 exercitu
1080 3195 1188 3261 mallet
1201 3217 1244 3260 ex
1256 3193 1392 3275 duobus,

329 3305 409 3369 quos
432 3283 608 3368 superiores
637 3283 781 3348 consules
810 3281 994 3348 habuissent
1001 3306 1011 3359 ;
1033 3281 1168 3347 alterum
1193 3293 1237 3382 ul·
1252 3281 1393 3347 mitteret

759 3409 771 3438 ²
789 3408 816 3452 in
827 3407 873 3454 del.
886 3407 961 3454 Grou.

364 3501 580 3552 theotistom'rrm
609 3506 723 3566 majores»
749 3510 846 3566 purtem
877 3505 1063 3566 earcpropitior.
1095 3504 1213 3551 Hocideo
1228 3504 1337 3565 observat
1351 3503 1392 3550 m-

330 3569 452 3628 anoistert
462 3567 531 3632 solet]
548 3571 672 3618 Hactenus
690 3570 845 3618 lectisternio·
877 3572 939 3628 niue,
958 3570 1014 3630 quie
1024 3584 1085 3632 crepe
1099 3570 1229 3631 complure·
1245 3569 1331 3616 hostire
1347 3569 1392 3616 im-

329 3645 382 3678 rum
410 3635 480 3684 modo
505 3640 572 3683 entra
597 3637 702 3682 ordinem
725 3637 845 3696 placente
878 3635 1123 3696 motabantur,quum
1140 3635 1222 3696 primas
1238 3647 1287 3681 nou
1303 3643 1341 3681 rat
1356 3635 1391 3682 fe·

329 3696 400 3744 deum
417 3699 458 3746 irae
477 3701 621 3748 indictorum
640 3701 731 3749 mentio
751 3701 846 3748 tactas
877 3701 932 3748 licia
952 3706 1037 3748 evento
1057 3699 1218 3762 pronunciare
1239 3699 1391 3754 videbantur,

328 3763 396 3810 Lirin
418 3771 462 3812 cst.
494 3767 531 3814 Ex
551 3767 597 3815 hoc
618 3767 670 3814 loco
692 3767 846 3823 intelligimur
878 3767 1031 3827 quoadurque
1063 3765 1198 3826 perlitatum
1235 3765 1304 3812 foret.
1336 3765 1393 3811 Vrd.

328 3829 402 3875 fuisos
411 3835 437 3876 ct
447 3833 516 3879 statie
530 3832 677 3895 temporibus
687 3832 760 3880 indici
776 3832 847 3880 solita
878 3832 949 3891 buius
962 3833 995 3878 rei
1004 3832 1135 3893 exemplum
1145 3831 1208 3877 infra
1217 3829 1284 3877 XLI.
1298 3833 1335 3874 tt.

328 3895 480 3945 lectisternia.
513 3898 594 3958 Hujus
616 3898 708 3960 generis
730 3897 845 3944 lectieter-
908 3897 977 3944 8Ut
1000 3905 1089 3958 μαῖον
1113 3911 1167 3944 eum
1190 3899 1392 3942 numeramur!

328 3961 395 4008 nium
421 3968 519 4010 notatur
545 3965 571 4010 iu
599 3963 742 4010 Kalendario
763 3962 845 4010 luitur
876 3977 930 4009 eum
956 3957 1097 4024 morellum]
1124 3961 1237 4009 Notauda
1261 3959 1393 4022 geminum

328 4028 512 4088 Novembribus,
523 4029 562 4076 hir
573 4029 664 4077 verbis:
682 4029 791 4090 Epulum
806 4030 844 4074 r'o·
875 4027 996 4088 patienta
1006 4035 1041 4075 ut.
1057 4027 1111 4074 Vitl.
1128 4039 1200 4088 cupra
1216 4025 1303 4074 xxn.
1317 4032 1355 4071 ll.
1366 4029 1392 4072 et

329 4094 428 4152 dictum,
449 4109 533 4157 nempe
555 4095 607 4140 dna.
642 4095 679 4141 De
699 4093 844 4142 lectisternio
876 4091 996 4140 xxvm.
1004 4099 1029 4141 9.

328 4159 375 4205 rid.
388 4163 438 4208 not.
451 4167 490 4206 48.
502 4161 531 4207 ad
543 4161 573 4207 V.
588 4166 624 4206 1³.
909 4163 924 4202 4
941 4157 1082 4216 Serr‘prr'eret
1093 4151 1267 4220 imperaretur]
1275 4153 1392 4216 Serlprr'r·

361 4231 374 4269 2
385 4226 400 4256 ἢ
407 4225 546 4288 Primr'rque
554 4226 638 4272 toartis
645 4225 788 4286 perlitatum
799 4218 846 4285 ert]
877 4228 921 4279 ret,
931 4222 1111 4284 intelligendum
1120 4228 1157 4269 ert
1165 4220 1329 4272 cenomanice
1346 4222 1392 4266 iar·

327 4288 357 4334 ln
381 4291 463 4350 primis
485 4291 565 4338 atatim
589 4289 674 4338 hortiis
699 4303 726 4334 ea
747 4288 846 4334 invente
866 4293 991 4352 pererret,
1004 4288 1033 4336 da
1050 4287 1133 4337 sociis:
1152 4292 1180 4335 ut
1198 4292 1263 4349 patet
1280 4297 1309 4334 ex
1327 4299 1349 4333 c.
1365 4291 1389 4330 ³.

328 4361 385 4400 runt
397 4357 474 4417 signa,
484 4371 514 4402 ex
532 4354 617 4418 quibus
626 4354 777 4413 judicabatur
788 4353 844 4402 deor
877 4352 945 4400 intre.
