3082 4976
406 178 503 240 ura.
530 173 678 275 xxxta.
705 171 801 239 cur.
820 175 924 236 xxu.
1139 179 1199 239 nr

142 331 375 428 qui-sd'L'uuse
387 334 515 430 portum
531 337 571 408 C.
586 335 793 428 Calpurnium
809 337 979 427 pretorem
994 332 1197 424 consequere·v
1205 340 1364 420 nicaea!

144 428 472 516 tursuuuciaretque,
488 441 628 500 mnarum
652 449 779 516 aequum
803 447 938 502 censere,
955 423 995 489 ne
1015 425 1082 488 sine
1099 417 1343 512 impe-³¹³·'⁰·‘¹⁸⁶·
1432 467 1435 474 ,

143 515 377 598 rio-provincia
397 528 488 593 essct,
504 529 663 580 maturare
684 535 755 579 sum
769 509 947 598 *proficisci
990 511 1116 587 Quarto
1136 511 1199 587 die,
1227 535 1253 560 ⁴·

145 601 201 686 qui
224 600 335 664 missus
357 617 434 679 erat,
451 603 577 669 Lunam
595 593 691 664 venit.
713 600 822 686 paucis
843 610 915 664 ante
936 597 1048 662 diebus
1066 597 1203 689 Calpui·
1232 649 1235 654 .
1281 599 1284 610 '

145 688 218 750 nius
238 685 397 770 profectus
418 705 496 773 erat.
542 687 584 752 Et
605 688 638 750 in
663 687 810 752 citeriore
826 683 981 771 Hispania
1003 681 1042 748 L.
1059 681 1202 747 Manlius
1224 677 1228 688 ’

147 771 311 854 Acidinus,
328 774 385 859 qui
406 775 516 838 eodem
544 791 695 860 tempore,
710 793 775 858 quo
796 771 834 836 C.
857 770 994 846 Atinius,
1015 769 1047 832 in
1071 770 1206 852 provtns

146 861 228 922 cium
253 859 340 936 ierat,
367 881 438 924 cum
466 859 632 924 Celtiberis
657 859 724 922 scie
746 857 896 922 conflixit.
925 857 1046 920 incerta
1070 853 1204 919 victoria
1236 857 1237 860 ’

147 945 314 1010 discessum
330 960 385 1022 sat,
401 947 460 1010 nisi
476 945 562 1032 quod
578 944 727 1009 Celtiberi
743 958 845 1008 castra
861 943 935 1008 inde
948 955 1041 1020 nocte
1054 938 1205 1025 proxima

146 1043 328 1116 moverunts
356 1031 509 1096 Romanis
534 1045 566 1096 et
587 1051 664 1096 suos
690 1029 870 1114 sepeliendi,
895 1042 933 1093 et
954 1027 1054 1113 spolia
1077 1021 1223 1114 legendi'

115 1187 118 1192 ,
146 1137 187 1181 ex
216 1115 360 1182 hostibus
388 1130 528 1203 potestas
558 1117 641 1182 facta
669 1133 726 1180 est.
772 1116 894 1180 Paucos
930 1127 1002 1199 post
1029 1113 1105 1188 dies,
1136 1125 1203 1176 ma·-

1 1260 3 1283 4
140 1203 214 1288 jore
239 1217 352 1271 coacto
379 1209 552 1281 exercitu',
576 1203 727 1285 Celtiberi
753 1202 793 1266 ad
818 1200 1019 1350 Calagorrim
1048 1197 1203 1285 oppidum

148 1287 241 1356 ultro.
254 1289 475 1356 lacessiverunt
497 1289 615 1372 proelio
637 1289 808 1353 Romanos.
854 1286 896 1352 Ni
921 1285 941 1350 il
965 1285 1109 1362 traditur,
1132 1283 1228 1368 qum'

147 1395 257 1439 caussa
271 1393 402 1446 numero
417 1389 510 1441 aucto
527 1375 715 1440 infirmiores
728 1395 782 1440 eos
797 1372 915 1438 fecerit.
937 1372 1077 1456 superati
1090 1369 1204 1456 proelio
1256 1423 1259 1430 .

149 1475 233 1527 sunt.
258 1460 299 1526 ad
318 1462 485 1527 duodecim
501 1461 608 1541 ,millia
629 1461 793 1526 bominum
815 1445 906 1536 ού
922 1458 993 1544 plus
1007 1457 1074 1521 duo
1095 1459 1206 1544 captas

149 1560 180 1612 et
200 1548 310 1611 castris
328 1549 490 1614 Romame
513 1548 640 1634 potitus.
662 1559 704 1623 et,
721 1548 781 1610 nisi
806 1567 966 1610 successor
987 1545 1124 1609 aduemu
1147 1565 1205 1606 suo

149 1630 334 1700 inhibuisset
355 1635 497 1720 inpetum
512 1634 649 1710 victoris,
664 1633 784 1698 subacti
802 1630 952 1696 Celtiberi
969 1629 1082 1696 forent.
1121 1629 1205 1694 Novi

149 1733 302 1804 praetores
316 1721 411 1786 ambo
425 1721 581 1786 exercitus
594 1721 627 1784 in
643 1721 776 1784 hiberna
788 1718 999 1784 deduxerunt.
1088 1739 1091 1746 ’
1117 1743 1121 1752 ·
1200 1715 1203 1725 “

194 1805 309 1870 XXII.
334 1805 396 1872 Per
417 1829 470 1871 eos
492 1802 567 1882 dies,
587 1807 701 1892 quibus
721 1805 792 1870 haec
810 1827 851 1870 ex
876 1803 1033 1890 Hispania
1059 1803 1207 1866 nunciata

149 1906 235 1970 sunt,
261 1891 362 1956 ⁸⁰ludi
393 1893 527 1957 Taurii¹
555 1914 613 1977 per
643 1892 773 1956 biduum
799 1891 872 1956 facti
901 1889 1061 1977 religionis
1079 1911 1205 1953 causeo.

151 1977 191 2062 (⁸¹
199 1999 257 2064 per
273 1977 375 2061 'dies’)
395 1979 503 2044 decem
519 1977 730 2068 '⁸²edpsratos
752 1977 866 2042 deinde
888 1975 982 2041 ludos
998 1975 1048 2040 M.
1066 1976 1205 2050 Fuluius,

173 2087 230 2130 uos
258 2079 386 2132 voverat
413 2066 556 2133 AEtolico
584 2065 678 2144 bello,
708 2064 789 2130 fecit.
836 2063 935 2130 Multi
963 2062 1132 2127 8³artifices
1166 2081 1206 2124 ex

188 2152 281 2216 raecia
298 2167 470 2217 venerunt⁵
483 2153 613 2218 honoris
628 2152 693 2238 ejus
708 2153 826 2216 caussa.
871 2150 1068 2215 Athletarum
1081 2169 1208 2235 quoque

148 2251 308 2302 certamen
334 2253 402 2303 tum
427 2239 532 2323 primo
561 2238 711 2302 Romanis
736 2235 1004 2322 spectaculorum
1027 2235 1208 2299 etvenatio

149 2323 226 2389 data
240 2318 367 2389 leonum
388 2339 420 2390 et
444 2325 688 2410 pantherarum
710 2339 742 2388 et
762 2343 865 2408 prope
886 2324 977 2408 hujus
998 2323 1094 2385 seculi
1116 2322 1208 2404 copia

151 2432 189 2474 ac
204 2410 352 2476 varietate
372 2411 530 2476 ludicrum
553 2409 743 2477 celebratum
767 2422 822 2474 est.
867 2407 1074 2472 Novemdiale
1094 2407 1209 2472 deinde

152 2517 275 2580 sucrum
292 2496 403 2576 tenuit,
419 2497 505 2584 quod
520 2500 552 2562 in
570 2497 697 2564 Piceno·
711 2517 769 2580 per
789 2494 930 2560 triduum
949 2495 1105 2580 lapidibus
1119 2493 1207 2578 plue-

151 2594 212 2662 rat,
233 2583 385 2670 ignesque
409 2584 549 2650 coelestes
573 2582 779 2649 multifariam.
802 2581 864 2646 orti
889 2583 1040 2646 adussisse
1065 2579 1209 2664 complu-

151 2669 234 2734 rium
251 2669 309 2734 lovi
325 2666 442 2736 adflatu
456 2672 642 2736 vestimenta
656 2669 794 2734 maxime
804 2668 999 2732 dicebantur.
1028 2668 1164 2732 ‘Addita
1178 2679 1210 2730 et
1305 2709 1308 2718 ·

151 2775 251 2820 uuum
266 2755 349 2821 diem
365 2756 553 2842 supplicatio
575 2770 621 2821 est
642 2777 681 2820 ex
704 2756 831 2820 decreto
854 2753 1050 2837 pontificum,
1066 2755 1151 2838 quod
1167 2776 1209 2816 re·
1236 2777 1239 2784 ⁴

152 2839 212 2919 des,-
224 2841 306 2927 Opis
320 2843 353 2906 in
370 2842 530 2928 Capitolio
543 2843 584 2906 de
605 2841 691 2907 coelo
711 2839 796 2908 tacta
816 2857 892 2904 erat.
915 2839 1025 2905 hostiis
1039 2839 1210 2924 majoribus

152 2928 297 2992 consules
318 2942 538 3014 procurarunt,
553 2928 579 2968 ⁸¹
589 2930 760 3013 urbemque
779 2928 999 2993 lustraverunt.
1045 2925 1114 2990 Sub
1129 2925 1211 2988 ide'm

152 3029 278 3100 tempus
287 3029 323 3080 et
343 3035 384 3080 ex
400 3015 537 3080 Umbria
550 3015 734 3080 nunciatum
755 3027 812 3098 est,
828 3013 1022 3078 semimarem
1042 3010 1210 3076 duodecim
1306 3087 1309 3097 1

151 3099 252 3165 ferme
276 3123 376 3166 annos
396 3115 507 3168 natum
533 3103 706 3166 inventum.
728 3101 763 3166 id
782 3100 960 3186 prodigium
984 3099 1224 3175 abominantes.

152 3188 253 3252 arceri
284 3187 430 3253 Romano
463 3211 542 3276 agro
578 3186 746 3274 necarique
773 3187 1006 3273 quamprimum
1041 3187 1212 3272 jusserunt.

188 3326 202 3354 ¹¹
212 3331 291 3372 coacto
301 3325 391 3388 nemora
402 3328 508 3373 eaerdtu
517 3328 590 3373 Grou.
604 3327 671 3374 Ores.
720 3329 734 3356 ¹
747 3321 857 3374 utensilia
869 3325 935 3374 Eaed.
977 3330 990 3368 Υ
1000 3295 1044 3387 per
1055 3319 1104 3372 dies
1114 3322 1213 3370 sublatis

155 3390 260 3450 uncinis,
267 3391 333 3437 velut
343 3391 372 3449 sb
381 3391 544 3440 emendatione
552 3392 598 3438 illa
607 3405 675 3440 voces
684 3405 731 3439 non
742 3393 868 3438 venissent
885 3392 950 3438 Eud.
1005 3395 1019 3422 ²
1028 3389 1214 3438 acamantEaed.

187 3509 219 3550 80
237 3502 302 3551 Ludi
314 3503 439 3566 Tuscilio]
475 3507 509 3552 Hi
523 3506 580 3560 ludi,
592 3507 667 3566 quiet
701 3521 753 3552 nem
771 3520 785 3552 a
802 3508 862 3554 ludis
875 3507 958 3553 votivis
971 3507 1004 3552 M.
1017 3505 1104 3554 Fulvii.
1121 3506 1149 3550 de
1161 3506 1213 3564 qui-

157 3567 244 3618 roura
258 3569 379 3626 dicuutur,
392 3573 510 3629 quomodo
526 3569 565 3617 hic
575 3585 668 3631 quoque.
699 3571 743 3618 bus
756 3585 810 3618 usox
821 3573 926 3618 dicturus
938 3576 990 3630 est3
1008 3571 1046 3630 qui
1060 3571 1151 3630 quidem
1168 3569 1213 3616 etsi

155 3633 263 3680 Andreas
273 3634 354 3687 habet.
363 3641 388 3680 et
398 3636 446 3683 duo
454 3651 467 3682 a
476 3635 545 3684 MSS.
557 3637 667 3695 fluctuli,
700 3637 819 3698 religionis
829 3649 923 3697 quoque
934 3637 1040 3694 nomine,
1048 3642 1126 3684 nmen
1136 3638 1212 3683 multo

156 3699 266 3746 instituti
281 3709 442 3746 memorantur
456 3703 552 3748 uFesto
567 3702 614 3748 dits
626 3703 668 3747 Ia·
701 3703 775 3762 mugio
796 3716 888 3764 pompas
910 3707 933 3749 ct
956 3699 1120 3749 oblectationis
1143 3715 1213 3750 ceusu

145 3763 256 3821 sericea
266 3763 312 3812 ltoc
325 3781 404 3812 cauea.
442 3765 573 3828 Tarquinio
582 3767 669 3828 Super·
701 3767 837 3814 edebantur.

156 3829 185 3875 bo
201 3836 327 3890 regnante,
347 3845 419 3892 quum
438 3845 531 3892 ‘mapsa
548 3831 671 3879 caudina
735 3838 763 3877 81
782 3831 985 3893 Perdiesdeoeml
998 3833 1092 3893 Adiecit
1102 3832 1213 3894 Sigonius

152 3894 294 3955 pestilentia
303 3895 330 3941 iu
335 3897 580 3957 mulierergroos'dar.
590 3911 671 3944 earum
703 3895 736 3944 «ὃ
742 3912 787 3959 per
798 3898 847 3944 dies
857 3912 885 3943 ex
894 3897 1010 3956 probabili
1021 3898 1164 3956 conjecturs.

146 3965 231 4022 μω
247 3960 406 4020 iusserimus
415 3977 447 4021 ea
464 3977 535 4009 cam
550 3963 671 4008 divendita
737 3968 768 4008 82
783 3964 933 4024 Apparatus.
948 3959 1039 4024 dudae]
1056 3964 1135 4010 Ludos
1143 3975 1214 4021 appas

152 4025 241 4088 populo
268 4031 394 4073 taurorum
420 4029 620 4074 immolatorum
638 4027 671 4072 ot
704 4034 753 4073 retu
772 4029 942 4090 magnificeque
960 4029 1045 4085 iactos,
1064 4025 1215 4085 obloquitur

155 4088 263 4137 secuda·
275 4091 363 4137 Taurii
376 4092 672 4154 appellatimat,etjiunt
704 4093 795 4146 Livius,
809 4095 824 4138 Ι.
837 4093 1001 4140 xxxtas.
1131 4125 1134 4135 ,

155 4154 184 4200 ia
196 4155 265 4201 Circo
277 4155 406 4216 Fiaasiulo,
415 4173 445 4205 ae
457 4159 522 4204 iuba
532 4173 611 4204 sacros
623 4163 673 4204 eoo·
740 4163 769 4205 83
785 4156 910 4219 Artifices]
931 4157 989 4206 vid.
997 4161 1048 4203 not.
1058 4163 1080 4200 2·
1090 4156 1119 4202 cd
1130 4156 1146 4202 l.
1156 4156 1186 4202 V.
1194 4169 1216 4202 c.

155 4221 386 4281 casturds'llosrri.
417 4224 582 4271 Addituutam
594 4222 674 4268 Livius
709 4229 831 4285 haupts„
885 4231 888 4236 '

157 4285 285 4346 refigionis
301 4301 383 4343 meuc,
400 4294 427 4334 ut
443 4289 575 4351 distinguet
589 4289 674 4334 borum
717 4295 770 4344 ,ss
791 4289 920 4349 Urbemqrtr
951 4281 1123 4347 seruauerunt]
1163 4283 1217 4330 vic.

161 4349 271 4397 ludorum
290 4351 412 4398 solennem
429 4357 561 4414 statumque
580 4353 673 4414 religio·
707 4360 759 4400 uct.
771 4355 825 4400 adl.
838 4353 918 4400 Xbll.
930 4366 951 4398 c.
963 4358 1003 4400 20.
1017 4352 1086 4416 infra.

200 4431 273 4480 VOL·
290 4435 346 4479 111.
735 4437 754 4480 Ε
771 4439 789 4479 θ
