3042 4954
405 157 678 224 mo.·xxxr11.
705 165 808 226 cnr.
835 165 884 246 x„
1136 173 1174 238 aa

24 347 39 415 r
110 323 269 410 porrectis
294 324 462 394 ordinibus
485 325 636 413 duplicat,
656 327 817 416 utlongc
841 329 956 415 potius,
979 308 1073 414 quam
1099 328 1174 413 lats,
1182 354 1320 406 unm

24 411 26 500 l
110 411 193 478 acies
207 422 300 478 esset.
323 412 418 498 simul
435 424 467 480 et
487 413 613 480 densari
627 409 867 501 ordinesjussit,
883 429 918 482 ut
932 415 980 480 vir
994 415 1071 496 viro,
1086 423 1214 485 urmat-
1225 423 1254 470 0·
1267 428 1323 474 ¹⁹⁷·

112 499 444 588 armisjungerentur.

156 583 224 650 lx.
247 585 429 668 Quinctius,
444 584 504 665 his,
545 587 576 652 ui
597 587 630 652 in
647 585 766 673 proelio
786 584 923 669 fueraut,
937 587 1021 654 inter
1042 588 1132 678 signa
1144 603 1177 656 et

111 670 241 736 ordines
255 673 405 758 acceptis,
421 673 499 738 tuba
519 609 575 754 dat
595 674 732 761 signum.
778 673 866 738 Raro
886 673 963 740 alias
984 687 1091 740 tantus
1113 676 1177 742 cla-

111 779 182 822 mor
196 757 317 824 dicitur
330 760 364 823 in
381 759 539 846 principio
553 781 670 848 pugnae
679 777 682 786 ’
691 771 829 824 exortus.
851 781 925 824 nam
939 760 1022 826 forte
1044 778 1178 848 utreque

112 845 195 910 acies
220 844 319 910 simul
341 845 589 916 conclamavere.
621 868 680 912 nec
702 845 802 911 solum
824 847 880 932 qui
903 847 1101 936 pugnabant,
1123 852 1179 914 sed

112 931 257 1002 subsidio
275 933 382 1011 etiam,
398 933 516 1020 quique
537 944 606 998 tum
628 933 764 998 maxime
779 932 811 996 in
835 933 986 1016 proelium
1001 935 1178 1002 veniebant.

113 1018 244 1084 Dextro
268 1041 368 1084 cornu
390 1041 457 1098 rex,
472 1017 534 1084 loci
555 1020 726 1104 plurimum
748 1018 877 1100 auxilio,
896 1041 937 1084 ex
953 1021 1039 1108 jugis
1060 1021 1181 1087 altiori-

112 1103 171 1170 bus
194 1127 359 1194 pugnans,
378 1105 534 1184 vincebam
560 1105 785 1184 sinistrarum
807 1127 881 1174 cum
902 1107 1045 1173 maxime
1065 1109 1181 1193 adpro-

113 1193 295 1279 pinquante
321 1189 485 1280 phalangis
510 1204 610 1275 parte,
631 1214 704 1278 quae
727 1191 888 1258 novissimi
909 1193 1044 1282 agminis
1067 1195 1181 1272 fuerat,

115 1277 180 1344 sine
197 1277 269 1342 ullo
283 1277 394 1344 ordine
416 1277 642 1364 trepidabatur.
686 1278 797 1344 Media
817 1279 910 1359 acies,
948 1302 999 1346 um
1015 1277 1182 1369 ³³propior

114 1365 267 1430 dextrum
284 1376 475 1444 coronaret,
491 1365 594 1430 stabat
608 1365 786 1450 spectaculo
801 1363 887 1432 velut
901 1303 981 1430 nibil
1003 1367 1046 1433 ad
1059 1391 1091 1432 se
1110 1390 1180 1454 per·

115 1449 248 1516 tinentia
272 1472 392 1538 pugnoe
417 1451 556 1516 intenta:
593 1449 620 1491 ³⁴
628 1450 779 1536 phalanx,
806 1474 878 1538 quae
902 1465 1041 1536 venerat,
1067 1477 1181 1542 agmen

116 1537 228 1626 magis,
245 1559 343 1623 quam
366 1536 492 1616 scieas
515 1539 639 1624 tiorque
656 1537 772 1615 itineri,
787 1559 881 1622 quam
905 1561 1033 1626 pugnae,
1050 1541 1181 1606 vixdum

116 1623 147 1688 in
158 1625 280 1712 jugum
294 1636 443 1688 evaserat.
488 1561 527 1689 ln
538 1623 597 1688 hos
608 1623 832 1708 incompositos
843 1624 1025 1702 Quinctius,
1040 1625 1181 1712 ³⁵quam-

117 1733 214 1797 quam
228 1709 344 1796 pedem
359 1709 529 1776 referentes
550 1711 583 1774 in
598 1710 715 1776 dextro
736 1731 836 1776 corno
858 1733 931 1776 suos
946 1711 1105 1790 cernebat,
1120 1712 1183 1778 ele-

117 1795 247 1882 phantis
263 1796 352 1882 prius
373 1797 408 1862 in
428 1795 551 1862 hostem
568 1798 657 1875 actis,
672 1797 815 1882 inpetum
837 1797 927 1876 facit3
949 1810 1036 1864 ratus
1057 1809 1181 1883 partem

117 1884 322 1970 profligatam
343 1897 447 1948 cetera
464 1895 647 1950 tracturam.
692 1883 768 1950 Non
789 1884 888 1950 dubia
908 1906 958 1950 res
971 1883 1041 1950 fuit.
1063 1897 1183 1952 extem·
1294 1887 1300 1896 '

117 1973 172 2055 plo
187 1983 282 2058 terga
295 1981 418 2034 vertere
433 1968 637 2047 Macedones,
655 1982 775 2036 terrore
788 1971 892 2052 primo
908 1971 1079 2038 bestiarum
1094 1995 1184 2036 aver-

119 2057 155 2122 si.
176 2069 212 2122 et
226 2056 325 2122 ceteri
339 2055 466 2142 quidem
481 2054 540 2120 hos
560 2056 667 2142 pulsos
685 2058 915 2143 sequebantur:
941 2080 1022 2124 unus
1043 2082 1061 2124 e
1082 2058 1184 2125 tribu·
1258 2104 1261 2110 ·

119 2145 167 2208 nis
192 2141 342 2219 militum,
363 2145 527 2228 extemplo
548 2157 642 2229 capto
663 2143 806 2222 consiliu,
826 2166 900 2209 cum
914 2143 1057 2231 ”viginti
1078 2147 1184 2232 signo-

120 2253 192 2296 rum
222 2229 385 2306 militibus,
407 2229 518 2294 relicta
538 2253 575 2296 ea
600 2241 690 2315 parte
713 2233 863 2308 enorum„
879 2253 951 2314 quae
976 2231 1063 2296 baud
1087 2231 1185 2297 dubie

119 2316 280 2395 vincebat,
307 2315 396 2381 brevi
424 2317 557 2382 circuitu
582 2316 728 2380 dextrum
753 2338 852 2384 cornu
875 2317 1013 2382 bostium
1040 2339 1185 2384 aversum

120 2403 255 2469 invadit.
302 2401 433 2469 Nullam
448 2403 546 2469 aciem
560 2403 601 2468 ab
616 2417 706 2490 tergo
715 2403 847 2470 adortus
861 2425 927 2468 non
938 2403 1109 2481 turbasset;
1133 2427 1184 2470 ce·

120 2504 227 2556 terum
242 2487 284 2555 ad
305 2511 505 2556 communem
527 2490 669 2555 omniurn
690 2489 723 2554 io
745 2489 800 2556 tali
821 2511 855 2554 re
876 2490 1117 2575 trepidationem
1132 2513 1186 2556 ac·

120 2576 225 2654 cessit,
242 2575 331 2662 quod
356 2575 495 2659 phalanx
519 2575 746 2654 Macedonum,
768 2577 873 2663 gravis
898 2589 993 2726 utque
1013 2577 1183 2656 inmobilis,

118 2685 179 2730 nec
198 2665 416 2750 circumagere
441 2685 474 2728 se
498 2675 636 2750 poterat,
651 2685 710 2728 nec
736 2663 806 2741 hoc,
823 2664 878 2750 qui
900 2687 920 2727 a
953 2672 1055 2742 ronte,
1075 2665 1185 2750 paullo

119 2763 195 2816 unte
217 2749 333 2836 pedem
359 2747 538 2828 referentes,
554 2763 630 2815 tunc
654 2749 739 2814 ultro
756 2748 872 2815 territis
890 2749 1061 2828 instabant,
1084 2751 1183 2835 patie-

119 2837 251 2902 bantur.
297 2834 351 2900 Ad
372 2833 445 2914 hoc,
459 2834 531 2901 loco
550 2837 645 2902 etian.
664 2834 899 2934 premebantur,
915 2835 990 2918 quia
1003 2836 1129 2922 jugum,
1145 2858 1185 2900 en

119 2920 528 3112 tritttttltrtlgt
539 2944 599 3074 {32
612 2920 872 3073 diffidi?
884 2933 1105 3093 &stultit
1119 2933 1186 3072 lt·

120 3095 175 3160 dio
190 3098 279 3171 caesi,
294 3093 421 3173 deinde,
436 3096 559 3160 omissis
572 3095 716 3180 plerique
730 3095 835 3172 armis,
852 3106 1019 3179 capessunt
1032 3093 1154 3179 fugam.

167 3182 213 3249 X.
239 3179 407 3266 Philippus
420 3203 492 3246 cum
508 3181 618 3267 paucis
638 3181 780 3266 peditum
796 3182 1001 3269 equitumque
1015 3183 1120 3266 primo
1136 3194 1185 3247 tu·

120 3446 170 3491 set:
194 3441 296 3490 dimidia
312 3442 340 3490 de
356 3444 435 3492 fronte
450 3445 546 3505 dempto
562 3443 638 3504 dupli·
671 3443 754 3490 dextro
775 3453 849 3490 tam
865 3456 920 3490 suae
937 3435 1056 3500 mahat]
1088 3437 1141 3486 lmo
1158 3437 1185 3484 lu

121 3514 161 3554 cet
180 3509 278 3556 ordines
296 3508 412 3556 introrsus
429 3511 454 3556 in
471 3511 569 3572 longum
585 3523 639 3572 por·
670 3509 737 3566 leco,
756 3509 794 3555 vel
811 3509 911 3554 sinum
930 3521 1013 3554 romu.
1046 3504 1122 3564 Supra
1141 3503 1186 3550 hcc

122 3581 209 3623 redes.
671 3573 723 3636 ipsc
734 3574 811 3635 cupite
821 3572 908 3620 dicitnr
923 3573 1031 3620 dextrum
1046 3583 1120 3617 cornu
1132 3569 1185 3614 Mu·

154 3639 322 3700 wl’rcpr'ru
344 3639 453 3696 destruas
474 3634 559 3703 corna]
584 3639 642 3688 Pro·
673 3641 791 3688 monum
802 3638 904 3687 vincere.
937 3637 1003 3684 Huic
1019 3649 1075 3697 ergo
1089 3633 1185 3695 opposi-

123 3706 177 3764 pins
190 3705 307 3752 accedam
323 3703 471 3751 uddextrnm
488 3719 569 3752 cornu
602 3703 642 3752 Sic
673 3704 859 3754 tumninirtrnnr
872 3702 1186 3760 ccrnuRomsnororopre·

122 3769 640 3831 mstnqaittviuatonnotaoXXV111.
673 3770 788 3817 mebatur.
819 3769 852 3816 Et
868 3769 903 3816 its
919 3768 991 3815 habet
1006 3765 1127 3827 Polybius,
1142 3761 1187 3810 ili

123 3841 165 3884 40.
674 3833 738 3887 Tim
754 3829 1039 3899 Stageirbdmpirtsrlt
1052 3847 1072 3878 ι’
1098 3828 1188 3878 ’abed

153 3908 188 3948 34
206 3901 397 3962 Plautumque
412 3895 519 3961 omui]
529 3880 640 3946 lustrum
673 3893 1071 3961 rlytrsrlrciispe'llaeyyssipsdss,
1100 3893 1187 3944 tt'la·

123 3967 212 4014 undet
224 3966 341 4013 Groncrii
358 3965 508 4024 conjectura:
522 3965 640 4027 pliniana,
673 3961 798 4024 «ιιζιμίνυς
810 3962 858 4017 urbs
871 3963 909 4012 laet
922 3961 965 4011 et·
976 3959 1091 4022 εὐωνύμων.
1124 3960 1185 4008 Haec

124 4033 324 4089 φασιανικοὶ,
336 4030 360 4076 id
374 4035 412 4078 est
427 4032 501 4078 altera
516 4029 641 4091 phalangis
673 4031 721 4077 fere
733 4030 838 4078 Gronov.
871 4030 951 4076 Minor
967 4026 993 4073 in
1010 4027 1095 4073 litteris
1107 4029 1185 4071 muta·

123 4109 189 4153 pars,
202 4111 256 4158 quc
268 4097 391 4144 sinistrum
408 4110 482 4144 cornu
498 4095 642 4142 constituere
673 4096 709 4143 tio
724 4098 796 4152 esset,
809 4094 829 4141 si
845 4109 898 4142 com
915 4092 1040 4140 Perizonio
1057 4092 1185 4154 legeremus

125 4161 233 4208 delebat
268 4164 352 4210 Posses
374 4165 399 4206 et
420 4161 534 4222 suspicari
559 4174 640 4208 vocem
673 4162 874 4208 taciturnorum
1167 4215 1172 4226 ,

24 4247 25 4268 3
124 4238 199 4274 onam
217 4226 344 4276 excidisse:
363 4225 487 4286 Pliniana,
503 4241 555 4290 quc
570 4225 641 4274 modo
705 4229 737 4274 ³6
757 4217 1189 4292 Vigintiar'gaummJVigiotlmsnrs

125 4299 230 4340 παπαὶ.
641 4335 642 4338 ,
675 4292 793 4351 polorum.
828 4291 883 4342 Vid.
899 4293 950 4356 not.
963 4285 1060 4336 nudo.
1075 4287 1096 4330 1.
1113 4281 1186 4339 hujus

160 4361 192 4404 86
212 4357 355 4418 Quanquam
372 4357 454 4418 prdem
470 4357 598 4418 afferentes
615 4358 642 4402 ἐκ
676 4357 738 4425 libri.
