3136 4982
397 189 489 250 ma.
512 171 690 250 xxxvut.
718 189 821 252 cnr.
843 187 989 246 xxxtv.
1029 157 1030 160 ‘
1167 187 1239 270 aar

160 354 351 442 perplexum
372 353 493 431 fnit'ut
513 366 545 418 et
563 351 677 418 aeusi
697 351 755 432 sibi
777 350 819 418 de
840 349 1303 436 Ismmlismons··permis2mc.
1316 363 1372 416 aas.

161 463 232 508 sum
257 441 437 526 acciperent
444 465 453 518 3
476 453 508 504 et
531 437 766 504 Lacedaemonii
793 440 861 502 don:
882 436 1002 504 omnia·
1015 447 1165 504 cocceam
1188 435 1305 502 iisMi
1319 439 1373 503 ¹⁸2·
1437 469 1452 501 a

161 528 456 614 interpretarentur.
481 527 539 592 hac
559 537 722 610 potestate.
739 522 897 591 inmodice
912 521 1028 588 Achaei?
1040 531 1079 588 ac
1092 524 1228 610 superb'e

162 615 310 680 usisunt.
812 665 816 674 .
894 647 897 656 ·
1113 665 1117 672 .
1213 639 1227 651 ¹·

175 775 177 788 Ι
207 697 385 770 XXXIII.
414 696 650 782 Philopoemeni
682 695 887 762 continuatur
918 695 1139 784 magistratus:
1164 697 1229 782 ‘qui
1319 772 1325 782 ,

164 787 245 854 veris
266 785 370 862 initio,
390 785 534 850 exercitu
553 783 684 860 indicto,
699 795 802 848 eastra
824 783 858 845 in
879 781 1001 848 finibus
1021 779 1229 846 Lacedaemo
1250 851 1259 872 ι

162 873 288 954 nicrum
304 871 418 958 posuit.
431 869 560 956 ¹legatos
574 868 692 934 deinde
711 869 797 934 misit
819 867 860 932 ad
882 867 1099 954 deposcendos
1119 883 1229 934 aucto·

165 981 216 1024 res
236 957 651 1030 delectionis,et.civitatem
672 955 716 1018 in'
727 977 805 1039 pace
819 952 969 1033 futuram,
984 955 1058 1020 siid
1071 953 1228 1032 fecissent,

91 1079 95 1086 =
165 1043 329 1130 pollicens,
343 1058 375 1110 et
396 1042 467 1109 illos
484 1041 564 1106 nihil
585 1041 706 1108 indicta
722 1063 837 1106 caussa
850 1045 1013 1140 «passurus.
1059 1041 1229 1110 Silentium

163 1151 233 1234 prae
258 1144 346 1194 metu
370 1141 548 1197 ceterorum
574 1127 642 1194 luit.
672 1149 751 1212 quos
777 1127 964 1192 nominatim
991 1127 1258 1213 depoposceratt,

165 1217 226 1302 rpsi
241 1240 275 1284 se
289 1217 389 1283 ituros
399 1213 541 1299 ,professi
562 1230 654 1294 sunt;
677 1213 742 1278 fide
756 1226 883 1299 accepta
898 1213 938 1278 ab
957 1213 1161 1297 *legatia'vim
1176 1217 1231 1278 ab·

165 1302 316 1378 futuram,
338 1301 440 1366 donec
465 1323 607 1372 caussam
634 1300 794 1366 dixissent.
817 1300 922 1364 ierunt
943 1299 996 1366 alii
1015 1301 1117 1366 etism
1133 1301 1231 1366 inlusss

166 1389 320 1465 tresviri,
343 1402 375 1454 et
397 1387 422 1426 ¹⁴
433 1387 578 1454 advocati
602 1387 745 1474 privatis,
761 1399 794 1452 et·
836 1386 894 1452 uia
909 1386 1068 1470 pertinere
1086 1397 1231 1452 'carneam

164 1498 273 1542 eorum
293 1476 334 1543 ad
356 1474 584 1558 rempublicam
606 1477 789 1540 censebant¹
817 1505 820 1508 ·
866 1485 1017 1558 umquam
1039 1473 1116 1538 alias
1137 1496 1231 1538 exsu-

164 1561 209 1628 les
236 1560 552 1632 Lacedoemoniorum
580 1559 693 1626 Aehaei
722 1580 829 1650 secum
845 1558 1056 1625 'adduxerant
1080 1561 1112 1625 in
1139 1561 1229 1637 fines,

166 1648 241 1736 quia
270 1645 350 1714 nihil
378 1669 470 1734 aeque
498 1647 709 1714 alienaturum
728 1647 861 1710 'animos
890 1645 1024 1710 civitatis
1053 1645 1230 1712 ridebatur.

165 1749 245 1802 tunc
267 1733 541 1806 exercitustotius
566 1755 665 1818 prope
687 1731 885 1818 antesignani
907 1732 1166 1798 exsules-erana
1197 1733 1383 1798 ‘littereas

165 1820 362 1886 venientibus
391 1819 642 1888 Lacedaemoniis
665 1821 714 1886 ad
744 1831 869 1904 portam
884 1831 1075 1906 'castrorum
1105 1820 1230 1908 agmine
1238 1815 1273 1862 ¹¹³³
1283 1815 1371 1891 P‘Jl‘l·

164 1906 249 1974 facto
263 1907 484 1973 obcurrerunt.
506 1919 538 1974 et
557 1905 663 1990 primo
685 1905 836 1972 lacessere
851 1905 985 1990 jurgiis:
1007 1881 1381 1992 deindealter·ffi:1ss⁰l{⁰

165 1994 292 2061 catione
312 2007 506 2079 orrannum
528 1992 773 2058 accenderentur
795 1993 863 2069 irae,
878 1990 1060 2058 ferocissimi
1083 1992 1337 2058 exsulumsuttuus.

158 2077 309 2164 ¹inpetum
335 2079 368 2144 in
397 2079 656 2150 Lacedaemonios
680 2078 834 2144 fecerunt.
879 2077 989 2154 Quum
1015 2077 1062 2142 illi
1086 2079 1171 2144 Deos
1200 2093 1232 2146 et

166 2167 262 2236 fidem
281 2166 465 2254 legatorum,
481 2178 681 2243 testarentur,
697 2179 728 2230 et
742 2165 838 2250 legati
853 2177 885 2230 et
900 2178 1018 2248 praetor
1033 2166 1233 2230 submoveret
1264 2199 1266 2207 2
1329 2185 1332 2192 '

168 2254 288 2330 turbas,
304 2266 336 2320 et
354 2265 534 2339 protegeret
548 2251 1023 2337 Lsoedaemonios„vinculaque
1044 2252 1111 2335 jam
1137 2259 1232 2338 quos·

165 2341 241 2404 darn
263 2339 438 2425 injicientes
452 2352 584 2418 arceret,
599 2337 790 2402 ¹⁵crescebat
811 2336 949 2402 tumultu
971 2338 1150 2402 concitatob
1165 2353 1231 2404 tur-

167 2427 219 2490 ba.
264 2425 307 2493 Et
329 2424 440 2493 Achai
463 2423 503 2488 ad
531 2423 743 2509 spectaculum
767 2423 877 2508 primo
893 2423 1153 2490 concurrebantt
1176 2425 1232 2490 de·

166 2511 242 2578 inde
258 2509 498 2577 vociferantibus
512 2510 681 2588 exsulibus,
696 2533 767 2594 quaa
787 2509 870 2595 passi
892 2509 1006 2587 forent,
1023 2524 1055 2575 et
1068 2511 1232 2577 orantibus

167 2621 273 2684 opem,
294 2597 598 2684 adfirmantibusque
620 2597 723 2674 simul,
742 2597 914 2681 Numquam
935 2599 1027 2662 talem
1049 2595 1232 2664 decurionem

167 2687 336 2762 habiturae,
352 2687 381 2750 si
400 2707 467 2751 eum
480 2686 764 2768 pretermisisseut:
778 2684 897 2766 soedus',
913 2687 994 2768 quod
1013 2686 1047 2748 in
1065 2686 1231 2766 Capitolio,

167 2775 251 2856 quod
266 2772 427 2858 Olympiae,
443 2774 527 2855 quod
537 2773 571 2836 iu
585 2793 656 2836 arce
665 2771 796 2834 Athenis
808 2770 1091 2854 sacratumfuisset,
1108 2772 1232 2836 irritum

161 2859 308 2942 perillus
323 2879 399 2922 esse:
416 2860 596 2942 priusquam
611 2859 676 2921 alio
690 2859 728 2920 de
742 2857 863 2938 integro
871 2857 997 2938 scedere
1010 2856 1231 2940 obligarentur,

168 2947 277 3010 aerios
285 2946 460 3028 puniendos
474 2966 552 3016 esses
576 2964 706 3009 accensa
728 2941 776 3006 his
790 2941 920 3006 vocibus
935 2941 1106 3007 multitudo
1121 2942 1162 3006 ad
1176 2964 1232 3006 vo·

168 3053 239 3096 cem
255 3030 357 3108 unius,
374 3030 439 3114 qui,
455 3043 491 3096 ut
509 3028 648 3110 ferirent,
663 3027 855 3105 inclamavit,
871 3049 948 3094 saxa
962 3028 1114 3114 conjecit:
1137 3042 1233 3114 atque

169 3118 216 3182 ita
248 3116 481 3203 septemdecim,
514 3115 630 3203 quibus
664 3113 791 3180 vincula
821 3136 879 3199 per
914 3115 1086 3180 tumultum
1118 3115 1234 3199 injecta
1267 3129 1270 3134 '

169 3216 271 3280 erant,
294 3202 451 3268 interfecti
477 3215 565 3268 sunt:
590 3202 755 3290 sexaginta
780 3212 843 3266 tres
867 3214 993 3287 postero
1015 3201 1068 3266 die
1088 3211 1234 3285 compre-

168 3289 270 3369 hensi,
286 3313 306 3354 a
319 3289 434 3377 quibus
456 3303 576 3375 prator
590 3289 654 3353 vim
669 3300 824 3364 arcuerat,
836 3309 904 3352 non
921 3288 995 3375 quia
1013 3288 1115 3354 salvos
1129 3287 1233 3366 vellet,

169 3379 224 3442 sed
247 3375 322 3462 quia
346 3375 449 3461 perire
471 3398 579 3440 caussa
603 3375 723 3440 indicta
746 3373 883 3451 nolebat,
899 3374 1015 3461 objecti
1038 3375 1234 3442 multitudini

170 3465 271 3540 iratre,
294 3485 395 3550 quum
420 3461 534 3527 aversis
555 3461 683 3527 auribus
708 3483 811 3546 pauca
831 3459 931 3526 locuti
956 3477 1070 3548 essent,
1093 3461 1235 3528 damnati

110 3557 114 3564 '
170 3571 290 3626 omnes,
306 3563 338 3614 et
352 3548 459 3613 traditi
474 3560 546 3612 sunt
561 3547 601 3612 ad
616 3547 817 3633 suppliciumt
1041 3555 1042 3562 ’

214 3633 377 3700 XXXIV.
401 3635 478 3700 Hoc
503 3647 589 3699 metu
615 3634 742 3720 injecto,
766 3632 1018 3698 Lacedaemoniis
1044 3635 1233 3722 imperatum
1242 3648 1390 3712 susspecta

168 3723 321 3810 primum,
350 3734 385 3786 ut
414 3743 521 3786 muros
550 3721 730 3786 diruerent:
757 3719 881 3796 deinde,
912 3734 946 3785 ut
974 3729 1087 3787 omnes
1113 3725 1233 3790 externi
1242 3717 1389 3793 ⁶¹⁰t³¹tl⁰⁶⁴

169 3808 346 3886 auxiliares,
372 3808 427 3896 qui
457 3809 600 3872 mercede
628 3807 715 3893 apud
744 3821 895 3894 tyrannos
925 3807 1119 3888 militassent,
1152 3785 1373 3878 terradaemmm'

269 3955 282 3993 ¹³
293 3961 412 4007 concitata
422 3960 498 4011 Groui.
509 3962 602 4008 concita
612 3961 680 4007 Cres.
779 3963 790 3990 ⁶
802 3967 971 4007 eoummrunr
982 3961 1058 4011 Gron.
1069 3963 1137 4010 Crer.

208 4111 385 4158 trudmari
392 4108 509 4174 privatis]
527 4111 641 4160 Adiutnri
658 4113 688 4158 iis
720 4112 771 4169 stit,
794 4113 897 4160 scrutor
915 4115 978 4160 narde
1000 4113 1137 4162 Gronovius
1155 4115 1236 4174 legen·
1296 4127 1298 4132 ’

171 4176 213 4236 qui
230 4177 320 4224 creati
337 4177 481 4232 suetonum
501 4179 616 4240 privatam
633 4191 688 4224 cum
720 4178 775 4225 dnm
800 4178 915 4236 judicavit
941 4181 1040 4226 concita.
1073 4178 1151 4234 Vulgo
1177 4181 1236 4226 editi

170 4242 420 4290 iisneesuitudinem.
639 4287 641 4294 ,
720 4243 839 4292 habehat
854 4243 1101 4290 emmeramum
1115 4246 1236 4292 maciem

207 4313 235 4356 1⁵
254 4307 377 4354 Crescebat
388 4308 491 4356 turnebu
502 4310 595 4366 marita
605 4302 689 4372 urla]
720 4309 804 4355 turha.-
821 4309 884 4367 quod
895 4309 940 4356 etsi
950 4307 1043 4356 tolerari
1060 4312 1163 4368 poterat,
1173 4311 1236 4359 Gro-

170 4372 211 4420 Sie
223 4374 271 4436 Iera
282 4373 373 4432 scripti,
383 4373 429 4422 nisi
438 4375 501 4434 quod
509 4374 548 4423 alii
561 4377 687 4432 condius,
721 4375 822 4423 noricas
832 4373 965 4421 emendatio
976 4373 1050 4434 magia
1060 4373 1144 4433 placet.
1194 4401 1195 4410 κ
1226 4389 1254 4437 “,
