3136 4982
414 211 508 270 Lru.
530 207 707 273 xxxvrn.
734 211 945 273 CAP.XV1.
1111 213 1198 288 ‚351

140 383 270 441 ventum
298 386 356 439 est.
402 373 522 441 Colunt
543 373 670 451 Pisidae,
694 373 790 463 longe
813 367 925 461 optimi
954 375 1039 440 bello
1064 377 1202 464 regionis
1211 391 1243 438 0.
1252 391 1279 438 ct
1291 396 1348 439 aaa.

139 463 216 548 ejus.
241 483 338 547 quum
362 483 399 526 ea
424 483 474 526 res
497 461 619 526 animos
642 460 727 537 facit,
755 475 823 526 tum
852 462 921 549 agri
937 461 1145 541 -foecunditas,
1172 459 1279 530 etan.
1295 461 1350 506 ¹⁸⁹?

140 547 312 614 multitudo
337 547 513 625 hominum,
534 549 666 612 absitus
692 547 774 614 inter
802 570 920 632 paucas
944 549 1075 614 munitoe
1101 551 1201 616 urbia.

133 634 275 715 Consul,
292 633 367 720 quia
381 633 468 720 nulla
490 633 606 720 legatio
628 634 671 700 ad
692 634 788 698 linem
812 647 930 718 praesto
948 635 1061 720 fuerat,
1078 637 1203 721 praeda-
1249 625 1252 634 ’

139 733 209 786 tum
231 722 265 784 in
288 741 382 808 agros
406 719 500 784 misit.
523 733 590 786 tum
618 721 746 784 demum
770 719 869 784 fracta
891 723 1065 806 pertinacia
1089 737 1145 799 est,
1168 736 1205 789 ut

140 806 167 846 ⁶⁶
177 806 251 872 ferri
266 809 380 892 agique
395 827 445 870 res
458 807 702 872 suaevideruat.
749 807 874 890 tegatis
891 807 1001 888 missis,
1012 809 1097 894 pacti
1112 809 1205 895 quin·

140 893 293 982 quaginta
321 892 457 969 talentis,
483 905 514 958 ct
532 892 559 932 ⁵⁶
568 893 679 980 viginti
707 892 846 957 millibus
871 893 1073 958 medimnilm'
1098 896 1204 972 tritici,

140 979 255 1066 viginti
278 979 401 1058 bordei,
415 999 524 1063 pacem
551 978 810 1065 impetraverunt.
855 979 1045 1068 Progressus
1067 981 1142 1048 inde
1163 984 1203 1046 ad

142 1065 290 1132 Obrimae
304 1065 418 1146 fontes,
434 1067 474 1130 ad
495 1065 611 1145 vicum,
627 1087 721 1152 quem
735 1065 924 1148 ⁵⁷Aporidcs
946 1088 1058 1132 comen
1078 1083 1205 1146 vocant,

139 1153 248 1240 posuit
270 1165 382 1218 castra.
428 1152 479 1216 Eo
495 1151 644 1234 Seleucus
666 1154 705 1216 ab
724 1154 867 1236 Apamea
891 1163 1017 1236 postero
1040 1152 1092 1218 die
1107 1155 1203 1220 venit.

139 1239 258 1326 AEgros
273 1239 349 1304 inde
363 1251 395 1303 et
415 1238 539 1303 inutilia
561 1237 774 1323 inpedimenta
797 1261 893 1324 quum
919 1240 1096 1324 Apameam
1111 1234 1205 1305 dimi·

140 1326 239 1402 sisset,
265 1324 399 1390 ducibus
420 1325 569 1390 itinerum
591 1324 633 1388 ab
657 1324 789 1390 Seleuco
815 1326 961 1409 acceptis,
984 1325 1144 1411 profectus
1167 1349 1206 1392 eo

139 1412 193 1477 dia
208 1413 241 1476 in
264 1411 551 1497 Metropolitanum
576 1433 736 1495 campum,
752 1425 879 1496 postero
901 1412 953 1477 die
972 1413 1085 1476 Dinias
1102 1413 1206 1498 Phry·
1285 1431 1293 1440 ·

140 1499 203 1586 giae
228 1499 389 1582 processit.
433 1497 515 1562 Inde
540 1497 690 1583 Synnada
719 1497 815 1575 venit,
831 1510 925 1564 metu
949 1499 1096 1564 omnibus
1121 1501 1207 1564 circa

139 1585 265 1669 oppidis
278 1584 418 1650 desertis.
441 1604 578 1669 quorum
597 1584 663 1674 jam
681 1583 791 1668 praeda
812 1604 908 1671 grave
929 1605 1044 1672 agmen
1064 1585 1204 1662 trahens,

139 1673 194 1734 vix
217 1672 358 1758 quinque
378 1670 514 1735 millium
535 1669 587 1736 die
603 1675 677 1734 'toto
699 1669 811 1734 itinere
836 1670 986 1754 perfecto,
1002 1671 1044 1736 ad
1067 1671 1205 1748 Beudos,

141 1759 333 1844 quadratus
358 1757 696 1842 adpellant‚,pervenit¹
720 1756 759 1820 ad
777 1756 932 1820 Anabura
953 1757 1036 1834 inde,
1053 1771 1084 1822 et
1106 1757 1207 1823 altero

141 1846 196 1910 die
219 1844 258 1908 ad
273 1842 438 1922 ⁵⁸Alandri
462 1841 574 1919 fontes,
590 1843 684 1908 tertio
706 1842 748 1906 ad
762 1842 940 1908 Abbassum
964 1844 1070 1927 posuit
1095 1857 1206 1908 castra.

141 1930 311 2014 ibiplures
326 1931 394 1996 dies
408 1929 523 1994 stativa
536 1928 657 2006 habuit,
673 1929 748 2015 quia
762 1943 946 2012 perventum
962 1943 1032 1996 erat
1044 1931 1085 1996 ad
1102 1931 1206 1996 Tolis-

141 2015 323 2082 toboiorum
335 2016 425 2085 fines.
907 2025 910 2032 '
1096 2033 1098 2036 ’
1150 2047 1152 2054 >

139 2159 141 2166 ,
187 2103 283 2168 XVI.
307 2102 418 2180 Gallil,
438 2124 553 2191 magna
579 2103 744 2168 hominum
766 2103 823 2179 vis,
841 2124 896 2168 seu
921 2103 1030 2190 inopia
1051 2103 1133 2191 agri,
1152 2125 1205 2170 seu
1215 2117 1362 2180 Gallograe>

140 2189 262 2277 praedae
287 2213 351 2276 spe,
368 2189 487 2256 nullam
511 2202 648 2276 gentem,
664 2211 721 2273 per
745 2211 840 2274 quam
866 2189 943 2255 ituri
966 2205 1078 2266 essent,
1097 2188 1353 2274 paremflmfflssr

140 2277 238 2342 armis
252 2277 323 2353 rati,
341 2275 470 2342 Brenno
484 2275 566 2341 duce
579 2276 613 2339 in
628 2275 800 2340 Dardanos
823 2290 1043 2361 pervenerunt.
1065 2277 1111 2342 ibi
1126 2278 1212 2343 sedi·

131 2363 189 2429 vtio
210 2374 291 2440 orta,
314 2374 346 2428 et
369 2363 410 2427 ad
431 2361 545 2449 viginti
570 2361 670 2425 millia
690 2361 866 2440 bominum,
890 2384 963 2426 cum
988 2362 1150 2447 Leonorio
1171 2388 1210 2429 ac

143 2449 276 2516 Lutario
290 2449 419 2537 regulis,
434 2448 608 2514 secessione
624 2446 706 2513 facta
720 2471 741 2512 a
757 2448 896 2525 Brenno,
912 2449 945 2512 in
962 2448 1209 2516 Thtaciamiter

140 2549 332 2602 ammarum.
355 2535 411 2600 ubi
433 2557 506 2600 cum
528 2534 743 2600 resistentibus
765 2534 950 2621 pugnando,
966 2558 1076 2621 pacem
1099 2549 1209 2621 peten-

141 2623 228 2690 tibus
243 2623 436 2706 stipendium
451 2620 647 2707 inponendo,
663 2620 853 2706 Byzantium
869 2644 967 2709 quum
983 2625 1207 2709 pervenissent,

140 2709 337 2796 aliquamdiu
359 2730 448 2774 oram
466 2707 671 2794 Propontidis
690 2708 873 2794 vectigalem
895 2708 1054 2786 habendo,
1070 2710 1210 2796 regionis

142 2797 210 2884 ejus
232 2796 326 2861 urbes
348 2797 562 2861 obtinuerunt.
608 2793 736 2881 Cupido
758 2794 833 2858 inde
850 2817 904 2858 eos
925 2796 959 2858 in
974 2797 1084 2860 Asiam
1107 2809 1210 2859 mans·

142 2882 250 2959 eundi,
272 2881 434 2948 audientes
456 2903 497 2946 ex
524 2881 715 2966 propinquo,
731 2893 850 2966 quanta
874 2881 1001 2946 ubertas
1025 2895 1118 2945 terrra
1144 2882 1210 2967 ejus

141 2983 234 3050 esset,
260 2969 360 3054 cepit:
384 2980 427 3047 et,
454 2967 657 3054 Lysimachia
680 2966 791 3032 fraude
816 2981 918 3054 capta,
936 2966 1210 3052 'Chersonesoque

142 3058 231 3120 omni
254 3056 350 3122 armis
373 3077 524 3140 possessa,
539 3056 579 3120 ad
601 3053 847 3140 Hellespontum
870 3053 1111 3120 descenderunt.
1158 3053 1209 3118 Ibi

144 3164 221 3208 vero
242 3142 358 3226 exigno
372 3142 548 3218 ⁵⁹divisanr¹
563 3140 646 3206 freto
663 3141 864 3206 cernentibus
884 3141 994 3207 Asiam
1017 3140 1120 3205 multo
1141 3162 1209 3206 ma·
1244 3169 1245 3172 ¹

141 3229 192 3316 gis
213 3230 312 3294 animi
334 3229 375 3294 ad
397 3228 624 3296 transeundum
645 3228 785 3303 accensi;
808 3229 1005 3315 nunciusque
1018 3227 1059 3292 ad
1073 3228 1209 3312 Antipa-

141 3331 240 3392 trum,
257 3315 447 3466 praefectum
468 3316 536 3402 ejus
556 3337 634 3392 orae,
649 3315 689 3380 de
710 3315 842 3380 transitu
866 3317 1043 3381 mittebant.
1066 3335 1138 3400 quae
1160 3335 1210 3378 res

142 3423 243 3488 quum
270 3403 372 3468 entius
386 3424 443 3487 spe
459 3402 602 3484 ipsorum
624 3400 814 3479 traheretur,
830 3401 892 3466 alia
907 3424 1015 3466 rursus
1029 3422 1113 3465 nova
1126 3400 1210 3466 inter

142 3489 271 3576 regulos
295 3501 365 3554 orta
393 3488 505 3553 seditio
533 3501 589 3552 est.
635 3487 813 3552 Leonorius
838 3500 932 3566 retro,
951 3487 1045 3552 unde
1069 3498 1208 3566 venerat,
1217 3511 1352 3559 muana

143 3595 218 3642 cum
245 3576 363 3661 majore
385 3587 476 3660 parte
501 3575 666 3638 homiuum
693 3574 806 3658 repetit
828 3573 1038 3661 Byzantium:
1061 3575 1244 3641 Lutariusin
1252 3577 1361 3625 &1⁸¹²st

141 3659 389 3740 Macedonibus,
406 3681 463 3748 per
485 3661 620 3747 speciem
643 3661 808 3747 legationis
826 3661 870 3726 ab
885 3661 1059 3747 Antipatro
1076 3661 1118 3726 ad
1139 3683 1213 3748 spa·

437 3798 654 3847 auscultem.
729 3772 919 3880 intereundo.

180 3933 235 4044 551⁸
246 3934 319 3980 Ferri
336 3929 438 3998 agique]
450 3935 505 3981 vid.
517 3939 568 3981 not.
581 3939 619 3982 27·
632 3933 661 3979 ad
694 3933 758 3996 bunc
773 3935 814 3980 illa
830 3935 972 3998 suspicatur,
989 3939 1014 3981 ct
1032 3933 1063 3982 ab
1079 3947 1108 3981 ea
1123 3947 1211 3982 nomen

143 3998 206 4045 XXI
222 4005 264 4044 .8.
694 3999 801 4049 traxisse.

177 4063 431 4125 aamgsnumtnnn
438 4060 596 4128 meramnum]
608 4063 662 4110 no-
728 4069 758 4110 sa
775 4053 891 4126 mauri]
911 4065 975 4111 oum
990 4063 1099 4111 naam.
1120 4062 1211 4109 amen-

143 4129 188 4176 dit·
224 4129 341 4176 Romam
377 4135 481 4180 120000.
517 4129 663 4178 nostratibus
695 4129 948 4186 aavttstgoniasexe.
963 4135 1000 4176 18.
1011 4129 1080 4176 infra

142 4199 234 4244 22500.
726 4201 757 4243 50
774 4191 900 4258 Diadum]
911 4195 971 4242 Hac
987 4197 1023 4240 ert
1040 4191 1156 4251 scriptura
1172 4203 1215 4236 cc·

176 4265 207 4310 57
224 4258 354 4322 Aporidos]
372 4261 424 4309 lac.
435 4261 571 4308 Gronovius
581 4273 662 4307 ernau·
693 4259 752 4308 dicis
768 4260 832 4306 Viat.
849 4261 928 4322 Vulgo
944 4259 1031 4321 legitur
1047 4255 1210 4304 rennuunt·

141 4324 184 4372 dat
199 4325 324 4374 Acoridos.
358 4327 442 4373 Araris
460 4331 498 4372 eat
515 4327 571 4374 urbs
588 4325 663 4385 Phry·
695 4339 740 4374 nus
752 4326 880 4387 eleganter.
1132 4329 1133 4334 ’
1168 4339 1171 4346 ’

142 4391 198 4452 gire,
208 4395 306 4454 propter
316 4403 387 4451 quam
405 4391 478 4438 ritum
497 4392 570 4439 tmere
584 4390 662 4438 vicum
