3042 4954
337 201 376 256 sa
607 169 617 222 ·'
670 203 677 226 ³
737 192 1066 254 u1u1trv11··

178 373 313 425 uuam.
337 358 468 443 lopolim
490 380 528 423 ex
549 355 685 422 concilio
706 355 870 422 Arcadum
892 356 1080 422 corltributae
1101 353 1214 422 forent.
1249 351 1392 418 'Etcum

178 439 247 547 ’ἔα
260 444 313 488 ¹⁹⁹·
342 444 468 510 Achaeis
481 442 609 529 quidem
631 465 687 527 per
708 443 778 508 hoec
801 444 979 508 societatem
1001 441 1159 508 firmabat.
1202 437 1394 507 ²'Macedo-

179 505 331 615 ,Jffh‘m'
341 539 424 596 num'
439 531 559 594 animos
572 529 632 592 sibi
646 529 823 594 conciliavit
837 552 910 594 cum
928 528 1109 594 Heraclide.
1125 550 1198 592 nam
1211 547 1309 614 quum
1321 545 1394 614 eum

339 616 486 684 maximae
501 609 698 684 invidiaesibi
713 638 778 680 ease
793 633 945 696 cerneret,
961 614 1067 681 multis
1079 612 1266 682 criminibus
1281 632 1394 676 onera·

340 716 407 768 tum
428 701 462 766 in
476 701 602 766 vincula
616 703 760 787 conjecit,
776 702 895 786 ingenti
921 701 1120 788 popularium
1147 698 1275 787 gaudio.
1320 695 1395 760 Bel·

340 789 418 863 lum,
433 788 460 852 si
475 789 603 873 quando
618 795 768 872 nmquam
783 803 855 852 ante
868 787 957 867 alias,
973 789 1062 852 tum¹¹
1077 795 1282 872 nmgnacnra
1296 781 1396 866 adpa-

313 867 315 874 ’
340 875 431 949 ravit,
455 874 658 960 exercuitque
680 874 712 937 in
738 875 835 938 armis
857 886 888 938 et
911 867 1115 949 Maccdonas,
1130 885 1161 938 et
1184 868 1397 936 mercenarios

341 960 470 1026 milites:
494 960 713 1045 principioque
729 961 809 1024 veris
830 967 903 1024 curn
923 959 1127 1044 Athenagora
1142 958 1251 1022 omnia
1265 969 1399 1021 externa
1510 1016 1521 1036 ,

341 1045 469 1121 auxilia,
482 1045 629 1131 quodque
640 1045 716 1110 levis
730 1058 897 1110 armaturae
912 1059 990 1122 erat,
1005 1047 1038 1109 iu
1051 1045 1229 1110 'Chaoniam
1246 1053 1303 1127 pe'r
1318 1040 1399 1124 Epi·

73 1179 77 1186 .
182 1140 326 1188 rsuasdn·
342 1153 413 1196 rum
429 1131 471 1196 ad
485 1131 693 1216 occupandas,
709 1154 781 1217 quae
803 1133 842 1197 ad
859 1133 1071 1218 Antigoneam
1093 1130 1197 1196 feuoes
1211 1140 1294 1204 aunt,
1312 1128 1399 1211 (Ste-
1509 1197 1515 1210 ι

181 1208 283 1332 iffi?
342 1240 385 1282 ¹¹⁸
399 1227 512 1282 V⁰⁰⁸¹¹t
528 1217 651 1297 Graeci)
669 1218 761 1282 misit.
806 1218 878 1302 Ipse
899 1231 970 1302 post
993 1219 1100 1301 paucis
1122 1217 1231 1282 diebus
1252 1213 1399 1314 graciose
1509 1287 1512 1296 Δ

282 1303 288 1318 ’
343 1318 469 1370 secutus
494 1304 630 1388 agmine,
650 1326 747 1389 quum
773 1304 1011 1368 situmomneni
1039 1304 1174 1387 regionis
1200 1303 1398 1384 odepe'maset,

344 1391 484 1456 maxime
498 1389 645 1454 idoneum
660 1389 702 1454 ad
714 1389 917 1455 muniendum
935 1389 1037 1454 locum
1054 1389 1187 1456 credidit
1200 1409 1267 1453 esse
1280 1397 1400 1470 praeter
1508 1379 1518 1470 ⁸Q

183 1486 306 1532 carram
342 1497 469 1542 amnem
486 1477 604 1542 Aoum.
627 1477 652 1540 is
669 1477 754 1542 inter
775 1489 906 1568 montes,
921 1498 1057 1562 quorum
1081 1475 1215 1542 alterum
1229 1473 1400 1555 AEropum·

182 1552 314 1664 23me
342 1562 476 1628 alterum
491 1565 635 1628 Asnaum
656 1562 778 1626 incoloe«
786 1576 910 1639 vocant,
926 1575 1059 1649 ungusta
1072 1561 1154 1626 valle
1173 1560 1252 1636 fluit,
1269 1561 1328 1626 iter
1338 1579 1401 1622 ex·
1508 1609 1514 1620 .

343 1735 403 1800 levi
425 1731 585 1800 aimatura
606 1748 712 1798 tenere
732 1757 770 1798 ac
792 1735 986 1798 communire
996 1734 1105 1819 jubet:
1129 1735 1197 1818 ipse
1218 1753 1251 1797 1n
1272 1730 1402 1814 AEropo

342 1649 455 1736 ignum
469 1671 563 1733 super
584 1649 685 1733 ripam
700 1649 855 1732 praebena.
900 1650 1042 1712 Asnaum
1066 1646 1304 1746 Athenagoram
1324 1665 1401 1708 cum

343 1821 449 1904 posuit
470 1832 581 1886 castra.
625 1822 698 1888 Qua
718 1821 848 1884 abscisae
872 1842 966 1904 rupes
989 1833 1089 1896 eraut,
1112 1821 1203 1884 statio
1225 1837 1402 1902 paucorum

342 1920 538 1970 armatorum
553 1905 697 1981 tenebam
720 1929 792 1991 quae
816 1906 918 1970 minus
939 1920 1009 1970 tuta
1023 1919 1129 1984 eraut,
1144 1905 1206 1970 alia
1217 1903 1321 1980 fossis,
1336 1902 1402 1966 alia
1509 1959 1512 1964 .

343 1991 442 2068 vallis,
458 1991 519 2055 alia
534 1991 672 2055 turribus
693 1991 865 2056 muniebat.
910 1991 1031 2079 Magna
1052 1999 1282 2057 tormentorum
1304 1987 1403 2058 etiam
1507 1981 1519 2062 “,

343 2077 400 2154 uis,
417 2091 452 2141 ut
473 2076 642 2140 missilibus
655 2081 768 2162 procul
787 2092 930 2143 arcerent
945 2078 1077 2156 hostem,
1098 2078 1217 2143 idoneis
1238 2076 1314 2142 locis
1334 2074 1404 2141 dis·

340 2163 446 2246 posita
469 2178 525 2226 est.
557 2163 793 2228 tabernaculum
824 2187 840 2227 r
881 2165 943 2229 ium
968 2187 1028 2250 pro
1054 2165 1149 2245 vallo,
1171 2165 1203 2228 in
1228 2175 1403 2246 conspecto
1515 2205 1520 2254 ³,

342 2249 480 2313 maxime
502 2249 634 2325 tumulo,
652 2263 687 2314 ut
701 2262 853 2316 terrorem
893 2251 1021 2331 ostibus,
1036 2253 1161 2338 suisque
1186 2271 1274 2336 spem
1299 2261 1339 2314 ex
1362 2247 1402 2310 fi·

346 2335 440 2400 ducia
453 2335 581 2414 faceret,
596 2337 745 2419 positum.

123 2465 126 2470 .
185 2427 338 2538 ffflm
394 2413 452 2485 Vl.
475 2421 605 2498 Consul,
621 2443 679 2506 per
694 2421 877 2503 Charopum
895 2421 1051 2508 Epiroten
1071 2425 1187 2489 certior
1200 2423 1311 2497 factus,
1323 2442 1408 2507 quos

343 2593 553 2670 hibernasset,
571 2595 758 2675 rereprirno
769 2595 802 2658 in
817 2594 1028 2660 continentem
1044 2598 1204 2682 trajectus,
1219 2596 1260 2661 ud
1282 2595 1406 2658 hostem

343 2507 444 2572 saltus
465 2527 538 2572 eum
561 2508 705 2573 exercitu
731 2508 894 2573 insedisset
908 2531 978 2586 rex,
993 2522 1025 2574 et
1041 2512 1234 2595 ipse,'quum
1251 2510 1408 2604 &sayra

342 2679 464 2748 ‘ducere
477 2680 589 2766 pergit
612 2679 865 2766 quinquemillia
885 2679 983 2746 ferme
1003 2682 1044 2747 ab
1065 2683 1159 2771 regiis
1181 2681 1289 2748 cast'ris
1302 2697 1407 2768 quum
1510 2663 1519 2734 *J

343 2766 481 2844 obesset,
498 2769 568 2830 loco
590 2767 713 2831 munito
735 2767 851 2832 relictis
872 2766 1057 2856 legionibus,
1072 2769 1140 2855 ipse
1154 2791 1225 2834 cum
1248 2765 1409 2854 expeditis
1515 2777 1519 2790 “

341 2869 533 3006 progressus
555 2853 595 2917 ad
621 2853 812 2940 speculanda
834 2852 916 2932 loca,
933 2870 1058 2940 postero
1079 2856 1130 2920 die
1152 2851 1408 2919 eondlium¹han
1510 2854 1518 2873 ‘

310 2957 315 2968 “
371 2955 430 3018 uit,
446 2951 552 3004 utrum
567 2961 625 3024 per
639 2942 790 3006 insessum
806 2939 846 3004 ab
861 2939 951 3006 hoste
969 2942 1093 3019 saltum,
1110 2939 1410 3028 quamquam'lahor
1514 2922 1518 2944 ⁴

345 3025 462 3114 ingens
482 3024 719 3110 periculumque
744 3028 1166 3110 proponeretur,transitum
1187 3040 1338 3103 tentarem
1364 3047 1410 3092 au
1510 3025 1518 3046 i

348 3113 460 3176 eodem
478 3112 605 3187 hibere,
620 3131 686 3196 quo
708 3111 814 3196 priore
833 3133 917 3176 anno
941 3112 1100 3198 Sulpicius
1114 3114 1340 3179 Macedoniam
1356 3113 1410 3176 in-

347 3209 497 3273 traverat,
513 3195 763 3264 circumduceret
781 3199 896 3282 copias.
943 3197 1019 3266 Hoc
1034 3197 1197 3271 consilium
1218 3199 1411 3286 permultos

346 3281 416 3350 dies
430 3283 563 3369 agitanti
578 3284 710 3347 nuncius
726 3283 819 3358 uenit,
837 3280 878 3349 T.
893 3285 1082 3362 Quinctium
1099 3287 1259 3354 consulem
1274 3285 1408 3363 sactum,

344 3371 559 3456 sortitumque
572 3369 768 3455 provinciam
785 3365 1022 3451 Macedoniam,
1040 3377 1196 3439 maturato
1210 3374 1323 3438 itinere
1338 3373 1410 3460 jam
1512 3376 1515 3388 '

269 3469 271 3473 '
351 3455 526 3541 Corcyram
548 3455 714 3542 trajecisse.
756 3451 903 3522 Valerius
919 3459 1031 3524 Antias
1054 3461 1185 3526 intrasse
1207 3460 1322 3526 saltum
1338 3460 1411 3526 Vil-

348 3541 428 3606 lium
443 3539 549 3616 tradit,
562 3541 658 3628 quiak
671 3554 760 3608 recto
770 3542 882 3609 itinere
894 3547 1060 3632 nequierit,
1076 3547 1223 3612 omnibus
1237 3571 1257 3612 a
1272 3570 1345 3634 rege
1356 3549 1410 3612 iu·
1514 3591 1515 3624 ,

347 3627 451 3703 sessis,
467 3640 609 3692 secutum
624 3628 746 3706 vallem,
762 3651 820 3714 per
845 3653 939 3716 quam
958 3634 1094 3698 mediam
1114 3633 1214 3698 fertur
1229 3635 1318 3698 Aous
1338 3656 1410 3698 arn-
1513 3657 1515 3682 1

348 3713 415 3789 nis3
437 3725 536 3798 ponte
547 3714 661 3800 raptim
677 3713 770 3794 facto,
787 3717 820 3815 in
836 3717 949 3803 ripam,
965 3719 998 3783 in
1014 3740 1076 3807 qua
1091 3733 1180 3786 erant
1192 3734 1294 3786 castra
1309 3721 1410 3804 regia,

438 3864 673 3916 hsacramencum
739 3862 883 3920 icorrodium
896 3874 969 3924 Grau.
1029 3872 1152 3939 *etquta
1161 3878 1313 3926 Gramcrer.

348 4014 460 4073 cictioua
474 4014 581 4076 mlum
596 4016 667 4066 eluas.
698 4018 861 4067 Etsicintcr·
892 4024 999 4069 daturin
1011 4023 1095 4070 vocula
1113 4039 1175 4073 cam.
1204 4023 1292 4074 Sanam
1308 4033 1410 4087 apertus

348 4079 637 4142 manciannum,
649 4083 690 4130 nbi
708 4085 736 4131 de
748 4085 791 4132 hac
802 4087 860 4133 urbe
892 4089 1098 4146 exequentibus:
1113 4091 1251 4138 'Herulidis
1271 4092 1349 4151 capite
1363 4107 1413 4152 po·
1510 4111 1512 4154 ς

348 4150 435 4209 agant.
892 4153 1010 4213 palariam
1029 4167 1132 4202 amoram
1152 4156 1259 4202 redemit.
1283 4157 1413 4206 neuen·

381 4219 412 4260 22
427 4213 586 4262 Macram
594 4215 741 4261 animosam
748 4217 860 4264 mellea·
892 4217 951 4263 clide
965 4218 1013 4263 rid.
1025 4223 1076 4266 not.
1088 4226 1128 4271 74.
1139 4221 1169 4267 cd
1180 4221 1276 4268 XXXI.
1288 4225 1326 4270 tc.
1339 4224 1410 4272 Dua·

347 4280 385 4325 οὔ
399 4283 453 4326 curis
468 4275 609 4342 Heraclide]
626 4281 681 4326 lloc
694 4280 749 4340 jure
766 4295 859 4342 anapae-
892 4295 960 4329 rotet
976 4283 1024 4329 ribi
1041 4287 1178 4332 ooaaih'm't
1193 4287 1304 4344 ignorant
1315 4289 1410 4338 Victor-

346 4349 400 4392 tam
410 4353 448 4394 cst
464 4345 572 4406 Dnjatio.
604 4347 718 4394 Mundum
735 4347 807 4395 latere
824 4348 860 4393 ri·
892 4348 1097 4407 liber,etAndrea
1109 4352 1189 4400 editio.
1293 4375 1299 4388 ·
