3104 4976
401 201 409 218 ⁸
455 185 548 266 ste.
569 205 715 270 xxxiv,
742 207 844 272 cur.
865 208 969 268 xxo.
1178 215 1231 272 tm

169 351 229 438 hitt-
249 370 284 438 in
310 371 416 449 ermis,
446 381 515 438 tutu
540 369 743 448 conscientia,
769 370 847 438 dum
873 370 985 438 consul
1013 373 1271 463 exercitusquen,
1284 399 1312 448 c,
1321 407 1378 454 517,

149 491 153 502 a
171 455 323 526 -Turdulo
336 457 420 525 bello
440 470 490 522 est
510 469 693 543 occupatus,
709 457 976 542 depopulatorum
998 458 1110 525 subitis
1125 460 1271 526 incur-A·
1283 467 1312 514 ⁰·
1325 473 1380 517 ¹⁹⁵·

154 597 155 602 η
171 545 314 612 trionibus
324 545 491 612 sociorum.
522 543 625 630 Igitur
636 544 677 609 ad
692 544 847 628 oppidum
859 566 970 612 eorum
981 545 1234 634 obpugnandum

169 631 284 698 consul
299 629 398 711 ducit,
412 653 477 698 nou
503 630 665 704 Romanas
680 631 776 698 modo
790 629 946 708 cohortes,
962 634 1016 698 sed
1035 635 1234 718 juvenuttem

172 718 267 786 etiam
283 718 397 784 merito
415 717 610 786 infensorum
632 716 670 784 iis
692 719 860 784 sociorum.
906 718 1102 804 Oppidum]
1224 764 1234 800 ‚

171 805 206 872 iu
220 803 419 874 latitudinem
440 803 689 890 haudquaquam
711 803 908 872 tantumdem
930 819 1052 890 patens,
1067 805 1148 871 habe
1171 821 1235 873 ant.

171 891 421 979 quadringentos
436 890 512 956 iude
532 891 633 957 ferme
653 911 764 974 possus
785 889 948 958 constituit
969 891 1070 980 signa.
1117 893 1168 958 Ibi
1182 894 1238 959 da-

170 977 323 1046 lectarutn
346 977 527 1044 cohortium
549 977 716 1044 stationem
738 976 929 1063 relinquens,
952 979 1107 1064 praecepit
1127 981 1181 1058 eis,
1197 1003 1239 1048 ne

171 1087 205 1132 se
214 1085 259 1130 ex
274 1086 313 1130 eo
327 1062 400 1130 loco
414 1076 487 1130 ante
501 1075 676 1142 moverent,
691 1085 787 1150 quam
809 1065 877 1147 ipse
895 1064 937 1130 ad
951 1088 1005 1130 eos
1018 1068 1163 1133 venisset.
1186 1088 1236 1132 ce·

170 1164 255 1220 teras
268 1149 376 1236 copiae
390 1150 432 1218 ad
446 1141 628 1217 ulteriorem
643 1163 765 1235 partem
782 1150 870 1216 urbis
884 1151 1103 1218 circumducit.
1127 1152 1238 1219 Maxi-

173 1259 261 1305 mum
280 1257 322 1302 ex
342 1235 490 1304 omnibus
512 1236 636 1304 auxiliis
655 1257 825 1304 numerum
850 1238 1045 1304 Suessetanae
1062 1241 1238 1326 juventutis

172 1323 321 1392 habebat.
342 1345 398 1392 eos
413 1323 453 1392 ad
468 1344 594 1390 murum
611 1323 863 1411 obpugnandum
884 1323 988 1390 subire
997 1327 1100 1411 jubet.
1146 1327 1238 1404 Quo·

172 1432 245 1476 rum
274 1409 330 1475 ubi
358 1432 447 1478 arrna
473 1411 629 1497 signaque
658 1409 812 1477 Lacetani
841 1431 1035 1498 cognovere;
1073 1435 1238 1492 memores,

171 1517 369 1584 quamsaepe
383 1497 419 1564 in
439 1518 518 1584 agro
531 1517 642 1562 eorum
660 1496 781 1581 inpune
801 1496 1036 1581 persultassent,
1051 1500 1174 1585 quoties
1189 1501 1236 1586 ip·

171 1607 224 1648 sos
239 1583 350 1669 signis
378 1582 511 1650 conlatis
545 1581 699 1650 fudissent
728 1581 966 1670 fugassentque3
1003 1583 1160 1683 patefacta
1188 1609 1238 1650 re-

172 1684 269 1756 pente
297 1683 401 1756 porta,
431 1669 569 1736 uniuersi
596 1669 631 1734 in
663 1691 718 1734 eos
745 1673 928 1754 erumpunt.
972 1670 1038 1734 er
1066 1671 1238 1737 clamorem

172 1778 296 1833 eorum,
312 1756 430 1822 nedum
445 1757 599 1841 inpetum,
617 1756 797 1822 Suessetani
813 1756 930 1822 tulere:
954 1756 1042 1843 quod
1055 1771 1238 1845 postquem,

171 1844 255 1910 sicut
271 1841 416 1910 ,futurum
438 1855 526 1908 ratus
547 1854 624 1919 erat,
640 1841 751 1908 consul
775 1843 842 1908 fieri
863 1845 958 1910 etiarn
974 1843 1072 1924 vidit;
1095 1854 1179 1930 equo
1193 1845 1239 1910 ci·

171 1943 241 1997 tato
258 1929 365 1996 subter
391 1949 518 1996 murum
543 1929 682 1994 hostium
707 1929 916 2018 edcohortes
935 1930 1121 1996 advehitur:
1144 1943 1239 2019 atque

173 2039 226 2082 eas
240 2016 398 2102 adreptus,
412 2015 518 2082 effusis
533 2014 682 2080 omnibus
696 2015 737 2082 ad
751 2017 929 2102 sequendos
945 2017 1160 2100 Suessetanos,
1175 2041 1239 2104 qua

60 2167 64 2174 ,
172 2103 386 2170 silentiumne
406 2102 545 2168 solitudo
558 2115 637 2178 erat,
651 2103 685 2166 in
710 2100 825 2168 urbem.
838 2103 978 2168 inducite
1003 2104 1156 2190 priusque
1170 2127 1239 2170 om-
1264 2165 1267 2176 ,

171 2190 228 2256 uia
252 2190 346 2276 cepit,
373 2211 470 2276 qnam
492 2211 525 2253 se
550 2189 727 2274 reciperent
751 2189 914 2255 Lacettmi.
937 2212 1015 2254 mox
1039 2193 1136 2277 ipsos,
1157 2191 1240 2256 nihil

171 2289 291 2362 prester
304 2298 395 2342 erma
408 2275 569 2353 babentes,
584 2275 617 2341 in
633 2274 825 2341 deditionem
842 2276 972 2359 accepit

126 2443 130 2450 .
215 2363 315 2428 XXI.
336 2361 511 2428 Confestim
533 2362 609 2428 inde
622 2361 725 2426 victor
746 2363 785 2426 ad
802 2362 956 2449 Vorgium
978 2375 1114 2428 castrum
1138 2363 1238 2430 ducit.

172 2449 407 2536 receptaculum
423 2448 457 2514 id
471 2447 612 2514 maxime
631 2447 821 2534 praedonum
836 2461 920 2514 erat:
944 2462 976 2514 et
995 2449 1069 2515 inde
1084 2449 1239 2518 incursio·

1 2529 2 2544 ¹
102 2540 106 2548 ’
171 2559 231 2604 nee
244 2539 278 2602 in
299 2557 393 2623 agros
414 2547 543 2621 pacatos
557 2534 764 2620 ”provincias
788 2536 855 2621 ejus
876 2535 1006 2602 fiebant.
1051 2536 1240 2627 Translugit

172 2623 309 2689 indeed
333 2621 494 2688 consulem
516 2622 666 2707 princepe
681 2623 902 2708 Vergestonus,
926 2635 958 2690 et
983 2645 1122 2712 purgare
1144 2647 1177 2690 se
1200 2647 1238 2691 ac

170 2709 343 2796 populares
353 2711 468 2794 coepitr
490 2730 626 2774 meree
637 2711 671 2772 io
680 2730 773 2772 manu
784 2712 860 2791 ipris
870 2711 1094 2792 rempublicam.
1112 2715 1239 2794 prcrdo-

173 2819 227 2862 rres
239 2807 375 2880 receptos
387 2806 483 2860 tortam
496 2815 559 2860 artae
574 2797 740 2878 potcstatis
761 2797 797 2858 id
809 2805 939 2860 costntm
949 2796 1075 2880 secisse.
1120 2797 1240 2862 Consul

171 2905 247 2948 eum
262 2883 397 2948 domurn
411 2882 523 2958 redire,
539 2880 678 2946 conficta
698 2880 805 2966 aliqua
819 2878 988 2963 probabili,
1003 2903 1061 2946 cur
1075 2881 1238 2962 abfuisset,

173 2992 293 3048 cerusa,
310 2970 416 3056 jussit.
462 2967 562 3045 Quor
583 2990 623 3038 re,
637 2989 736 3032 muros
755 2967 870 3032 subisse
890 2969 1241 3054 commotorumque

169 3056 722 3139 praedmadaondamoniaeoo
746 3055 867 3127 tumori
877 3075 941 3118 cum
954 3055 1176 3139 suoefoctr'onis
1187 3058 1241 3120 Ιιο-

172 3142 306 3207 rrrr'rtibus
319 3144 500 3208 meminisset
514 3164 612 3206 arcem
627 3162 785 3224 comprare.
831 3139 880 3218 Id,
896 3139 943 3204 uti
956 3154 1161 3225 praeceperat,
1176 3141 1241 3208 iac-

175 3243 255 3294 tum.
300 3229 441 3315 Repente
466 3249 583 3314 anceps
609 3241 722 3304 terror,
743 3226 818 3290 hinc
838 3247 952 3293 muros
977 3227 1242 3295 adscendentibus

174 3316 343 3393 Romanis,
359 3315 446 3380 illinc
461 3337 534 3382 arce
548 3326 650 3400 capta,
663 3313 815 3378 barbaros
830 3313 1039 3380 circumrasit.
1064 3313 1172 3402 Hujus
1182 3338 1241 3402 po·

175 3403 251 3467 titus
265 3401 328 3466 loci
343 3401 455 3468 consul
476 3423 540 3477 eos,
557 3401 612 3486 qui
633 3422 739 3464 arcem
761 3412 937 3478 tenuerant,
953 3400 1070 3465 liberos
1084 3425 1152 3468 esse
1166 3425 1240 3468 curn

170 3489 329 3576 cognatis,
352 3493 397 3554 su‘
432 3511 472 3552 ue
494 3487 613 3554 habere
629 3487 740 3572 jussit:
764 3487 978 3572 Vergestsnos
999 3505 1131 3568 ceteros,
1152 3513 1241 3575 quae-

169 3575 263 3653 mori,
291 3588 386 3640 utve
432 3586 507 3651 erat,
533 3573 719 3658 imperarit:
752 3572 794 3638 de
818 3572 1023 3656 praedonibus
1048 3575 1240 3660 supplicium

172 3662 297 3728 sumsit.
341 3661 461 3726 Pacata
486 3660 659 3746 provincia,
686 3658 851 3744 vectigalia
874 3681 989 3760 magna
1013 3661 1149 3728 instituit
1166 3663 1240 3728 ⁷⁰arr

169 3747 312 3814 &mariis
341 3747 607 3850 argentariisque3
634 3745 750 3832 quibus
771 3760 838 3810 turn
862 3745 1024 3827 institutis,
1050 3746 1240 3832 locupletior

169 3835 289 3900 indies
303 3831 549 3922 provincisfnit.
594 3833 649 3898 Ob
663 3832 720 3897 has
742 3854 791 3896 res
812 3845 917 3919 gestas
940 3834 972 3898 in
990 3833 1149 3920 Hispania
1163 3857 1239 3921 sup-

173 3921 376 4006 plicationem
392 3920 425 3984 in
440 3921 580 3985 triduum
598 3919 709 3984 Patres
724 3918 936 3984 decreverunt
1515 3959 1529 4010 χ

220 4007 337 4073 XXll.
361 4006 482 4071 Eadem
501 4017 610 4072 aestate
625 4005 704 4070 alter
718 4004 831 4070 consul
845 4005 884 4070 L.
894 4005 1041 4070 Valerius
1057 4006 1189 4070 Flaccus
1204 4006 1237 4070 in
1247 4021 1355 4135 george

1269 4100 1303 4134 or.
1334 4099 1384 4134 oter

209 4193 405 4243 690Prooa'octae
421 4187 483 4257 ejus]
509 4185 639 4254 Superbus
653 4196 691 4240 ert
757 4197 787 4242 70
803 4193 969 4252 cherroris‘r
977 4184 1180 4254 aegerrimeque]
1193 4153 1330 4240 lit-'indi'

173 4259 291 4321 Μαι.
323 4259 454 4308 Provincia
471 4259 504 4306 stc
521 4259 583 4308 uude
600 4265 625 4306 et
639 4258 691 4304 sine
720 4257 1241 4324 :dioisetofficinissdferrmretarrcntum
1281 4263 1283 4269 ’

172 4323 427 4385 additumquttrposits
442 4323 560 4388 siguificat
571 4324 690 4386 regionem
724 4325 864 4386 eruendum,
893 4323 1082 4384 meoqusudum,
1106 4330 1242 4379 expurgan-

169 4390 440 4452 commotionum
719 4389 835 4514 'dumiah
839 4387 968 4440 institutis.
1051 4416 1053 4420 -
