3126 4978
419 183 512 250 ΗΒ.
539 185 703 248 xxxvtt.
726 184 965 247 CAR'XXXI.
1154 190 1223 245 Ι305

152 347 211 413 tim
230 347 401 417 dolonibus
423 355 469 436 (et
487 363 556 418 erat
576 351 730 417 secundus
753 347 935 436 petentibus
957 347 1119 434 Ephesum
1139 363 1253 414 ven-u.
1266 365 1360 413 osca.

146 435 217 517 tus)
239 451 408 521 capessunt
429 436 546 526 lugam,
573 437 782 524 quadraginta
809 434 933 500 duabus
962 435 1095 521 navibus
1120 438 1151 500 in
1177 431 1360 502 samm
1463 431 1470 444 ⁸

150 543 261 672 pugna
276 524 414 602 arnissis;
437 533 572 612 quarunt
589 525 696 589 decem
718 535 751 589 ct
772 535 834 588 tres
856 531 957 608 captae
979 521 1013 588 in
1027 533 1213 608 potestatem

175 609 291 674 ostium
307 625 471 687 venerunt,
488 623 600 676 ceterae
614 611 752 675 incensae
766 625 821 674 aut
840 609 1005 674 demersae.
1051 609 1214 674 Romano-

114 759 123 770 ,
150 715 225 760 rum
239 694 312 762 dure
327 717 422 762 naves
435 696 545 762 fracta
559 695 823 777 suut,rulueratae
837 695 969 782 aliquot.
1008 693 1137 760 Rhodia
1151 718 1214 760 una

151 794 247 865 capta
267 781 467 849 memorabili
488 805 579 853 casu,
594 803 680 861 nam,
695 803 794 869 quum
816 795 921 848 rostro
941 783 1147 868 percussisset
1163 783 1213 848 Si·

150 866 282 934 doniam
303 885 426 947 narem,
442 891 569 947 ancora,
592 869 658 935 ictu
681 869 751 954 ipso
770 889 899 948 excussa
914 891 932 934 e
947 891 1027 934 nave
1045 891 1112 949 sua,
1128 891 1213 933 unco

149 953 263 1033 dente,
273 955 359 1021 velut
374 978 469 1022 uranu
486 955 586 1021 ferrea
607 956 731 1042 injecta,
754 953 905 1042 adligavit
917 955 1049 1021 alterius
1064 977 1211 1041 proram:

149 1039 227 1106 inde
240 1042 380 1108 tumultu
395 1042 521 1119 in'ecto,
537 1043 563 1084 ⁹²
574 1063 683 1129 quum,
700 1041 848 1106 divellere
862 1065 895 1106 se
916 1043 957 1106 ab
976 1041 1068 1106 hoste
1082 1045 1213 1127 cupien-
1245 1089 1255 1123 ,

149 1139 207 1204 tea,
223 1127 405 1194 inhiberent
421 1065 551 1206 ithacii,
567 1142 703 1194 tractum
715 1128 901 1194 ancoraleet
914 1127 1091 1213 inplicitum
1106 1131 1229 1207 remis,

148 1212 233 1280 latus
246 1213 383 1280 alte'rum
398 1215 549 1282 detersit:
571 1215 783 1281 debilitatam*
797 1237 835 1282 ea
848 1215 926 1299 ipsa,
966 1237 1015 1280 uae
1031 1217 1093 1280 icta
1106 1217 1213 1280 cohae·
1271 1227 1274 1232 '

149 1313 246 1378 serat,
269 1302 375 1368 navim
401 1303 495 1388 cepit.
541 1302 618 1368 Hoc
643 1303 782 1368 maxime
806 1301 903 1368 moda
926 1237 977 1366 aiii:
995 1299 1211 1388 Myonnesum
1376 1303 1378 1312 “

149 1387 256 1454 navali
269 1389 385 1474 proelio
399 1399 576 1477 pugnatum
591 1401 648 1454 est.

195 1473 336 1540 XXXI.
359 1457 437 1552 Quo
450 1476 578 1542 territus
598 1473 786 1554 Antiochus,
801 1473 886 1561 quia,
903 1474 1095 1560 possessione
1116 1475 1212 1540 maris
1222 1480 1358 1559 Antiochus

150 1561 273 1646 pulsus,
296 1561 472 1650 longinqua
493 1563 575 1628 tueri
596 1561 759 1628 diffidebat
783 1584 816 1627 se
840 1583 942 1647 posse,
964 1562 1149 1646 praesidium
1171 1562 1212 1626 ab
1220 1548 1365 1659 ¹⁴5⁸¹J²f²f¹3¹¹

150 1646 367 1734 Lysimachia,
381 1671 423 1714 ne
437 1649 479 1714 ab
502 1651 669 1716 timeretur
684 1649 728 1714 ibi
742 1649 783 1714 ab
799 1649 960 1726 Romanis,
972 1647 1086 1712 deduci
1101 1669 1210 1733 pravo,
1221 1627 1259 1660 ’ω
1285 1619 1362 1661 ‘⁸⁶¹¹'

149 1745 189 1800 ut
203 1755 254 1800 res
267 1734 335 1819 ipsa
348 1747 459 1820 postea
472 1671 590 1814 (locuit,
606 1735 740 1802 consilio
749 1736 853 1822 jussit.
874 1757 940 1799 non
961 1735 1046 1799 enim
1066 1735 1146 1800 tueri
1163 1757 1212 1798 so·

148 1819 219 1886 lura
244 1820 479 1907 Lysimachiam
493 1823 639 1908 aprino·
653 1825 763 1908 inpetu
787 1822 1007 1888 Romanorum
1021 1821 1113 1886 facile
1126 1836 1211 1886 erat:

149 1907 208 1974 sed
221 1907 418 1974 obsidionem
442 1899 537 1974 etiam
559 1921 734 1995 pertatem
756 1908 892 1974 hiemem
915 1907 1062 1989 tolerare,
1076 1920 1108 1972 et
1129 1907 1213 1972 obsi·

149 1993 262 2060 dentes
283 2017 410 2082 quoque
431 1996 472 2061 ad
500 1995 642 2062 ultimam
666 1995 807 2081 inopiam
828 1993 987 2061 adducere
1011 1993 1213 2060 extrahendo

149 2094 289 2166 tempus,
303 2093 336 2147 et
349 2082 476 2148 interim
491 2103 578 2167 spem
595 2081 681 2167 pacis
695 2105 753 2166 per
773 2081 953 2148 occasiones
967 2096 1099 2147 tentare.
1144 2081 1214 2146 Nec

150 2167 391 2255 Lysimachiam
403 2181 527 2234 tautum
543 2168 687 2234 hostibus
709 2168 838 2234 tradidit
851 2182 924 2253 post
938 2168 1101 2233 adversam
1117 2189 1214 2232 usva-

149 2253 213 2318 lem
235 2276 386 2343 pugnarn,
402 2255 457 2321 sed
478 2255 573 2321 etiam
598 2255 797 2340 Colophouis
819 2254 983 2320 obsidione
1007 2255 1167 2331 abscessit,
1182 2266 1214 2320 ct

151 2341 268 2406 Sardes
289 2343 405 2428 recepit
427 2365 477 2408 se:
499 2355 594 2430 atque
616 2341 690 2407 inde
710 2341 743 2406 in
767 2341 1003 2428 Cappadociam
1026 2341 1066 2407 ad
1083 2343 1213 2407 Ariara·
1325 2355 1327 2362 ’

149 2425 310 2514 :bennui
326 2429 442 2494 auxilia
456 2442 662 2505 arcesserent,
677 2439 710 2494 ct
731 2449 932 2578 quocumrpe
953 2429 1016 2494 alio
1029 2440 1155 2514 poterat
1169 2427 1209 2494 ad
1221 2433 1307 2510 Corin
1319 2447 1376 2482 σου·

149 2517 259 2600 copias
274 2515 515 2594 contrahendas,
531 2515 565 2580 iu
587 2523 686 2581 uuum
703 2516 770 2602 jam
793 2515 972 2593 consilum,
988 2527 1023 2581 ut
1037 2516 1105 2580 acie
1118 2499 1302 2581 dimi-“³¹³¹''

148 2614 247 2678 caret,
272 2601 421 2680 intentus,
447 2601 542 2667 misit.
589 2601 732 2690 Regillus
756 2599 918 2677 AEmilius,
948 2613 1021 2686 post
1049 2602 1213 2668 victoria'm

149 2687 294 2754 navalem
309 2688 469 2774 profectus
485 2689 657 2774 Ephesum,
680 2687 808 2754 directis
829 2703 904 2752 ante
925 2701 1052 2774 portum
1069 2689 1212 2764 navibus,

149 2774 490 2861 quum-confessionem
507 2777 646 2844 concessi
661 2775 755 2838 maris
770 2774 912 2838 ultimam
936 2774 1020 2839 hosti
1043 2775 1213 2860 expressis·

149 2872 210 2938 set,
227 2860 357 2940 Chium,
374 2884 438 2949 quo
452 2875 526 2928 aute
536 2860 648 2926 navale
660 2860 810 2946 proelium
822 2881 948 2926 cursum
964 2883 983 2925 a
999 2861 1095 2926 Samo
1110 2860 1213 2924 inten-

149 2946 252 3024 derat,
268 2948 407 3036 nauigat.
431 2947 474 3014 ibi
489 2969 584 3014 nares
602 2947 636 3014 iu
658 2947 773 3033 proelio
795 2958 955 3034 quassatas
977 2968 1074 3032 quum
1089 2944 1214 3010 refecis-

148 3047 208 3112 set,
225 3034 265 3099 L.
281 3034 453 3113 AEmiliuur
469 3037 623 3102 Scaurum
638 3057 710 3100 cum
727 3034 857 3122 triginta
871 3033 1004 3098 navibus
1022 3032 1214 3117 Hellespon-

111 3162 117 3170 ·
148 3133 220 3188 turn
235 3121 467 3188 adexercitum
482 3121 700 3209 trajiciendum
725 3121 825 3186 misit:
851 3119 1004 3199 Rhodias,
1020 3132 1110 3204 parte
1130 3141 1214 3204 prae-

149 3207 203 3273 dae
231 3220 263 3273 et
291 3208 400 3294 spoliis
428 3209 593 3274 navalibus
621 3207 795 3284 decoratas,
821 3206 953 3272 domum
969 3205 1087 3272 ¹redire
1111 3205 1212 3292 jubet.
1294 3285 1297 3292 Ι

152 3292 275 3360 Rhodii
311 3294 437 3383 inpigre
464 3295 699 3381 “prarertera
729 3295 770 3359 ad
806 3293 1070 3382 trajiciendasque
1106 3292 1214 3378 copias

149 3381 290 3446 consulis
312 3382 395 3446 iere:
418 3393 524 3468 atque,
540 3405 579 3448 eo
601 3403 727 3468 quoque
748 3381 848 3446 functi
870 3381 984 3457 officio,
1000 3392 1068 3446 tum
1083 3379 1210 3446 demum

152 3466 307 3534 Rhodum
324 3467 455 3534 rediere.
500 3468 617 3533 Classis
641 3469 785 3534 Romana
806 3469 848 3534 ab
864 3468 948 3533 Chio
964 3467 1132 3540 Phocaeam
1147 3479 1325 3541 tra-anm
1340 3493 1374 3539 a.

143 3555 235 3642 jecit.
260 3555 293 3620 iu
320 3554 391 3620 sinu
421 3555 516 3620 maris
542 3555 654 3620 intima
679 3555 781 3641 posita
804 3554 873 3620 hac
897 3555 973 3619 urbs
994 3566 1051 3632 est,
1073 3551 1270 3641 oblongatuq·

148 3640 262 3706 forma.
284 3641 387 3708 dudm
412 3641 547 3708 millium
571 3654 603 3706 et
629 3642 874 3729 quingentorum
901 3663 1050 3726 passuum
1075 3641 1212 3728 spatium

149 3749 262 3794 murus
278 3728 499 3814 amplectitur:
522 3733 587 3792 coit
608 3727 722 3794 deiude
743 3749 782 3792 ex
797 3740 932 3813 utraque
957 3741 1048 3814 parte
1067 3729 1100 3792 iu
1119 3729 1216 3794 artio-
1331 3783 1338 3790 .

64 3887 69 3896 ¹
148 3837 218 3882 rem
236 3814 323 3880 velut
343 3837 490 3893 cuneum,
506 3814 720 3900 ⁹⁴Lamptera
734 3815 795 3900 ipsi
815 3814 986 3901 adpellant.
1002 3816 1089 3884 mille
1110 3829 1142 3882 et
1156 3815 1215 3881 du·
1279 3850 1282 3858 ·

542 3933 555 3972 k
567 3945 590 3984 et
601 3936 748 3985 debilitatam
760 3937 828 3986 Crer.

183 4056 215 4101 92
234 4050 314 4106 Quam
332 4081 339 4095 ·
352 4083 359 4096 .
372 4083 379 4098 .
391 4084 399 4100 .
413 4053 546 4099 inhiberent
567 4048 669 4114 atores]
734 4054 788 4102 98*
798 4047 956 4115 Proeuertere]
966 4053 1101 4111 Antequam
1114 4051 1215 4112 redirent

150 4115 234 4168 Quum
255 4116 345 4163 Rhodii
370 4129 432 4164 retro
454 4123 552 4179 agerent
576 4132 669 4174 uereor,
702 4119 882 4174 domum,aliurl
899 4118 944 4165 sibi
960 4117 1218 4178 prarertendum,aire
1328 4165 1332 4174 ¹

147 4188 253 4230 tractum
266 4181 421 4236 ausoniam
436 4184 557 4240 centum:
572 4185 610 4231 cni
627 4196 671 4230 an·
702 4185 767 4243 prius
794 4184 927 4245 latendum
961 4197 1011 4230 erse
1039 4183 1166 4238 duxerunt,
1193 4181 1217 4226 id

147 4261 205 4298 oon
231 4247 345 4310 alligatur
365 4251 508 4308 protractus,
531 4253 556 4297 et
582 4263 670 4312 magna
702 4261 785 4310 nempe
796 4250 858 4308 quod
867 4262 921 4296 mox
933 4252 1049 4294 narratur.

146 4315 428 4376 passaranum
448 4327 530 4360 narem
550 4317 575 4363 iu
595 4319 668 4374 mara,
734 4321 765 4364 94
782 4309 923 4376 Lamptera]
946 4314 985 4358 Sic
1011 4311 1141 4374 appellatus
1169 4325 1219 4356 esre
1338 4309 1344 4312 “

149 4379 221 4428 uuiur
233 4378 313 4427 lateris
326 4392 402 4435 muros
414 4379 516 4426 detersit.
701 4379 794 4429 virletm
805 4379 844 4426 hic
856 4380 931 4435 locus,
943 4379 998 4438 quia
1014 4377 1047 4426 ibi
1059 4377 1146 4439 pharus
1157 4383 1218 4434 crat,

191 4463 268 4508 vot.
286 4463 340 4512 tu-
744 4463 767 4506 x
