3104 4976
232 111 244 138 ’
319 108 396 230 ’ωε
473 181 475 190 J
609 141 611 150 ’
720 156 996 220 muru-run

177 321 313 398 ncces
337 333 623 410 megnspeeomm
643 319 939 472 fraedoequmsset,
952 331 1101 406 pureum
1122 333 1192 388 emt
1204 321 1399 410 mnesidmm,

176 405 245 455 Μ·
259 412 312 456 ¹9³·
337 430 395 494 per
431 409 496 474 uod
510 408 542 472 in
559 419 643 472 ceste
656 407 685 470 le
699 429 809 474 eorum
824 409 970 496 vicosque
1025 421 1141 494 eretur.

175 506 318 582 conruent
381 431 439 560 ltl.
463 493 572 571 Quum
590 491 707 560 bellum
723 494 762 558 Li
787 493 926 560 ustinum
941 495 982 559 od
1030 501 1088 561 isss
1109 496 1307 574 constitisset,
1324 518 1401 562 cun·
1484 489 1486 500 ’

153 577 296 652 ,ΜΨ
337 581 386 646 sul
400 581 480 646 ulter
498 582 536 646 L.
554 580 720 648 Cornelius
737 517 862 646 uierula
884 603 944 665 per
965 593 1123 646 extremos
1140 582 1297 670 Ligurum
1322 583 1402 648 fines

174 639 509 735 ⁸⁹⁰⁶¹³⁰'⁰⁸·exereitum
533 669 566 730 in
583 688 701 751 egsum
714 663 872 736 ,Boiorum
894 666 1033 746 induxit,
1048 667 1103 734 ubi
1126 670 1219 756 longe
1240 669 1304 738 slis
1325 668 1401 734 belii

335 754 428 835 cotio,
443 772 538 840 quem
554 772 625 820 cum
648 752 833 840 Liguribus,
848 765 926 820 emt.
972 753 1093 820 Consul
1110 753 1143 819 iu
1158 757 1258 823 eciem
1279 755 1400 834 exibet,

334 841 442 906 hostes
461 861 602 929 pugnem
616 838 858 913 detrectabunt:
881 838 1133 926 praedatumque,
1145 841 1204 906 ubi
1225 863 1320 908 nemo
1339 841 1401 908 ob-

255 929 260 942 '
334 928 418 994 viem
433 927 548 1004 exiret,
563 925 785 993 discurrebant
796 923 958 1002 Romanu
982 926 1056 998 Boii
1070 926 1166 1013 diripi
1185 949 1245 994 sue
1264 927 1399 1014 inpune,

246 1029 250 1036 ·
333 1031 430 1102 quem
451 1014 570 1078 tuendo
584 1037 620 1078 eu
634 1025 803 1080 conserere
821 1023 993 1090 certamen,
1009 1013 1179 1080 molebant.
1224 1013 1400 1102 Postquam

334 1099 442 1167 omniu
460 1099 547 1166 ferro
569 1099 698 1188 ignique
719 1098 793 1164 sotis
813 1110 952 1164 evastata
974 1111 1074 1178 erent,
1087 1100 1206 1165 consul
1225 1123 1305 1189 egro
1321 1101 1400 1166 ·hos-

333 1188 416 1252 tium
431 1186 572 1264 excessit,
587 1199 618 1252 et
633 1185 672 1252 ad
690 1184 852 1250 Mutinam
874 1186 1002 1272 agmine
1023 1186 1163 1266 incauto,
1180 1199 1214 1252 ut
1235 1188 1320 1252 inter
1341 1209 1399 1272 ps·

296 1279 303 1289 ’
331 1286 430 1351 catos,
450 1273 597 1340 ducebat.
644 1272 727 1348 Boii,
750 1270 804 1336 ubi
831 1293 989 1358 egressum
1010 1294 1030 1336 e
1049 1269 1172 1337 fiuibud
1190 1275 1254 1338 suis
1271 1273 1399 1340 hostem

332 1379 467 1437 sensere,
484 1360 695 1447 sequebantur
709 1357 813 1424 silenti
827 1358 964 1443 agmine,
980 1358 1086 1424 locum
1109 1359 1229 1444 insidiis
1246 1383 1399 1446 ⁴quaeren-

333 1460 390 1516 tes.
413 1459 506 1513 nocte
529 1445 748 1534 proemrgressi
763 1457 872 1510 'castra
896 1445 1043 1510 Romans
1064 1444 1189 1524 saltum,
1212 1469 1276 1532 quo
1296 1460 1400 1512 trans-

332 1531 473 1602 eundum
485 1546 553 1598 erat
569 1533 734 1610 RomeniS,
750 1530 943 1596 insederunt.
967 1531 1006 1596 ld
1022 1553 1120 1618 quum
1142 1554 1256 1616 pamm
1274 1533 1400 1599 occulte
1438 1535 1441 1540 '

331 1618 488 1697 fecissent,
510 1619 632 1697 consul,
648 1619 702 1706 qui
715 1617 825 1683 mults
845 1630 939 1682 nocte
959 1617 1071 1684 solitus
1093 1633 1160 1702 eret
1181 1640 1307 1684 mouere
1329 1641 1399 1684 css·

332 1718 393 1787 tre,
407 1727 449 1774 ne
462 1727 530 1772 uox
547 1719 699 1772 terrorem
716 1705 751 1768 iu
770 1703 980 1769 tumultuario
1002 1705 1117 1789 proelio
1137 1720 1278 1794 sugeret,
1293 1705 1398 1771 lucem

332 1791 546 1877 exspectavit:
569 1805 612 1871 et,
633 1813 731 1877 quum
754 1793 824 1856 luce
846 1803 995 1868 moveret,
1019 1805 1124 1856 tomen
1147 1803 1285 1858 turmam
1307 1793 1398 1880 equi-

333 1892 401 1944 tum
415 1879 616 1965 exploratum
630 1878 725 1944 misit.
772 1876 944 1962 Postquam
963 1876 1098 1942 relatum
1111 1891 1176 1956 est,
1192 1891 1321 1963 qusntae
1342 1901 1397 1944 co·

315 1965 405 2049 ,pioe,
421 1977 454 2030 et
474 1963 508 2030 in
529 1987 594 2051 quo
614 1964 687 2029 loco
708 1977 820 2040 essent,
837 1963 934 2028 totius
954 1964 1089 2050 agminis
1113 1964 1252 2031 sarcines
1272 1965 1307 2030 in
1330 1988 1395 2032 me·

331 2052 422 2117 dium
443 2051 556 2137 conjici
574 2049 678 2136 jussit.
700 2049 754 2114 ⁶et
775 2048 899 2114 triarios
920 2049 1038 2116 vallum
1059 2051 1290 2139 circumjicere:
1312 2066 1396 2118 cete-

216 2161 220 2168 ·
330 2158 369 2202 ro
382 2137 693 2205 exercituinstructo
707 2136 749 2202 ad
768 2135 1044 2202 hostemoocessit.
1087 2135 1180 2202 Idem
1194 2151 1226 2221 et
1241 2136 1330 2204 Gslli
1351 2137 1420 2203 fe.

331 2237 453 2302 cerunt,
479 2223 650 2310 postquam
679 2235 801 2309 opertas
826 2245 893 2288 esse
917 2223 1058 2302 insidias,
1081 2235 1114 2290 e't
1137 2237 1225 2290 recto
1250 2247 1289 2290 sc
1308 2227 1395 2313 justo

295 2351 298 2356 ·
327 2309 461 2395 proelio,
475 2310 531 2377 ubi
545 2333 620 2376 vers
635 2312 732 2376 virtus
748 2311 898 2388 vinceret,
914 2309 1128 2376 dimicandum
1144 2311 1301 2376 viderunt.

376 2395 417 2462 V.
434 2397 537 2464 Hora
558 2397 696 2466 secunda
717 2395 815 2462 ferme
837 2417 1025 2465 concursum
1042 2409 1105 2462 est.
1120 2397 1272 2465 ⁷sinistrs
1291 2399 1395 2464 socio·

331 2497 422 2548 rumss
435 2483 487 2550 als
506 2498 539 2550 et
552 2481 819 2552 ⁸extreordinmii
841 2485 943 2567 prims
963 2484 997 2548 in
1012 2483 1079 2571 scie
1092 2475 1289 2585 pugnabant.
1310 2506 1396 2571 prae-

331 2569 732 2638 erentducconsulsres‘le
755 2570 809 2647 ati,
824 2567 1058 2635 M.··Moroellus
1069 2585 1101 2635 et
1112 2569 1166 2636 Tr.
1177 2571 1394 2659 Sempronius,

331 2657 446 2740 prioris
467 2657 685 2723 annissconsul.
731 2593 976 2744 §lovusconsul
1001 2677 1088 2721 nunc
1109 2656 1150 2721 ad
1175 2658 1280 2743 prime
1303 2659 1395 2760 signo

330 2755 412 2823 eret,
431 2765 519 2810 nuuc
543 2745 682 2832 legiones
703 2743 886 2810 continebat
909 2744 943 2806 in
955 2743 1128 2820 *subsidiis
1143 2765 1193 2808 ne
1211 2745 1395 2811 certaniinis

329 2829 437 2896 studio
451 2831 539 2918 prins
558 2833 806 2914 procurrerentt,
822 2853 918 2916 quam
932 2830 1041 2896 dotum
1056 2831 1182 2918 signnm
1197 2845 1288 2896 essct.
1305 2829 1396 2918 e'qm-

330 2930 378 2982 tes
397 2940 506 2984 eorum
525 2931 620 2986 extre
642 2919 740 2984 eciem
761 2917 794 2980 in
817 2916 924 3005 locum
945 2929 1106 3002 potentem
1122 2917 1165 2993 Q.
1180 2931 1213 2982 et
1228 2918 1264 2982 P.
1282 2917 1394 2982 Minu-

331 3003 397 3069 cios
422 3005 567 3070 tribunos
592 3005 729 3072 militum
750 3003 884 3068 educere
904 3004 1008 3089 jussit.
1035 3004 1118 3082 iude,
1134 3025 1242 3089 ⁴quum
1266 3003 1394 3091 signum
1488 3070 1493 3075 ,

330 3089 478 3170 dedisset,
493 3091 635 3178 inpetum
650 3114 689 3156 ex
704 3103 816 3176 aperto
833 3088 981 3154 fecerent.
1028 3092 1109 3155 Hsec
1130 3090 1237 3178 agenti
1257 3091 1393 3156 nuncius

330 3179 416 3244 venit
430 3202 450 3242 s
465 3178 517 3244 Ti.
535 3177 726 3262 Sempronio
741 3177 867 3264 Longo,
876 3199 944 3240 mon
957 3179 1113 3242 motinere
1127 3180 1395 3243 extraordinarios

330 3267 466 3347 inpetum
483 3267 653 3341 Gallorum,
670 3273 700 3328 et
712 3285 803 3328 caesos
815 3265 984 3346 permultos
998 3285 1080 3328 esse:
1100 3273 1140 3341 et,
1156 3267 1211 3349 qm'
1230 3266 1393 3348 supersint,

324 3355 445 3434 partim
454 3351 568 3428 labore,
576 3353 695 3434 partim
707 3359 786 3416 metu
797 3351 945 3414 remisisse
956 3353 1097 3414 ardorem
1104 3373 1233 3434 Quum.
1247 3353 1395 3437 legionem

330 3439 461 3506 alteram
479 3461 518 3502 ec
536 3439 661 3515 duobus,
677 3439 706 3502 si
719 3437 883 3515 uideretur,
899 3437 1095 3514 submitteret,
1101 3483 1104 3494 .
1104 3440 1287 3522 priusquam
1307 3439 1395 3524 iguo·

515 3645 647 3706 sequetem
658 3643 705 3693 ins.
715 3643 786 3694 θην.
853 3639 1040 3691 hommem
1051 3641 1127 3694 Gran·
1138 3640 1207 3722 coen.

362 3831 432 3878 sut
444 3830 552 3882 marus
565 3833 655 3882 vellem
669 3831 844 3895 circumjlcere]
909 3833 1050 3883 Ministro
1071 3831 1190 3880 eooimm
1212 3831 1320 3896 equitem
1341 3829 1393 3896 ata]

328 3898 421 3960 Nempe
434 3897 550 3954 cardeles
568 3898 655 3950 dmum
675 3901 778 3948 tercium
794 3901 844 3948 ml·
876 3900 937 3947 Deis
947 3899 1049 3948 fidenter
1057 3897 1212 3960 cembineio,
1223 3899 1239 3945 l.
1252 3897 1286 3944 Π.
1295 3898 1326 3946 ds
1337 3897 1394 3945 uit.

328 3964 379 4011 lum
394 3964 486 4024 jacere:
504 3969 533 4012 ut
551 3965 614 4013 vello
633 3965 727 4025 objecto
746 3957 844 4012 esicium
875 3965 947 4013 Rom.
957 3965 1013 4014 diel.
1022 3973 1044 4016 7.
1056 3978 1137 4012 vocem
1148 3965 1266 4027 equdem:
1278 3961 1317 4009 hic
1328 3962 1393 4008 euim

328 4029 420 4078 intuto
436 4034 564 4088 menneo
579 4031 719 4092 omnim,
730 4036 758 4078 ut
772 4031 844 4078 hebe-
875 4031 904 4078 de
914 4030 1034 4094 peditibus
1045 4030 1116 4076 sociis
1127 4030 1213 4086 egium.
1241 4029 1297 4076 Hoc
1307 4028 1394 4090 probet

326 4095 466 4156 rentiiqui
480 4096 609 4158 pugnaturi
625 4101 701 4152 erent,
714 4110 843 4156 quesere-
874 4101 928 4144 tote
949 4093 1024 4158 prelii
1046 4094 1159 4144 secudu.
1192 4095 1247 4145 Vid.
1261 4099 1313 4144 not
1329 4093 1362 4140 ml
1375 4093 1392 4139 l.

326 4162 441 4224 ciperent,
472 4161 492 4208 si
521 4163 672 4222 pellerentur.
711 4163 765 4210 Mos
792 4167 843 4210 emt
874 4161 989 4208 xxv-c.
1002 4166 1040 4206 21.
1050 4173 1132 4221 supre-
1216 4207 1219 4212 ,

325 4227 430 4276 Tristior
452 4225 482 4274 od
504 4227 635 4277 custodiam
658 4230 788 4275 castrorum
801 4241 865 4272 re,
907 4220 1153 4282 emonensem]
1185 4224 1271 4274 Itidem
1293 4225 1391 4288 pedites.

325 4292 415 4352 linquis
428 4292 490 4352 quod
501 4293 612 4340 observet
621 4307 650 4338 en
660 4292 777 4351 Dionysio
786 4292 841 4353 utp-
874 4291 929 4343 vio.
941 4294 994 4340 not.
1004 4293 1033 4343 ud
1046 4290 1179 4342 t·xxvl1.
1191 4305 1212 4337 c.
1226 4297 1264 4338 ts.

326 4357 375 4404 eius
388 4359 403 4404 l.
417 4358 458 4403 lV.
470 4357 498 4402 de
511 4358 563 4404 Mil.
576 4359 645 4404 Rom.
658 4356 711 4403 disi.
725 4355 745 4403 1.
961 4397 963 4407 ,
