3042 4954
296 207 315 258 s
582 277 585 287 1
680 185 966 264 ‚rrr1u1v11

135 381 166 436 u,
177 383 270 430 oser.
296 373 505 432 conservaret.
550 361 672 432 Eodem
688 363 753 430 fere
768 378 911 448 tempore
927 361 1087 448 P.·AElius
1102 361 1262 430 consalin
1277 352 1360 424 Gal«
1397 377 1399 382 ·

134 449 202 496 M·
215 451 270 494 ²⁰¹·
283 451 348 529 lia,
366 473 463 537 quum
487 448 623 514 audisset
638 474 657 515 a
673 449 761 516 Boiis
775 466 849 516 ante
863 473 954 516 suurn
971 451 1139 514 adventum
1158 445 1355 514 incursiones

296 539 339 602 in·
356 559 449 624 agros
475 536 631 600 sociorum
656 537 762 615 factas,
778 537 901 602 duabus
925 535 1103 625 legionibus
1126 537 1286 602 subitariis
1307 545 1357 595 tu·

297 625 416 688 multus
428 624 494 708 ejus
510 645 618 688 caussa
632 627 768 707 scriptis,
784 625 962 710 additisque
976 623 1078 688 adeas
1093 637 1229 710 quatuor
1243 615 1359 686 cohor·
1438 667 1441 672 .

296 711 435 776 tibusde
449 709 593 774 exercitu
614 734 681 786 suo,
698 710 721 750 ¹¹
734 711 771 775 C.
789 711 933 796 Oppium
948 709 1135 796 praefectum
1154 711 1274 774 socium
1297 703 1358 766 hac

296 796 503 870 tumultuaria
518 819 614 860 marm
630 796 720 882 ¹²per
731 797 901 862 Umbriam
916 803 1022 883 (quam
1036 795 1154 862 tribum
1173 791 1358 880 Sappiniam
1406 841 1408 845 ,
1512 843 1513 852 ,

295 888 424 963 vocant)
440 905 552 970 agrum
570 883 723 948 Boiorum
746 884 895 948 invadere
909 883 1013 970 jussit.
1036 883 1105 967 ipse
1128 883 1250 958 eodem,
1266 897 1358 964 aper·

296 983 329 1032 to
349 970 471 1046 itinere,
488 969 513 1007 ¹³
522 992 579 1054 per
606 970 726 1034 medios
750 982 872 1034 montes
897 971 1000 1034 duxit.
1046 967 1181 1054 Oppius,
1197 969 1357 1056 ingressus

295 1055 434 1120 hostium
458 1058 545 1134 lines,
568 1057 673 1141 primo
699 1056 918 1142 populationes
944 1057 1019 1121 satis
1047 1077 1199 1142 prospere
1224 1077 1262 1119 ac
1282 1062 1357 1133 ,tuto

295 1143 380 1208 fecit.
403 1143 526 1208 delecto
541 1143 657 1208 deinde
669 1143 710 1207 ad
725 1157 860 1214 castrum
879 1143 1032 1208 Mutilum
1048 1143 1121 1206 satis
1142 1143 1257 1206 idoneo
1272 1139 1357 1215 loco,

263 1265 267 1283 =
295 1229 337 1294 ad
351 1229 539 1295 demetenda
560 1229 719 1294 frumenta
742 1232 830 1316 (jam
846 1231 929 1294 enim
957 1245 1091 1306 maturae
1113 1243 1203 1294 erant
1225 1223 1357 1314 segetes)

296 1315 466 1399 profectus,
479 1339 585 1402 neque
597 1315 760 1400 explorato
776 1317 868 1392 circa,
882 1331 940 1380 nec
956 1315 1143 1404 stationibus
1158 1311 1358 1386 satis'lirmis,

268 1457 269 1462 ,
295 1424 368 1487 quae
387 1415 519 1466 armatae
542 1406 678 1468 inermes
701 1417 794 1489 atque
809 1403 899 1486 operi
914 1403 1051 1468 intentos
1067 1416 1255 1478 tutarentur,
1272 1401 1356 1484 posi-

134 1505 161 1550 c.
172 1505 264 1566 Oppius
295 1493 344 1566 tis,
360 1489 522 1574 inproviso
542 1489 653 1574 inpetu
670 1489 835 1554 Gallorum
852 1511 924 1552 curn
941 1489 1220 1554 frumentatoribus
1234 1505 1281 1552 est
1296 1485 1360 1555 cir<

133 1571 278 1648 circunven-
296 1589 491 1641 cumuentus.
526 1575 617 1642 'Inde
632 1585 731 1661 pa'vor
747 1575 884 1662 fugaque
898 1576 992 1640 etiam
1008 1589 1151 1639 armatos
1162 1579 1255 1660 cepit.
1303 1571 1354 1654 Ad
1510 1631 1513 1664 r

132 1641 172 1681 ω’
184 1651 198 1682 ⁸
208 1637 279 1682 ΒΜ
295 1676 415 1746 septam
436 1661 533 1726 millia
549 1663 714 1726 hominurn
736 1661 842 1747 palata
857 1684 914 1746 per
929 1675 1049 1749 segetes
1065 1675 1138 1726 sunt
1152 1683 1250 1726 caesa:
1273 1662 1356 1743 inter
1412 1674 1414 1689 '

294 1771 375 1834 quos
389 1751 455 1834 ipse
472 1749 511 1814 C.
529 1747 655 1833 Oppius
670 1747 847 1835 praefectus.
863 1749 958 1812 ceteri
981 1751 1011 1812 in
1024 1760 1140 1812 castra
1160 1761 1245 1812 metu
1268 1768 1356 1810 com-

280 1835 389 1920 pulsi,
405 1837 477 1899 inde
493 1836 559 1898 sine
574 1849 662 1900 certo
679 1835 761 1920 duce
780 1857 935 1899 consensu
950 1835 1077 1900 militari
1094 1835 1240 1920 proxima
1253 1846 1356 1910 nocte,

294 1923 405 1989 relicta
419 1944 534 2022 magna
551 1935 639 2004 parte
653 1943 760 1984 rerum
782 1937 921 2001 suarum,
937 1921 978 1984 ad
1001 1923 1162 1986 consulem
1185 1944 1242 2006 per
1262 1920 1358 1992 saltus

294 2031 395 2092 prope
420 2009 521 2072 invros
548 2029 726 2092 pervenere.
750 2009 815 2093 qui,
832 2009 892 2072 nisi
907 2007 994 2092 quod
1016 2007 1184 2093 populatus
1199 2021 1245 2073 est
1261 2007 1358 2072 Boio-

293 2117 366 2160 rum
396 2093 483 2170 fines,
509 2109 540 2157 et
566 2117 638 2157 cum
666 2093 819 2182 Ingaunis
843 2094 1018 2181 Liguribus
1046 2093 1148 2158 foedus
1173 2095 1237 2171 icit,
1265 2093 1355 2169 nihil,

294 2180 382 2266 quod
404 2194 484 2246 esset
506 2180 719 2260 memorabile,
742 2179 828 2244 aliud
843 2179 875 2243 in
892 2181 1054 2268 provincia
1077 2203 1175 2267 quum
1202 2180 1358 2267 gessisset,

232 2287 235 2291 ·
295 2270 432 2332 Romam
449 2267 552 2332 rediit.
969 2289 972 2296 ·

332 2355 398 2419 lll.
423 2354 534 2431 Quum
550 2355 688 2439 primum
704 2368 849 2421 senatum
866 2355 987 2434 babuit,
1000 2355 1153 2420 universis
1167 2355 1355 2440 postulanti-

288 2442 358 2520 bus,
380 2465 418 2506 ne
443 2465 538 2529 quam
566 2443 654 2527 prius
679 2465 759 2522 rem,
775 2465 870 2529 quam
892 2442 935 2506 'de
954 2441 1106 2528 Philippo
1130 2442 1355 2528 sociorumque

288 2529 435 2616 querelis,
461 2543 585 2615 ageret3
622 2528 755 2593 relatum
781 2528 940 2614 extemplo
966 2543 1030 2592 ost:
1060 2529 1262 2615 decrevitque
1290 2527 1355 2592 fre·

287 2637 387 2702 quens
409 2632 545 2693 senatus,
561 2629 598 2679 ut
614 2615 652 2679 P.
668 2615 774 2680 AElius
786 2620 905 2692 consul,
922 2637 1016 2700 quem
1039 2615 1199 2678 videretur
1221 2615 1260 2693 ei,
1280 2637 1352 2678 cum

287 2702 423 2787 irnperio
449 2703 598 2783 mitteret,
616 2703 682 2788 qui,
705 2703 803 2780 classe
825 2707 965 2785 accepta,
986 2723 1080 2788 quam
1109 2723 1150 2766 ex
1167 2701 1275 2766 Sicilia
1292 2701 1355 2767 Cn.

290 2789 445 2854 Octavius
474 2787 651 2868 reduceret,
671 2789 704 2852 in
730 2787 952 2854 Macedoniam
982 2789 1148 2874 trajiceret.
1194 2787 1242 2852 M.
1260 2787 1355 2851 Vale·

290 2875 356 2939 rius
372 2875 523 2940 Laevinus
545 2889 725 2960 propraetor
747 2877 871 2951 missus,
893 2874 978 2939 circa
992 2876 1147 2940 Vibonem
1172 2874 1356 2960 duodequa-

290 2961 440 3048 draginta
463 2963 595 3028 navibus
611 2965 650 3026 ab
668 2961 729 3026 Cn.
746 2960 882 3025 Octavio
904 2981 977 3024 acce
1001 2962 1050 3039 tis,
1071 2963 1103 3024 in
1129 2959 1356 3026 Macedoniam

291 3042 478 3122 transmisit.
506 3049 551 3116 ad
570 3069 662 3134 quem
694 3069 792 3132 quum
819 3047 868 3110 M.
885 2983 1036 3111 Aurelius
1058 3047 1181 3133 legatus
1211 3047 1355 3125 venisset,

292 3135 531 3222 edocuissetque
545 3155 628 3209 eum,
644 3146 778 3218 quantos
796 3133 965 3213 exercitus,
981 3147 1136 3218 quantum
1151 3133 1280 3197 navium
1296 3155 1356 3198 nu·

291 3245 416 3288 merum
432 3231 645 3306 comparasset
660 3241 729 3300 rex,
739 3231 770 3284 et
784 3218 1055 3304 quemadmbdum
1067 3222 1151 3285 circa
1166 3243 1275 3285 omnes
1291 3243 1357 3285 non

287 3310 484 3376 continentis
506 3305 603 3372 modo
624 3306 727 3382 urbes,
744 3307 799 3370 sed
822 3307 916 3370 etiam
941 3305 1069 3385 insulas,
1085 3307 1202 3392 partim
1219 3308 1285 3392 ipse
1300 3308 1357 3372 ad·

291 3398 407 3472 eundo,
425 3395 539 3480 partim
557 3415 614 3479 per
628 3393 758 3480 legatos,
775 3393 916 3457 conciret
931 3392 1075 3458 homines
1097 3394 1139 3458 ad
1160 3417 1266 3471 arma3
1289 3417 1357 3460 ma·

286 3483 358 3568 jore
369 3493 484 3546 conatu
502 3481 657 3544 Romanis
674 3479 706 3542 id
721 3478 948 3564 capessendum
964 3478 1082 3544 bellurn
1098 3503 1176 3562 esse,
1191 3503 1241 3558 ne,
1259 3503 1356 3545 cunc·
1380 3553 1382 3556 ¹

291 3569 432 3634 rantibus
448 3568 495 3646 iis,
511 3565 643 3631 auderet
660 3563 838 3651 Philippus,
851 3563 936 3654 quod
951 3566 1093 3654 Pyrrhus
1104 3568 1193 3653 prius
1208 3587 1301 3634 ausus
1316 3590 1357 3634 ex

854 3680 866 3707 δ

325 3798 351 3837 11
372 3792 399 3838 0.
413 3789 529 3856 Oppium]
541 3792 737 3855 antesignatum
748 3794 806 3840 aditi
840 3793 908 3840 nobis
925 3793 1067 3854 persuadent
1085 3793 1147 3840 hanc
1165 3807 1236 3842 unam
1255 3793 1357 3841 ioissee

219 3863 224 3888 '¹
289 3855 408 3903 habebant
417 3857 442 3902 G.
450 3858 564 3918 Appium.
583 3860 689 3906 Mutavit
697 3859 750 3905 ilie:
763 3873 807 3906 nac
838 3860 1003 3919 tribubur,*in
1025 3873 1083 3919 quas
1100 3860 1185 3907 Umbri
1204 3859 1250 3921 ipsi
1269 3859 1357 3906 diride-

288 3923 414 3968 immerito.
450 3923 541 3984 Oppius
556 3924 620 3970 enim
630 3925 807 3981 gentisnomen
839 3925 940 3972 bantur:
958 3925 1039 3972 eodem
1056 3922 1126 3985 plone
1144 3925 1215 3972 modo
1231 3939 1258 3970 ac
1274 3938 1356 3982 sensu,

287 3993 339 4034 cst:
355 3989 453 4048 Appiae
468 4003 613 4047 prenomen.
839 4005 887 4049 quo
899 4004 970 4050 supra
985 3991 1001 4035 l.
1020 3991 1063 4036 IX.
1076 4005 1097 4038 c.
1109 3995 1149 4038 41.
1161 3992 1189 4037 de
1200 3991 1282 4036 iisdem
1294 3989 1354 4034 Um·

323 4059 352 4099 12
369 4053 419 4099 Per
451 4053 575 4102 Umbriam
604 4055 686 4118 (quam
716 4055 807 4102 tribum
839 4055 901 4103 brit:
934 4055 1017 4116 Plaga
1034 4067 1088 4102 ‘aaa
1119 4053 1278 4118 (Materianum
1307 4054 1357 4114 ipsi

287 4119 433 4180 Sappina'am
447 4116 555 4182 ascend]
571 4123 615 4167 Per
632 4135 684 4167 eam
701 4120 806 4168 Umbria
839 4119 978 4184 appellant.)

287 4185 807 4248 partemqueahipristribussappiuiaap-
876 4194 903 4233 13
920 4186 972 4232 Per
987 4187 1075 4232 medior
1091 4179 1193 4246 monta]
1210 4185 1300 4231 Victor.
1318 4199 1358 4232 co-

287 4251 397 4312 pellstur.
430 4251 492 4300 Haeo
508 4251 662 4310 enimverba,
679 4267 806 4313 quam...
840 4252 884 4298 dex
898 4252 993 4313 ignorat
1003 4265 1084 4298 rocem
1101 4249 1356 4310 medioqqmmiuse-

287 4324 383 4374 aoeaar,
393 4317 479 4377 quibu·
491 4318 526 4364 uti
539 4331 586 4364 non
597 4315 656 4364 solet
664 4315 807 4375 Lirius,ubi
839 4319 889 4364 ruit
900 4317 1020 4380 Sigonius.

288 4382 393 4432 tribuum
406 4385 567 4432 Romanarum
584 4384 681 4438 nomina
692 4384 804 4444 appellat,
