3042 4954
388 149 487 212 nro.
516 151 635 212 xxxi.
661 152 765 211 cur.
793 149 917 211 xvru.
1075 115 1084 136 ’
1144 163 1181 224 17

12 349 13 370 r
109 312 185 376 iram
205 313 368 396 accendit,
389 327 437 394 ut,
457 315 499 380 ad
525 315 880 405 Saguntinamrabiem
906 317 999 398 versi,
1018 326 1325 388 mumonasU·0·⁵⁶2·

12 431 13 452 κ
107 419 218 464 omnes
237 401 271 465 in
295 401 419 486 templo
444 403 572 482 Diana,
587 425 702 490 pueros
722 403 889 490 ingenuos,
903 393 1324 493 virginesque,1in-¹³·⁰·⁹⁰⁰*

12 493 13 506 ¹
108 488 212 552 fantes
227 489 320 552 etiam
337 511 412 554 cum
428 491 492 554 suis
513 491 702 566 nutricibus,
718 490 751 552 in
773 491 974 576 gymnasium
994 493 1114 558 includi
1124 495 1177 579 ju-

106 573 235 639 bereutr
258 597 375 640 eurum
395 588 427 640 et
449 589 617 662 argentum
640 578 674 642 in
695 575 800 642 forum
823 576 948 657 deferri,
964 593 1081 644 vestem
1104 602 1177 666 pre·

106 659 218 724 ticcam
249 661 285 725 in
313 684 411 728 naves
442 663 603 728 Rhodiam
632 663 898 750 Cyzicenumque,
925 688 999 751 quie
1023 666 1057 731 in
1081 684 1176 752 portu

105 758 205 824 erant,
221 747 251 791 ⁷⁶
261 750 393 834 congeri
404 748 427 813 ¹:
450 750 629 816 sacerdotes
649 749 856 838 victimasque
875 751 1002 830 adduci,
1018 765 1050 818 et
1064 755 1193 820 altaria·

106 833 135 896 in
154 835 268 898 medio
291 836 380 920 poni.
402 836 448 900 ibi
473 836 596 902 delecti
608 838 760 923 primum,
784 839 849 924 qui,
866 837 921 902 ubi
940 860 1055 904 caesm
1075 843 1176 908 aciem

105 941 251 1004 snorum,
273 943 336 1007 pro
359 923 470 986 diruto
490 944 584 987 muro
602 937 809 1010 pugnantem,
832 924 1176 1014 vidissent,extemp10

103 1008 259 1096 conjuges
284 1008 463 1096 liberosque
491 1009 722 1086 interficerent3
746 1032 872 1089 aurum,
899 1024 1077 1099 argeutum,
1104 1039 1175 1080 ves·

102 1107 244 1180 temque,
272 1117 346 1180 quoe
371 1097 405 1160 in
432 1097 565 1162 naribus
587 1110 678 1175 esset,
702 1099 737 1162 in
760 1119 849 1162 mare
872 1097 1044 1185 dejicerent
1051 1123 1060 1177 3
1084 1103 1174 1166 tectis

101 1181 242 1279 publicis
257 1183 372 1267 privati
413 1206 463 1262 ue,
477 1183 718 1270 quamplurimis
739 1183 818 1248 locis
840 1197 979 1270 possent,
995 1186 1084 1274 ig'nes
1098 1189 1174 1253 snb-

97 1268 255 1352 Jieerent3
277 1280 323 1350 et,
344 1293 377 1334 se
410 1271 519 1334 acinus
542 1282 791 1356 perpetraturos,
806 1270 1058 1357 ⁷⁷praeeuntibus
1080 1297 1175 1340 exse-

101 1354 224 1420 crabile
238 1375 370 1420 cor-men
381 1358 614 1438 sacerdotibus,
623 1356 833 1444 jurejurando
850 1357 972 1424 adacti:
994 1359 1020 1404 ⁷⁸
1030 1374 1098 1424 tum
1114 1363 1174 1426 mi·

100 1439 203 1506 litaris
227 1455 307 1508 otas
315 1443 436 1529 jurare,
456 1445 615 1508 neminem
640 1445 758 1524 vivum,
774 1443 835 1508 nisi
852 1445 1014 1524 victorem,
1030 1449 1099 1512 acie
1119 1471 1173 1514 ex-

98 1548 275 1594 cessurum.
323 1529 382 1608 Hi,
398 1551 554 1597 memores
570 1531 727 1604 Deorum,
738 1529 817 1596 odeo
831 1533 1035 1614 pertinaciter
1048 1554 1173 1620 pugne-

99 1629 223 1693 rerunt,
242 1629 289 1693 ut,
305 1637 404 1702 quum
425 1639 490 1682 nox
516 1617 667 1703 proelium
686 1615 862 1682 diremtum
884 1631 973 1693 esset,
997 1629 1054 1682 rex
1072 1622 1171 1703 prior,

99 1701 230 1766 territus
253 1702 342 1768 rabie
364 1725 486 1781 eorum,
511 1725 622 1792 pugna
645 1703 810 1769 abstiterit.
855 1703 1030 1788 Principes,
1055 1707 1317 1790 quibusnrnsuen-

99 1791 240 1853 atrocior
254 1811 330 1875 pars
344 1789 493 1856 facinoris
506 1790 653 1877 delegata
665 1802 744 1868 erat,
756 1812 855 1876 quum
866 1811 985 1876 paucos
1000 1805 1032 1856 et
1045 1792 1170 1858 confec·
1178 1798 1243 1870 ‘Fre
1253 1793 1329 1870 prin--

99 1887 148 1938 tos
163 1875 353 1940 vulneribus
368 1898 406 1942 ae
415 1877 600 1942 lassitudine
611 1899 772 1962 superesse
781 1876 899 1962 proelio
914 1889 1088 1955 cernerent,
1100 1860 1277 1946 loomim*

99 1962 204 2062 primu
218 1963 401 2028 sacerdotes
415 1986 487 2029 cunr
503 1963 611 2028 intulis
626 1960 667 2028 od
687 1965 799 2028 urbem
821 1963 1000 2029 dedendam
1019 1965 1171 2054 Philippo

101 2061 243 2114 mittunt.

141 2135 280 2202 XVIII.
303 2136 391 2201 Ante
417 2135 612 2202 deditionem
641 2159 681 2201 ex
706 2137 744 2200 iis
772 2135 883 2218 legatis
919 2137 1084 2218 Romanis,
1115 2142 1170 2228 qui

100 2220 332 2306 Alexandriam
347 2222 433 2286 missi
448 2235 550 2304 erant,
567 2223 617 2288 M.
633 2223 781 2288 AEmilius
794 2223 927 2290 ⁷⁹trium
939 2247 1094 2292 consensu
1109 2229 1170 2292 mi·

99 2307 203 2376 nimus
226 2322 317 2391 natu,
334 2309 444 2374 audita
465 2310 634 2374 obsidione
657 2310 900 2397 Abydenorum,
918 2311 959 2376 ad
983 2313 1171 2400 Philippum

100 2396 196 2461 venit.
212 2398 282 2484 qui,
299 2407 427 2483 questus
448 2397 559 2462 Attalo
583 2396 783 2482 Rhodiisque
804 2419 894 2462 arma
912 2399 1021 2478 inlate,
1037 2414 1070 2466 et
1082 2402 1171 2486 quod

98 2492 166 2546 turn
185 2483 331 2549 maxime
352 2483 506 2570 Abydum
532 2483 742 2572 obpugnaret,
758 2505 857 2636 quum
874 2507 932 2550 rex
948 2485 989 2552 ab
1012 2487 1122 2554 Attalo
1136 2500 1170 2554 et
1185 2516 1193 2548 ς
1263 2487 1273 2500 ”

103 2567 239 2634 Rhodiis
266 2569 356 2636 ultro
384 2593 418 2634 se
441 2569 526 2636 bello
552 2570 731 2635 lacessitum
784 2571 901 2647 iceret3
926 2573 1007 2636 Num
1032 2575 1171 2660 Abydeni

99 2676 224 2742 proque,
238 2657 354 2744 inquit,
370 2657 451 2722 ultro
471 2658 528 2722 tibi
548 2658 710 2723 iunctorum
733 2663 850 2722 orum?
874 2658 1005 2724 insueto
1025 2683 1099 2726 vera
1113 2685 1169 2726 au·

99 2741 167 2806 dire
180 2741 323 2810 ferocior
340 2742 444 2808 oratio
464 2744 530 2808 visu
555 2756 612 2821 est,
628 2765 724 2830 quam
749 2767 822 2830 quae
840 2743 991 2810 habenda
1012 2749 1097 2831 opud
1119 2770 1168 2811 re-

98 2849 169 2915 gem
184 2843 277 2895 esset.
299 2829 441 2906 ⁸⁰AEtus,
458 2830 570 2916 inquit,
594 2841 623 2894 et
636 2828 755 2912 sumo,
770 2839 801 2894 et
823 2851 912 2912 super
936 2833 1038 2895 omma
1051 2835 1168 2896 Ronm-

99 2937 172 2979 num
197 2939 308 2982 nomm
335 2927 364 2980 te
378 2915 659 3000 ferocioremsueit.
702 2919 776 3002 Ego
797 2925 898 2980 autem
919 2917 1050 2998 pomum
1069 2919 1168 2996 uelim,

97 3001 314 3084 ocssoedernm
325 3025 471 3068 memoro
483 3025 605 3070 sonore
618 3024 734 3068 meeum
746 3023 865 3085 paoem.
907 3003 942 3068 Si
956 3003 1031 3068 bello
1043 3004 1169 3070 lacesse-

97 3090 173 3169 run,
190 3091 269 3156 mini
293 3111 413 3177 quoque
426 3089 451 3130 ⁸¹
462 3093 495 3155 in
509 3092 617 3158 animo
632 3099 677 3156 est
682 3088 803 3172 secere,
819 3099 856 3154 ut
877 3111 1005 3176 reguum
1019 3091 1168 3156 Macedo·

533 3192 648 3258 lconji'ei
657 3197 732 3243 Grau.

127 3279 161 3326 ⁷⁶
176 3273 301 3337 congeri]
314 3276 369 3324 lloe
382 3278 481 3324 verbum
491 3278 571 3338 aptius
583 3279 619 3324 vi·
651 3277 759 3339 supplere
780 3291 809 3324 ex
829 3277 858 3323 iis
882 3290 934 3338 quse
953 3275 1058 3338 proxime
1082 3289 1168 3337 prece·

96 3355 147 3388 turn
158 3346 292 3402 eugqmm
306 3343 428 3403 vulgatum
440 3344 537 3404 conjici.
570 3345 617 3390 Re·
650 3341 993 3404 dunt,jurejuruudueduetu.

96 3406 203 3467 cepimus
216 3407 297 3467 ituque
315 3421 343 3452 ex
359 3407 451 3454 Victor.
469 3410 562 3468 codice;
584 3410 618 3455 ul·
684 3415 714 3459 79
735 3409 821 3454 Trium
834 3405 958 3468 consensu]
974 3407 1107 3453 Amborum
1119 3407 1168 3453 col-

95 3471 235 3519 ludentibus
245 3474 338 3531 endam,
348 3477 409 3520 tecte
425 3474 617 3536 Jac.Gronorio,
651 3475 756 3536 togarum
768 3487 886 3520 consensu
903 3479 927 3519 et
945 3484 1006 3519 suos
1029 3471 1088 3518 Tres
1104 3472 1167 3518 enirn

95 3538 188 3585 ceterin
651 3540 750 3586 omniuo
768 3539 839 3594 legati
857 3544 934 3597 crum,
946 3545 974 3584 ut
991 3542 1085 3586 constat
1104 3553 1133 3584 ex
1147 3552 1167 3584 c.

125 3595 360 3652 &termitem
391 3604 532 3652 aaronis
568 3619 620 3652 cur·
653 3612 675 3651 2.
688 3604 760 3664 hnjut
771 3603 834 3650 libri.

93 3666 159 3730 area]
170 3670 212 3717 De
222 3682 282 3714 voce
293 3669 458 3730 parentibus
469 3671 517 3718 rid.
533 3675 584 3717 uot.
596 3677 619 3716 8.
685 3677 716 3716 80
733 3669 809 3715 AEtas
818 3701 824 3714 .
834 3699 841 3713 .
851 3699 858 3713 .
869 3666 1003 3730 .etfomra]
1015 3669 1048 3713 M.
1058 3667 1169 3714 AEmilius

95 3735 123 3780 sd
135 3733 179 3781 lv.
192 3739 235 3780 21.
255 3735 408 3782 commeat
424 3739 539 3798 concepta
556 3750 620 3796 qua·
651 3735 728 3782 forma
750 3747 832 3781 omnes
852 3735 953 3793 aequales
971 3746 1026 3779 suos
1044 3734 1169 3778 antecello-

94 3799 146 3845 darn
169 3803 198 3846 et
220 3800 328 3846 celeuma
355 3801 479 3848 verborum
505 3803 616 3848 formula·
650 3802 700 3858 but,
719 3805 781 3846 teste
803 3799 910 3858 Polybio,
934 3801 950 3844 1.
973 3799 1042 3845 XVI.
1064 3799 1106 3846 ubi
1127 3797 1170 3846 illa

95 3865 172 3927 Supra
182 3863 205 3912 1.
217 3871 258 3911 2⁴.
275 3866 348 3926 lengo
365 3867 439 3934 effata
456 3868 579 3913 carmine.-
593 3872 617 3912 et
649 3866 729 3926 Abydi
741 3865 885 3926 expugnatio
896 3865 948 3910 fuse
961 3869 1077 3937 n-arratur.

93 3931 439 3980 eeteaelmfflcamtnis
449 3939 512 3980 erut.
537 3933 618 3979 Exce-
684 3937 713 3978 st
733 3932 856 3978 Inarime
867 3937 902 3976 eri
911 3931 1179 3988 fucoe,ut..·sen-.

96 3997 182 4043 erudite
204 3996 391 4058 intelligendum
409 4001 446 4044 est
463 3999 561 4060 plenum
577 4011 617 4046 ex·
651 3995 733 4059 tiaris]
760 3998 817 4044 Cod.
840 3997 931 4048 Victor.
955 4009 1009 4042 cnur
1038 3993 1131 4040 duobus
1153 4006 1176 4059 a⁴

93 4061 268 4108 emtionibus
279 4063 305 4109 in
315 4063 422 4120 Jnrautis
433 4064 569 4128 ceput,nisi
577 4065 618 4124 ju·
651 4062 773 4112 &onorio
795 4062 941 4118 memoratis,
962 4060 1054 4108 omittit
1076 4071 1166 4118 prepo-

96 4126 305 4186 ritjurandifidem
318 4129 436 4190 impleret.
649 4131 760 4176 titionem
785 4129 824 4176 iar
841 4127 1041 4190 quemadmodum
1058 4137 1129 4182 supra
1151 4121 1167 4166 Ι.
1263 4169 1268 4186 fl

128 4199 157 4241 7⁸
176 4193 241 4242 stas
249 4197 370 4243 militaris
382 4201 443 4242 etue
453 4190 552 4255 jurare]
560 4194 619 4240 Ver·
651 4193 755 4240 XXIX.
774 4208 795 4240 e.
815 4197 856 4240 36.
874 4192 949 4238 Poerro
967 4205 1047 4238 recens
1065 4186 1168 4237 victorio

99 4255 153 4304 bum
164 4260 253 4320 jutan
271 4263 314 4310 hic
338 4273 481 4322 supervacue
502 4269 527 4308 et
546 4261 618 4306 ioele·
651 4261 732 4306 eninm
752 4266 818 4306 ercet.
857 4253 1087 4304 Ur....mruris
1104 4251 1169 4296 mnu

101 4329 295 4387 stuterpositum
315 4331 360 4372 est
396 4327 475 4380 Potes,
489 4339 517 4372 eo
534 4326 618 4384 reciso,
650 4325 785 4372 emendatio
807 4329 854 4382 est,
877 4323 1008 4372 substituta
1031 4318 1082 4374 jam
1111 4317 1168 4365 otiu
1207 4357 1208 4366 ,

141 4409 211 4456 l'OL.
228 4411 287 4454 111.
682 4410 700 4451 C
