3126 4978
184 385 216 436 li.
225 384 253 432 0.
266 385 322 434 ⁵00.

185 455 216 500 A·
225 452 254 500 0.
268 456 321 500 192.

343 205 404 272 aas
732 205 845 298 riri
872 207 1017 268 tivit

346 368 558 438 etduodeoim
574 367 676 456 dipsa
695 371 857 443 inaurata:
880 383 913 438 et
930 371 1026 440 iidem
1049 373 1207 462 porticum
1222 381 1320 438 extra
1335 389 1412 464 por·

348 473 413 525 tam
429 457 648 544 Trigeminam
662 455 944 548 “interlignarioe
958 459 1109 524 fecerunt.
1310 527 1314 532 ,

366 569 369 576 ·
393 543 504 616 XLII.
527 543 662 608 intentis
680 544 714 610 in
734 545 923 631 adparatum
944 547 1018 610 novi
1041 545 1115 610 belli
1132 545 1295 619 Romanis,
1313 565 1355 606 nc
1371 542 1412 605 ab

352 629 514 696 Antiocho
528 628 654 715 quidem
670 630 859 696 cessabatur.
904 629 986 696 Tres
1007 655 1080 696 eum
1097 633 1236 697 civitates
1250 627 1429 706 tenebant,

353 721 499 803 Smyrna,
519 729 550 780 et
572 716 766 782 Alexandria
787 718 901 798 Troas,
922 731 954 782 et
976 718 1188 802 Lampsacus3
1211 735 1288 802 quas
1310 735 1414 799 neque

351 806 382 869 vi
411 825 595 888 expugnare
619 804 659 868 ad
686 825 756 867 eam
785 803 869 869 diem
894 803 1064 888 “poterat
1091 825 1193 890 neque
1221 799 1414 866 conditioni·

352 891 411 956 bus
433 889 466 952 in
490 889 660 954 amicitiam
682 889 843 974 perlicere,
860 911 961 976 neque
984 913 1003 954 a
1025 903 1116 974 tergo
1137 888 1327 976 relinquere,
1349 899 1414 951 tra·

348 979 460 1064 poiens
493 975 561 1060 ipse
592 977 626 1038 in
662 975 838 1062 Europam,
873 976 1006 1041 solebat.
1052 975 1171 1040 Tenuit
1202 995 1275 1039 eum
1308 984 1341 1037 et
1373 971 1414 1036 de

190 1069 305 1118 musam
316 1069 345 1116 ⁶⁰
355 1061 536 1129 Hannibale
551 1061 748 1128 deliberatio.
793 1059 837 1126 Et
859 1061 963 1146 primo
983 1084 1078 1126 neves
1099 1073 1228 1148 apertoe,
1243 1081 1322 1146 quas
1339 1079 1414 1122 cum

191 1134 328 1182 Hannibale

191 1199 334 1278 deliberatio·

355 1172 393 1214 eo
418 1149 570 1213 missurus
595 1148 627 1212 iu
651 1147 791 1213 Africam
818 1146 932 1226 fuerat,
954 1160 1086 1213 moratae
1112 1161 1202 1213 sunt:
1224 1145 1351 1223 deinde,
1375 1165 1415 1211 au

355 1234 486 1301 omnino
511 1234 683 1298 mittendus
707 1245 797 1312 esset,
824 1232 1013 1300 consultatio
1037 1246 1125 1299 mota
1149 1248 1207 1311 est,
1233 1233 1416 1296 maximae

356 1321 506 1387 Thoante
519 1320 640 1399 AEtolo,
676 1323 719 1398 ui,
732 1320 880 1385 omnibus
895 1323 928 1384 in
944 1321 1071 1386 Graecia
1085 1320 1223 1385 tumultu
1238 1317 1417 1402 completis,

355 1407 592 1473 Demetriadem
615 1341 777 1473 adimebat
797 1408 829 1470 in
851 1419 1007 1491 potestate
1027 1429 1110 1470 esse:
1132 1420 1174 1483 et,
1190 1406 1307 1490 quibus
1328 1423 1418 1468 men-

353 1494 451 1559 daciis
476 1493 516 1558 de
541 1513 624 1581 rege,
649 1493 889 1580 multiplicando
914 1493 1017 1556 verbis
1041 1493 1148 1579 copias
1173 1493 1249 1578 ejus,
1273 1501 1419 1554 erexerat

356 1580 528 1645 multorum
544 1581 576 1643 in
593 1579 719 1645 Graecia
735 1580 866 1657 animos,
882 1579 991 1643 iisdem
1007 1592 1040 1644 et
1059 1580 1141 1667 regis
1155 1599 1242 1665 spem
1265 1576 1416 1641 inflabat:

318 1715 324 1728 .
354 1670 484 1732 omnium
499 1669 576 1731 uotis
590 1689 658 1734 emm
671 1669 792 1730 arcessi.
814 1687 986 1730 concursum
1001 1668 1045 1729 ad
1062 1669 1157 1730 litora
1164 1661 1322 1750 faturum,
1338 1666 1419 1726 unde

265 1761 269 1767 '
354 1756 476 1818 classem
491 1755 606 1838 regiam
619 1755 854 1838 prospexissent.
889 1751 955 1814 Hic
970 1751 1053 1815 idem
1069 1773 1162 1816 ausus
1176 1751 1217 1816 de
1233 1749 1419 1814 Hannibale

355 1855 402 1903 est
426 1859 552 1902 movere
577 1838 762 1902 sententiam
789 1859 890 1924 prope
906 1839 972 1922 jam
988 1851 1106 1902 certam
1123 1838 1214 1924 regis.
1237 1857 1310 1900 nam
1327 1857 1420 1921 neque

355 1927 567 1990 dimittendam
577 1934 700 2006 partem
711 1927 836 1987 'nauium
851 1945 871 1986 a
886 1926 980 1987 classe
993 1927 1082 2008 regia
1097 1927 1261 1990 censebat:
1276 1922 1418 2006 ⁴lneque,

355 2015 384 2076 si
391 2007 647 2074 mittendaeaa'oes
645 2009 766 2094 ferent,
776 2011 874 2076 minus
882 2013 1107 2094 quempiomfei
1114 2011 1215 2083 classi,
1225 2010 1420 2094 qaamHan-

356 2097 497 2171 athalam,
517 2096 757 2177 preficiendam.
799 2098 943 2160 Essulem
969 2097 1053 2160 illum
1076 2107 1106 2161 et
1127 2099 1255 2161 Pernam
1278 2117 1349 2173 esse,
1370 2096 1421 2160 aa

358 2183 441 2246 mille
454 2183 489 2244 in
503 2183 568 2246 dies
582 2203 660 2246 noua
671 2181 802 2246 consilia
817 2183 1003 2266 aelfertana
1017 2204 1083 2260 sua,
1094 2186 1142 2248 vel
1155 2184 1309 2267 ingenium
1318 2182 1421 2264 possit

345 2267 468 2354 facere.
503 2269 548 2331 Et
561 2269 660 2350 ipsam
676 2290 741 2332 eam
750 2269 885 2354 gloriam
900 2269 981 2345 belli,
998 2291 1059 2353 qna
1073 2272 1154 2334 velut
1168 2271 1237 2333 date
1251 2268 1423 2332 Hannibal

324 2412 327 2417 .
356 2356 544 2430 carmilietar,
561 2355 687 2417 nimiam
702 2356 735 2418 in
745 2354 893 2441 praffecto
908 2358 994 2440 regio
1007 2377 1077 2420 esse.
1112 2356 1226 2438 Regem
1240 2344 1421 2436 ¹⁴lclrmspicl,

357 2461 457 2524 regem
470 2461 561 2503 unum
575 2442 686 2518 damam,
702 2461 793 2505 annm
809 2443 1020 2524 imperatorem
1034 2443 1135 2506 uideri
1149 2441 1264 2504 debere.
1294 2440 1330 2504 Si
1343 2442 1422 2504 clas·

357 2547 429 2602 sem,
444 2527 473 2590 si
493 2527 655 2590 exercitam
677 2527 802 2591 amittat
820 2527 993 2604 Hannibal,
1015 2529 1093 2591 idern
1115 2526 1374 2612 (lemniscatam
1394 2527 1422 2590 si

356 2634 414 2695 per
427 2613 522 2674 alium
536 2614 638 2675 ducem
657 2614 851 2677 amittantur.
873 2615 902 2678 si
923 2615 999 2697 qaid
1013 2635 1161 2696 prospere
1180 2615 1311 2690 eueniat,
1327 2613 1424 2676 Hart-

359 2698 473 2762 nidulis
487 2697 564 2778 eam,
579 2719 641 2761 non
655 2699 808 2776 Antiochi,
821 2699 1045 2785 gloriamsore.
1072 2701 1109 2766 Si
1122 2721 1193 2766 vero
1205 2701 1347 2763 uniuerso
1361 2699 1424 2763 bel·

358 2785 546 2850 mainsendi
562 2784 715 2849 Romanos
722 2785 859 2870 fortuna
877 2789 974 2862 denar,
991 2807 1080 2870 qnam
1091 2807 1179 2869 ¹spem
1201 2807 1270 2860 esse,
1284 2785 1343 2850 sab
1353 2807 1426 2870 rege

358 2871 503 2936 numam
519 2869 728 2936 Hannibalem
750 2874 807 2935 nni
826 2871 1066 2960 subjectamque·
1080 2874 1221 2955 patriam
1237 2891 1340 2954 prope
1362 2891 1425 2934 nort

358 2956 488 3022 tulerit?
512 2956 586 3020 Non
601 2959 647 3021 ita
661 2980 693 3022 se
707 2981 727 3020 a
731 2957 864 3040 juventa
879 2979 943 3022 eam
954 2961 1092 3042 gessisse,
1101 2979 1155 3042 spe
1169 2959 1330 3058 animoque
1344 2979 1424 3021 com*

354 3045 479 3132 plerum
493 3043 576 3107 orbis
589 3053 743 3107 terrarum
758 3045 926 3128 imperitam,
942 3055 976 3108 ut
990 3047 1025 3108 in
1038 3054 1186 3109 senectute
1207 3047 1361 3108 domanam
1375 3046 1426 3106 la-

359 3139 446 3194 turus
459 3130 609 3194 videatur.
656 3130 749 3193 Nitit
768 3151 842 3212 opus
856 3153 918 3194 esse
931 3133 999 3215 regi
1012 3131 1198 3194 Hannibale
1219 3133 1302 3207 dame,
1318 3132 1429 3194 comite

359 3224 390 3280 et
403 3217 583 3280 consiliario
596 3217 698 3300 eodem
712 3217 756 3279 ad
768 3215 874 3280 bellam
889 3219 1046 3299 stipasse.
1089 3213 1427 3300 ⁴8Morlicumsructum

360 3323 399 3366 ea
413 3303 538 3386 ingenio
551 3303 614 3365 tali
632 3323 724 3386 neque
740 3323 987 3386 gratiamneque
1010 3303 1147 3366 inutilem
1156 3303 1245 3387 sore.
1268 3304 1296 3367 si
1310 3320 1427 3366 sumam

343 3391 346 3396 ’
355 3395 517 3470 petantur,
533 3397 563 3451 et
577 3389 708 3464 dantem,
725 3398 755 3458 et
769 3391 966 3472 accipientem
973 3399 1225 3474 praegravatam.

773 3511 784 3540 i
795 3523 935 3572 quemquam
946 3510 1015 3558 Cret.

362 3609 414 3650 tota
425 3605 541 3664 aperitur,
551 3610 580 3650 nt
596 3607 701 3668 conspici
713 3608 791 3669 parsit
807 3608 887 3656 anm.
909 3605 985 3669 ριόιιιξ
1001 3608 1065 3656 Vici.
1075 3608 1148 3654 codex
1160 3609 1250 3668 respuit
1262 3605 1288 3654 ri
1297 3609 1329 3655 σι’,

365 3669 579 3732 qeeeffigierdeoe.
943 3668 1127 3738 at'Gonaps'ei]
1137 3673 1192 3720 Vid.
1203 3678 1253 3720 nat.
1262 3673 1343 3722 6⁴.cd
1355 3671 1376 3719 l.
1386 3677 1430 3723 47.

394 3740 427 3781 44
445 3735 514 3782 Inter
523 3734 653 3802 agnata]
666 3737 721 3784 Hoc
732 3734 826 3786 videtur
835 3747 879 3786 uo-
943 3737 1260 3798 tthadisumfruttrtm-
1271 3771 1278 3786 .
1289 3739 1433 3787 ..ritatem

363 3814 419 3847 men
430 3815 481 3846 aare
494 3802 541 3848 loci
551 3801 586 3864 ric
596 3802 654 3848 dicti
665 3817 680 3848 a
689 3803 796 3864 lignariis
810 3805 879 3865 opitu
908 3799 1036 3867 pacatur]
1052 3805 1112 3851 Haeo
1122 3805 1168 3852 sibi
1179 3819 1207 3850 ex
1218 3805 1315 3852 adverso
1331 3815 1435 3864 respou-

363 3865 505 3914 cibun-ita
526 3871 554 3913 ut
576 3868 639 3913 inter
658 3869 778 3928 lignarios
799 3870 879 3931 adem
893 3921 900 3936 Ι
912 3871 975 3917 dent.
1010 3871 1034 3916 Si
1057 3871 1115 3920 satir
1137 3871 1223 3918 habeat
1245 3878 1286 3917 tax
1306 3869 1433 3916 modicum

363 3933 440 3979 terma
452 3933 553 3991 ditatur,
565 3946 613 3992 qua
622 3931 639 3980 1.
651 3933 671 3981 i.
680 3947 700 3979 s.
714 3941 737 3980 8.
749 3935 812 3980 inter
822 3935 880 3982 daos
911 3936 1024 3993 numum,
1036 3936 1151 3983 modicam
1166 3935 1295 3982 utilitatem
1309 3943 1338 3982 ex
1349 3935 1434 3986 Auni-

364 3999 448 4062 tucos..
914 4001 966 4047 bale
977 4001 1021 4047 ribi
1030 4014 1143 4060 quarere,
1151 4001 1226 4062 qualis
1238 4015 1267 4050 ex
1275 4001 1364 4047 comite
1372 4013 1435 4046 con·

395 4069 427 4110 tt
440 4057 557 4126 'Poterat]
573 4063 709 4122 Malbmur,
718 4069 838 4124 potuerat.
913 4067 1048 4125 aiiiarioqua
1066 4067 1204 4128 percipitur,
1216 4066 1242 4113 id
1259 4065 1309 4114 teri
1321 4066 1374 4112 rina
1389 4079 1435 4126 pe·

395 4131 429 4174 46
446 4130 545 4190 Neque.
557 4161 564 4174 .
577 4161 584 4174 .
595 4127 676 4174 minas
697 4143 837 4191 quamquam
859 4133 882 4177 ei
913 4132 987 4178 riculo
999 4144 1075 4190 posse.
1095 4134 1130 4176 At
1140 4133 1160 4178 si
1172 4147 1200 4178 ex
1210 4146 1239 4180 eo
1250 4143 1343 4178 summa
1355 4135 1436 4194 petat,

365 4189 447 4256 clami]
465 4194 514 4240 Hic
531 4192 715 4254 elqnemquam,
732 4195 796 4254 quod
815 4195 882 4250 Siga·
914 4199 934 4242 si
948 4196 1186 4258 maximotpucsqae
1201 4197 1293 4244 tructus
1309 4210 1338 4242 cx
1350 4209 1389 4255 eo,
1403 4200 1436 4240 ut

365 4259 419 4306 nias
428 4258 497 4306 affert
505 4275 518 4306 a
527 4273 570 4304 auo
582 4259 651 4312 libro.
662 4273 705 4306 noa
714 4261 740 4306 in
749 4260 812 4306 Vict.
823 4274 881 4321 quo-
914 4275 950 4308 ex·
963 4274 1051 4322 magno
1069 4263 1137 4317 duae,
1150 4263 1170 4309 si
1190 4263 1301 4323 quasitot
1319 4262 1389 4320 velit,
1408 4260 1436 4306 iti

365 4337 411 4381 qne
421 4329 512 4372 matura
522 4319 678 4388 comperimus
688 4342 694 4371 ι
713 4326 791 4387 aptius
804 4327 881 4374 vuum
913 4329 1009 4388 utrique
1018 4328 1116 4375 naxium
1126 4331 1183 4378 tore.

365 4394 401 4433 eat
413 4390 496 4449 quem,
507 4392 627 4449 quomoda
638 4392 708 4446 ruina
722 4393 789 4446 editi,
802 4404 881 4453 preem-
