3082 4976
436 125 530 186 LIB.
559 126 625 186 XL.
650 125 753 184 CAP.
780 125 929 184 XXVIII.
1170 134 1229 198 479
1293 153 1307 170 .

160 289 301 374 positus:
323 290 349 330 ⁹³
359 291 429 356 duae
445 289 593 356 cohortes
607 303 640 355 et
654 290 754 354 triarii
769 289 906 354 duarum
918 289 1086 375 legionum·
1096 291 1129 356 in
1145 313 1228 376 prae·
1237 302 1269 351 U.
1279 304 1306 352 c.
1319 312 1376 357 stt.

159 377 243 442 sidio
263 390 437 442 castrorum
453 375 680 463 manerejussi.
726 376 849 440 Omnes
864 387 972 461 portas
991 369 1268 444 concionabun-l·
1280 370 1307 418 ⁰·
1322 377 1375 420 ¹⁸¹·

160 464 221 526 dus
237 465 302 546 ipse
324 464 497 548 imperator
510 463 693 538 circumiit3
717 478 757 538 et,
774 463 1027 549 quibuscumque
1049 464 1228 530 irritamen·

161 549 201 613 tis
227 561 363 632 poterat,
388 551 449 614 iras
475 549 611 612 militum
633 548 784 626 acuebat3
814 571 900 613 nunc
921 548 1065 613 fraudem
1087 550 1227 616 hostium

161 635 319 712 incusans,
336 636 400 722 qui,
423 658 501 720 pace
524 636 631 718 petita,
655 635 791 699 induciis
814 635 907 714 datis,
927 657 985 720 per
1008 635 1110 720 ipsum
1134 638 1229 702 iudu-

160 723 280 786 ciarum
309 737 434 808 tempus
457 737 568 787 contra
588 723 642 808 jus
664 721 809 808 gentium
831 721 872 786 ad
895 736 998 786 eastra
1011 720 1230 806 obpugnanda

153 809 336 873 uenissent:
362 831 456 884 nunc,
483 822 620 894 quantus
642 807 748 892 pudor
770 821 859 882 esset,
875 807 1021 888 edocens,
1037 807 1077 874 ab
1100 810 1231 896 Liguri-

162 893 233 973 bus,
248 894 424 958 latronibus
435 897 550 971 verius,
562 916 658 980 quam
671 893 815 959 hostibus
827 893 930 978 justis,
943 895 1124 960 Romanum
1138 919 1230 968 exer·

161 982 258 1045 citum
274 981 421 1045 obsideri.
448 980 538 1056 ilua
560 1002 613 1042 ore
634 982 791 1064 quisquam
814 980 956 1057 vestram,
978 984 1007 1045 si
1031 983 1104 1046 binc
1126 985 1230 1048 alieno

155 1071 317 1149 prasidio,
334 1089 395 1130 nan
417 1078 518 1130 uestra
540 1069 662 1143 uirtute,
679 1068 847 1143 evaseritis,
863 1066 1011 1144 obcurret,
1027 1089 1088 1132 aaa
1103 1071 1172 1134 dico
1187 1073 1231 1134 eis

161 1155 319 1230 militibus,
347 1155 401 1238 qui
426 1146 648 1228 Hannibalem,
674 1154 727 1236 qui
751 1155 943 1235 Philippum,
965 1157 1019 1237 qui
1033 1155 1234 1233 Antiochea·

160 1242 307 1304 maximos
331 1251 443 1304 trastrae
462 1241 564 1303 atatis
586 1259 673 1323 reges
696 1241 849 1322 ducesque,
866 1241 1021 1314 vireant,
1045 1243 1099 1305 sed
1113 1243 1162 1319 iis,
1179 1245 1231 1326 qui

160 1327 214 1388 iras
229 1328 311 1409 ipsos
326 1327 460 1410 Ligures
477 1328 651 1409 aliquoties,
658 1346 803 1408 pecorum
818 1325 1082 1410 medofugieutes,
1092 1349 1155 1409 per
1168 1330 1229 1392 sal-

162 1422 210 1474 tas
226 1415 325 1476 iunias
346 1413 509 1476 consectati
531 1414 726 1475 ceciderunt?
760 1410 851 1486 Quor
865 1412 1015 1494 Hispani,
1031 1415 1112 1498 quad
1128 1413 1229 1494 Galli,

159 1501 243 1580 quod
258 1499 443 1562 Macedones
460 1501 588 1562 Poeaine
610 1520 670 1561 raon
693 1500 838 1574 audeant,
854 1497 1034 1581 Ligustinus
1056 1501 1148 1563 bostis
1163 1503 1230 1564 tral-

158 1587 220 1647 Iam
243 1585 415 1648 Romanum
436 1585 526 1662 subit,
542 1585 658 1648 obsidet
680 1586 772 1659 ultra,
788 1592 818 1646 et
839 1584 1012 1668 obpugnat!
1035 1607 1130 1669 quem,
1146 1608 1229 1650 scru-

161 1681 263 1734 tantes
278 1681 370 1734 antea
391 1673 493 1734 devios
506 1673 612 1747 saltus,
629 1671 768 1734 abditum
783 1679 813 1732 et
827 1671 972 1733 latentem
988 1672 1038 1735 nia
1053 1673 1229 1736 invenieba-

159 1777 234 1821 mus.
280 1757 329 1821 Ad
356 1757 426 1820 haec
462 1756 660 1820 consentiens
690 1755 881 1820 reddebatur
908 1755 1064 1820 militumh
1096 1755 1228 1836 clamor,

160 1845 276 1905 nullam
291 1846 420 1908 militurn
441 1846 560 1925 culpam
576 1865 646 1920 esse,
663 1843 770 1927 quibus
784 1864 867 1904 nemo
882 1843 927 1904 ad
940 1847 1152 1928 erumpendum
1166 1847 1229 1929 sig-

159 1951 230 1992 num
246 1932 385 1993 dedisset.
433 1931 536 1993 Daret
549 1931 688 2014 signum:
713 1930 943 2008 intellecturum,
960 1932 1085 2009 eosdem,
1103 1934 1157 2018 qui
1171 1954 1229 1995 aa·

158 2017 354 2098 teasuerint,
371 2025 400 2078 et
414 2017 571 2096 Romanas
585 2025 615 2078 et
632 2016 762 2100 Ligures
774 2036 847 2079 esse.

162 2161 165 2168 ,
204 2099 375 2165 XXVIII.
400 2101 483 2166 Bina
498 2101 542 2165 eis
558 2114 681 2166 montes
706 2114 809 2165 castra
825 2100 982 2188 Ligurum
997 2114 1098 2168 erant.
1122 2127 1162 2168 ex
1177 2105 1227 2187 iis,

159 2189 272 2272 primis
300 2188 422 2264 diebus,
447 2188 512 2252 sole
536 2200 616 2263 orte,
641 2187 759 2271 pariter
788 2209 900 2251 omues
930 2190 1096 2274 compositi
1123 2204 1154 2255 et
1179 2191 1228 2255 in-

160 2275 272 2339 structi
299 2274 532 2360 procedebant:
558 2287 639 2348 tum,
662 2273 724 2336 uisi
747 2274 894 2337 exsatiati
917 2274 990 2337 cibo
1012 2276 1160 2361 vinoque,
1176 2301 1227 2342 ar·

162 2384 215 2425 ma
245 2383 309 2424 nou
340 2361 518 2445 capiebant.
544 2358 688 2443 dispersI,
715 2359 888 2422 inordinati
917 2361 1064 2437 exibant3
1098 2375 1135 2426 ut
1158 2365 1227 2447 qui·

160 2448 219 2511 bus
248 2447 342 2530 94ρτο
372 2468 429 2532 spe
458 2459 580 2512 certum
614 2461 704 2524 esset,
735 2445 842 2509 hostes
871 2460 961 2509 extra
989 2447 1107 2511 vallum
1137 2449 1228 2536 signa
1276 2466 1280 2472 '

159 2556 225 2597 non
256 2535 405 2598 elaturos.
451 2532 613 2598 Adversus
642 2532 688 2596 ita
715 2531 943 2615 incompositos
971 2546 1026 2596 e'os
1054 2534 1226 2618 venientes,
1332 2531 1335 2544 ’

155 2619 300 2686 ¹clamore
315 2621 433 2706 pariter
447 2621 600 2695 omnium,
616 2620 670 2704 qui
687 2619 844 2682 incastris
866 2633 966 2695 erant,
982 2619 1131 2685 calonum
1148 2644 1227 2707 quo-

160 2730 223 2793 que
237 2720 269 2771 et
289 2707 435 2784 lixarum,
452 2705 587 2784 sublato,
603 2705 696 2768 simul
711 2705 859 2768 omnibus
883 2705 982 2787 portis
1000 2707 1139 2772 Romani
1154 2731 1226 2773 eru·

160 2807 287 2878 petunt.
332 2794 506 2881 Liguribus
532 2792 612 2856 adeo
633 2792 793 2875 inprovisa
815 2813 864 2854 res
885 2789 956 2867 fuit,
972 2805 1008 2856 ut
1030 2793 1173 2876 perinde,
1188 2817 1225 2860 ac
1234 2806 1371 2856 Vincuntur

150 2881 185 2943 -si
207 2880 328 2944 insidiis
352 2879 557 2944 circumventi
580 2877 693 2954 forent,
710 2878 915 2962 trepidarent.
961 2877 1021 2942 Exi
1048 2901 1123 2944 uum
1146 2871 1346 2944 tem-Llllmr

158 2967 247 3053 poris
270 2967 377 3054 aliqua
400 2966 505 3030 forma
530 2987 648 3051 pugnae
671 2965 741 3028 fuit.
764 2964 839 3050 fuga
863 2963 978 3028 deiude
999 2901 1108 3043 edusa,
1124 2980 1156 3032 ct
1176 2967 1226 3032 fu·

159 3056 312 3140 gremium
345 3054 460 3138 passIm
493 3052 597 3117 caedes
629 3063 705 3115 erat.
753 3049 922 3137 Equitibus
950 3050 1026 3116 dato
1057 3053 1160 3140 signo,
1190 3067 1228 3119 ut

160 3141 410 3206 conscenderent
435 3162 543 3226 equos,
571 3159 630 3204 uec
655 3137 793 3226 effugere
814 3159 1006 3223 quemquam
1028 3139 1177 3218 sinerent,
1193 3142 1227 3205 in
1255 3138 1258 3143 ’

158 3235 262 3293 castra
277 3249 386 3292 omnes
404 3226 527 3311 trepida
549 3224 581 3289 fu
606 3248 625 3288 a
649 3224 805 3308 compulsi
826 3234 918 3287 sunt:
943 3223 1058 3288 deinde
1080 3226 1158 3312 Ipsis
1173 3250 1227 3292 ex·

159 3315 206 3378 uti
221 3315 343 3380 castris.
390 3313 495 3398 Supra
509 3248 690 3397 quiubecim
707 3309 806 3374 millia
823 3310 978 3398 Ligurum
994 3333 1033 3374 eo
1048 3312 1101 3392 die
1111 3315 1226 3392 occisa,

159 3414 253 3484 capta
278 3400 343 3465 duo
367 3399 466 3462 millia
488 3411 519 3462 et
542 3397 717 3484 quingenti.
762 3396 887 3460 Triduo
910 3411 981 3479 post
997 3398 1155 3486 Ligurum
1172 3401 1226 3466 Iu·

158 3510 337 3576 gaunorum
360 3508 456 3552 omne
477 3507 605 3561 nomen,
622 3482 785 3550 obsidibus
800 3483 892 3562 datis,
904 3483 972 3547 ⁹⁵in
988 3484 1160 3551 ditionem¹
1174 3510 1227 3553 ve-

333 3639 346 3678 h
357 3642 464 3688 miiitum
475 3641 521 3689 del.
533 3642 607 3688 Gran.
619 3641 687 3686 crea.
817 3630 826 3669 l
836 3638 978 3688 deditionem
986 3641 1051 3688 End.

192 3785 222 3827 9³
241 3778 306 3823 Dua
328 3769 443 3836 cobortes]
468 3773 489 3819 E
512 3772 609 3819 sinistra
631 3772 676 3818 ala.
709 3770 782 3817 fuisse
791 3769 816 3815 in
827 3771 931 3818 exercitu
943 3772 1062 3820 consulari
1071 3772 1160 3834 'viginti
1178 3776 1227 3822 als-

160 3845 209 3891 Hic
226 3847 331 3890 remanet
353 3839 438 3900 aliquis
458 3839 591 3898 scrupulus.
612 3839 675 3898 quod
709 3837 744 3882 re's
764 3835 887 3883 ebbortes:
906 3839 969 3884 undo
988 3839 1109 3884 evidenter
1130 3839 1222 3901 colligi.

158 3913 261 3970 quatuor
291 3911 386 3954 tantum
412 3905 545 3952 cohortium
573 3903 675 3948 sinistra
707 3907 749 3947 tur
771 3903 894 3948 indecem
915 3903 1026 3951 cohortes
1045 3903 1106 3949 alam
1126 3903 1226 3951 divisam

158 3976 202 4021 alae
222 3973 366 4019 mentionem
387 3971 444 4017 facit
460 3971 484 4014 in
497 3969 675 4014 bac'excrcitus
707 3966 787 4014 fuisse.
1164 4019 1168 4032 .

158 4039 308 4087 ordinatione
333 4038 421 4084 Livius.
454 4036 489 4082 At
509 4036 534 4080 in
555 4035 600 4086 ale,
622 4048 691 4092 quta¹
740 4037 772 4080 94
789 4031 840 4078 Pro
849 4047 890 4093 spe
902 4040 993 4079 certum
1009 4027 1081 4094 erret]
1098 4033 1160 4093 Lege
1172 4047 1227 4080 cum

151 4096 219 4152 'idem
232 4105 280 4150 iere
295 4107 346 4150 erat
361 4104 423 4164 apud
441 4101 526 4157 soclus,
538 4099 601 4159 quod
612 4099 675 4158 apud
703 4095 998 4160 'Mureto,prapeaertum.

158 4175 279 4220 Romanos
290 4169 362 4230 legIo,
378 4171 457 4214 decem
473 4167 582 4213 cohortes
598 4168 674 4218 erant,
741 4169 771 4212 95
791 4165 822 4210 In
831 4164 973 4210 deditionem
982 4157 1059 4224 uenit]
1076 4161 1169 4223 Scripta
1180 4163 1227 4210 lec·

159 4235 355 4298 quemadmodum
374 4234 399 4278 iu
416 4233 514 4290 legione.
549 4231 604 4278 Hoc
624 4244 678 4291 pro·
709 4229 744 4275 tio
764 4229 790 4275 ia
810 4229 931 4276 ditioneat.
973 4227 1120 4290 Moguutins
1144 4226 1226 4285 editio,

158 4305 227 4350 batur
242 4315 269 4348 ex
281 4300 357 4352 LIvio.
376 4299 447 4357 quil.
464 4297 496 4344 X.
511 4312 532 4344 c.
551 4303 591 4345 43.
608 4297 677 4342 docet
709 4298 770 4342 teste
779 4295 912 4352 Gronovio,
930 4294 1006 4354 prima
1022 4293 1113 4364 invexit
1127 4293 1152 4339 id
1163 4294 1227 4352 quod
