3136 4982
452 181 545 250 LlB.
572 189 734 250 XXXVII.
759 189 861 248 CAP.
887 190 951 249 LV.
1063 135 1073 148 ·
1185 193 1242 253 827

175 353 447 440 doctrinarumque,
463 357 600 420 tuendam
618 356 657 418 ab
676 355 793 421 suoitie
811 353 894 440 regie
914 355 1077 419 libertatem
1092 353 1279 435 erucepis-U.
1291 370 1318 418 c.
1331 373 1386 418 sos.

53 458 56 462 ·
142 505 144 508 ,
177 439 325 506 sturme
334 439 853 524 patrociniumreceptaeinfidemet
866 438 913 504 ini
926 441 1094 504 clientelam
1108 434 1279 505 uestram&
1292 437 1321 482 ⁰·
1333 440 1388 482 ¹⁸⁹·
1472 478 1476 490 ·

176 526 320 592 uniuersis
336 529 451 613 gentis·
463 537 643 610 perpetuum
662 548 716 592 nos
732 536 873 609 prestare
889 529 981 592 decet.
1002 525 1113 604 65Νοη,
1128 547 1195 612 quse
1208 524 1241 590 in

175 612 239 676 solo
254 615 342 678 modo
356 614 569 698 antiquarunt,
582 615 698 678 Grcecce
711 614 809 698 magis
822 614 907 678 uides
919 623 999 692 suut,
1012 633 1103 698 qnam
1117 613 1241 678 ooloniae
1296 643 1298 653 ·
1342 651 1344 660 =

175 719 292 774 eurum,
308 700 389 764 illinc
403 703 553 784 quondum
571 697 717 782 prosecta
729 701 761 762 iu
774 700 892 764 Asiam.
936 700 1003 764 Nec
1019 709 1100 764 terro
1119 710 1241 764 mutato

174 787 302 850 mutauit
313 808 410 871 genus
424 797 478 850 unt
492 807 600 852 mures.
622 795 737 850 certare
746 787 798 868 pio
812 789 976 850 certamine
990 785 1139 869 cujuslibet
1154 784 1241 850 bouae

177 872 254 938 ortis
268 892 305 936 oc
326 874 441 938 nunctis
460 873 526 938 ansi
545 893 642 937 murus
661 893 727 936 cum
748 875 921 953 parentibus
942 894 1064 958 qrsaeque
1082 872 1189 938 (initus
1209 879 1240 936 et

175 959 373 1024 conditoribus
395 961 468 1024 suis.
512 959 631 1024 Adutis
654 959 789 1037 Graeciae,
812 959 919 1024 odistis
938 959 1023 1024 Asine
1044 961 1130 1024 urbes
1149 959 1239 1040 pleri·

175 1066 243 1129 qus.
264 1045 322 1110 nisi
335 1047 418 1130 qnod
432 1046 551 1131 longim
565 1067 585 1110 a
599 1046 682 1110 uobis
696 1046 844 1122 absumus,
860 1045 944 1110 nulla
956 1045 1103 1111 vincimur
1116 1045 1182 1108 alia
1196 1065 1240 1110 re.
1346 1089 1351 1103 .

175 1130 397 1209 Massilienses,
411 1153 496 1216 quos,
511 1133 540 1196 si
558 1141 670 1196 natura
683 1130 778 1196 insito
792 1131 901 1196 6⁴uelut
923 1133 1045 1218 ingenio
1060 1141 1149 1196 terrm
1161 1131 1241 1196 uinci

174 1227 284 1298 posset,
291 1215 365 1303 jam
380 1220 497 1301 pridem
511 1219 686 1310 efferassent
700 1228 744 1282 tot
762 1218 909 1284 indomita
924 1217 1110 1301 circumfusa
1120 1228 1239 1304 gentes,

175 1305 209 1368 in
222 1325 258 1385 eo
272 1306 390 1383 nonore,
406 1305 437 1369 iu
451 1327 489 1369 ea
502 1306 609 1370 muita
623 1305 773 1390 dignitate
792 1305 934 1369 audimus
948 1307 1029 1387 apud
1047 1326 1100 1369 uos
1114 1326 1187 1382 esse,
1203 1326 1240 1370 ao

176 1391 203 1454 si
229 1391 364 1455 medium
388 1391 561 1455 umbilicum
589 1389 913 1467 Graeciaeiucolerent.
943 1413 1002 1465 non
1028 1392 1104 1456 enim
1132 1412 1241 1456 sonum

175 1478 267 1555 mado
281 1477 394 1563 lingna
406 1478 602 1562 uestitumque
616 1487 645 1541 et
659 1478 802 1554 habitum,
817 1480 870 1542 ssd
887 1487 959 1542 ante
974 1478 1075 1542 omnia
1089 1498 1195 1556 mores,
1211 1486 1242 1542 et

176 1563 269 1650 leges,
286 1575 315 1627 et
331 1564 486 1650 ingenium
504 1565 651 1628 sincerum
672 1564 879 1648 integrumque
893 1585 914 1627 o
927 1565 1104 1649 contagione
1117 1565 1241 1628 adcola-

173 1671 253 1727 rum,
268 1659 437 1715 seruurunt.
485 1651 639 1715 Terminus
652 1660 699 1714 est
714 1671 792 1714 nuuc
812 1650 930 1734 imperii
950 1649 1040 1714 uestri
1053 1671 1138 1714 mons
1157 1651 1241 1714 Tau-

174 1757 238 1800 rus.
259 1737 405 1822 quidquid
424 1738 587 1802 introeam
606 1737 755 1802 cardinem
777 1746 834 1814 est,
850 1735 924 1800 stituit
947 1735 1138 1821 lemginquum
1159 1736 1242 1800 uobis
1344 1727 1348 1743 '

176 1823 274 1888 uideri
294 1825 392 1888 debet.
422 1843 481 1908 qua
505 1845 593 1888 amna
617 1832 719 1888 vestra
749 1831 954 1904 pervenerunt,
977 1824 1078 1886 eodem
1094 1819 1150 1906 jus
1173 1822 1241 1886 leina

174 1907 342 1991 profectum
359 1910 522 1992 perueniat.
566 1908 712 1986 Barbari,
728 1909 832 1992 quibus
849 1931 907 1992 pro
930 1909 1044 1994 legibus
1057 1930 1172 1990 semper
1185 1910 1241 1972 do-

177 1995 323 2060 minorum
337 1997 463 2078 imperia
468 1995 604 2077 fuerumt,
621 2017 679 2081 quo
699 1997 849 2080 gaudent,
862 2017 949 2082 reges
967 1996 1115 2060 labeant.-
1141 1995 1242 2058 Greci

176 2103 264 2146 suam
277 2080 449 2164 fortunam,
466 2092 578 2148 vestros
596 2083 711 2146 animos
731 2092 850 2166 gerunt.
894 2083 1076 2148 Domestieis
1093 2083 1240 2166 quondam

178 2169 289 2234 vuitus
313 2171 405 2233 etium
427 2170 585 2252 imperium
607 2169 874 2251 amplectebantur,-
898 2190 989 2245 nuuc,
1012 2169 1166 2250 imperium
1191 2168 1242 2232 ubi

175 2265 231 2334 est,
246 2256 335 2319 iiiut
350 2257 389 2319 sit
406 2265 592 2339 perpetuum,
607 2266 723 2338 optant.
745 2255 913 2318 libertatem
932 2255 1037 2320 uestris
1053 2255 1129 2320 tueri
1146 2255 1242 2320 minis

174 2342 249 2406 sutis
264 2343 382 2428 halent,
399 2344 538 2428 quonium
553 2341 618 2406 suis
635 2363 693 2406 nou
710 2341 843 2423 possunt.
888 2345 932 2406 At
947 2342 1022 2406 cuim
1043 2342 1183 2426 quadarn
1197 2342 1239 2404 ci

176 2429 284 2494 uitates
296 2450 365 2492 cnm
380 2429 529 2494 Antiocho
547 2437 709 2493 serueutnt.
753 2429 798 2490 Et
817 2427 885 2492 aliu
903 2428 989 2509 prius
1008 2449 1071 2492 erim
1085 2427 1240 2512 Philippo,
1351 2443 1358 2454 ¹

176 2523 207 2578 et
220 2535 285 2580 curn
302 2517 421 2601 Pyrrho
440 2516 603 2581 Tarentini.
649 2515 698 2580 Ns
719 2514 797 2578 alios
815 2511 942 2596 populos
963 2535 1139 2590 enumerem
1157 2515 1240 2578 Kar·

175 2601 273 2686 tltago
289 2601 382 2667 libero
396 2623 463 2666 acm
476 2603 537 2666 suis
554 2601 668 2686 legibus
682 2610 737 2666 est.
781 2601 866 2666 Huic
886 2610 982 2666 vestro
996 2601 1132 2684 icemplo
1145 2622 1240 2686 quon·

172 2698 238 2752 tum
258 2689 399 2766 debentis,
415 2689 525 2767 uidete,
541 2689 654 2752 Patres
674 2687 839 2770 conscripti.
883 2688 1039 2751 inducetis
1057 2688 1087 2751 in
1107 2689 1241 2752 animum

142 2840 146 2844 .
175 2771 290 2860 negare
303 2775 445 2840 Eumaris
458 2775 624 2856 cupiditati,
640 2775 719 2857 quod
721 2772 897 2856 justissime
909 2775 963 2838 irae
976 2783 1081 2838 oertrce
1094 2773 1238 2858 negastis.

176 2861 293 2928 Rtoatt
306 2873 337 2924 et
350 2863 383 2926 in
396 2863 461 2939 hoc,
477 2869 505 2925 et
517 2861 551 2924 in
565 2860 700 2926 omuibus
719 2859 813 2936 bellis,
830 2879 897 2944 quae
910 2860 942 2922 in
955 2859 1008 2922 illa
1023 2880 1078 2924 ora
1091 2859 1239 2944 gessistis,

177 2969 270 3034 quam
283 2947 522 3031 sortifidelique
542 2967 633 3028 opera
653 2967 706 3010 uos
720 2943 928 3030 adjuverimus,
942 2954 1037 3010 vestro
1052 2943 1171 3028 judicio
1192 2966 1239 3009 re·

179 3035 344 3119 linquimus.
366 3055 443 3098 nunc
456 3035 487 3098 in
508 3055 582 3116 poce
595 3033 629 3096 id
651 3032 804 3096 eonsilium
818 3029 1002 3113 adserimus·
1025 3033 1105 3116 quod
1118 3032 1144 3094 si
1157 3053 1239 3096 corn·

172 3121 381 3204 probaveritis,
393 3119 633 3204 magnificentius
646 3139 697 3182 uos
710 3119 835 3183 uictoria
850 3139 917 3184 usos
930 3140 1004 3195 esse,
1020 3139 1111 3202 quiam
1125 3118 1238 3195 uicisse,

178 3229 280 3272 omnes
293 3207 493 3274 existimaturi
507 3207 576 3271 sint.
604 3207 709 3289 'Apta
730 3204 942 3292 magnitudini
959 3205 1115 3270 Romsnae
1136 3205 1240 3270 oratio

178 3293 246 3357 visa
260 3307 315 3360 est.

220 3379 293 3446 LV.
317 3380 395 3446 Post
411 3379 556 3446 Rhodios
572 3377 724 3444 Antiochi
745 3379 841 3466 legati
861 3378 965 3444 vocati
987 3391 1070 3443 sunt.
1115 3377 1155 3455 Ii,
1171 3377 1240 3442 vul-

174 3479 252 3554 gato
273 3466 448 3552 petentium
467 3467 590 3530 venium
613 3487 713 3542 more,
728 3486 868 3530 errorem
889 3465 961 3538 iussi
983 3465 1077 3552 regis,
1092 3463 1241 3530 obtestati
1327 3525 1330 3532 .

176 3567 252 3618 sunt
268 3553 594 3638 Putreseonscriptos,
616 3555 659 3617 Ut
673 3573 735 3617 suoe
754 3554 851 3636 potius
865 3551 1036 3628 clenuntiae,
1052 3573 1143 3637 quam
1157 3552 1242 3638 regis
1285 3584 1288 3590 ·
1379 3567 1383 3574 ’

175 3641 280 3725 culp'ce,
291 3641 344 3725 qni
355 3641 434 3704 satis
446 3661 590 3724 superque
600 3661 754 3721 panarum
766 3639 907 3717 dedisset,
920 3660 1064 3702 memores
1077 3637 1240 3704 ⁶⁵consule·

403 3759 452 3808 dtu
463 3762 509 3810 del.
521 3763 590 3809 Crem
687 3762 792 3824 egentis
803 3761 848 3808 del.
860 3762 935 3808 Gran.
947 3761 1015 3808 (trev.

211 3859 325 3918 62⁰Hoe
342 3856 515 3922 patrocinium]
539 3860 619 3910 Quum
641 3873 693 3906 enm
724 3855 793 3921 sunt]
817 3859 889 3906 Modo
908 3858 947 3905 hic
968 3855 1134 3920 intelligimus,
1155 3859 1240 3906 ettam·

177 3931 283 3986 mntem,
296 3927 402 3973 (trucum
420 3926 519 3983 seilicet,
531 3925 557 3972 in
571 3925 640 3972 fidem
651 3926 695 3971 ali·
725 3939 790 3971 num.
823 3925 876 3971 Nisi
887 3924 949 3970 torte
957 3923 1025 3970 debet
1036 3925 1135 3971 omnino
1146 3923 1224 3970 recidi.

176 3991 327 4050 onustumque
355 3996 456 4038 vestrum
483 3991 626 4052 receperitis,
652 4004 693 4037 ros
758 3985 1094 4051 tt'Vetutiugcniotcrre]
1111 3987 1242 4048 ingenium
1279 3991 1282 4005 ·

177 4056 246 4102 decet
257 4057 301 4102 hoo
311 4055 332 4102 ei
349 4056 505 4116 patrocinium
522 4061 641 4117 prestare,
653 4070 693 4102 ex·
726 4059 763 4100 eu
773 4055 797 4100 id
809 4056 871 4114 quod
890 4054 1023 4114 ingenitum
1042 4057 1087 4109 est,
1101 4052 1187 4098 nutiru
1200 4051 1242 4096 do·

178 4122 269 4167 salvere
286 4121 355 4168 tidem
371 4127 481 4179 restrum,
492 4127 604 4182 patronos
619 4134 661 4170 vos
672 4121 694 4166 ei
726 4126 769 4165 tes.
804 4120 869 4170 Quin
884 4125 964 4166 morsu
982 4119 1054 4180 punio
1071 4116 1182 4164 undecies
1198 4115 1242 4160 tri-

176 4186 321 4243 exhibendo,
339 4188 464 4245 universe,
481 4187 623 4246 ubicunque
640 4195 695 4233 mn·
727 4184 809 4232 buitur
826 4190 904 4243 tetrus,
919 4185 971 4233 ideo
988 4183 1096 4244 appositu
1113 4186 1150 4228 est
1169 4180 1244 4240 purti-

177 4252 241 4308 dum,
253 4252 302 4298 sire
314 4251 344 4297 in
355 4253 452 4300 *Grecis
466 4253 528 4313 ipss,
540 4254 590 4300 sive
600 4254 626 4299 iu
637 4251 696 4300 Asin
728 4251 781 4296 autu
791 4251 864 4305 velut,
876 4265 929 4310 quae
940 4263 988 4294 rem
1000 4247 1100 4294 mottiut.

178 4317 254 4364 ami
267 4317 396 4377 degustet
407 4317 590 4378 inperpetuum.
760 4319 792 4362 65
799 4313 813 4341 '
823 4312 986 4375 Gamalerent]
1006 4311 1177 4364 Deliberumnt,
1196 4311 1246 4356 stu·

212 4385 242 4428 6³
261 4382 314 4428 Nou
335 4397 387 4442 que
407 4384 433 4428 in
452 4383 499 4430 roto
516 4384 582 4430 modo
596 4383 696 4443 antique
728 4385 829 4428 tuerent.

755 4451 905 4520 nt,
