3136 4982
401 179 494 240 utu
521 180 704 244 xxttttttt.
729 179 997 242 canxxvttt.
1128 244 1132 253 x
1172 180 1231 244 868

171 355 238 412 riou
256 342 333 428 ,plus
347 353 459 409 tumen
481 357 555 410 octo
576 343 674 410 millia
696 343 861 410 hominum
876 345 908 433 in
924 343 1000 432 suga
1014 348 1100 429 (nam
1124 361 1273 434 pugnam
1284 361 1377 410 cara.

170 429 261 498 nulla
284 429 358 510 fuit)
384 428 583 496 cecideruut:
606 429 718 516 reliqui
747 429 864 494 flumen
893 429 1002 514 Halyn
1030 427 1379 516 trajecerumhfflw·

171 516 390 596 Romenorum
411 533 527 599 magna
541 539 614 602 pars
630 539 673 583 ‚ea
688 529 782 580 nocte
795 516 828 580 in
847 515 985 582 hostium
1008 519 1116 584 castris
1139 539 1233 604 man·
1315 523 1327 596 J

172 601 232 678 rite
256 616 377 674 ceteros
391 601 424 664 in
446 616 619 671 anacastra
638 602 749 672 consul
762 601 899 670 reduxit.
947 603 1079 668 Postero
1093 605 1233 690 diecap-

171 687 251 752 tirus
273 687 478 774 praedamque
491 687 672 754 recensuit:
693 710 772 788 ,quae
794 702 881 754 tanta
903 686 971 765 fuit,
989 691 1232 774 quantum-ari·

171 773 301 841 dissitua
314 773 457 859 rapiendi
469 797 558 862 geue,
572 797 669 859 quum
686 797 731 840 crs
746 775 1046 842 rnontemTaurum
1062 777 1167 843 omnia
1182 800 1234 842 ar·

173 861 234 924 anis
255 883 310 946 per
330 859 446 929 multos
467 861 616 928 tenuisset
635 883 746 944 annos,
770 883 954 928 coacervare
977 861 1089 945 potuit.
1115 863 1232 941 Galli,

170 969 212 1012 cx
226 946 378 1032 dissipata
392 948 508 1031 passim
523 946 598 1034 fuga
618 946 651 1010 in
672 969 771 1012 unum
787 950 892 1013 lucum
908 949 1102 1034 congregati,
1117 971 1234 1035 magna

170 1055 245 1118 pars
266 1034 361 1099 saucii
381 1047 437 1098 aut
455 1033 603 1114 inermes,
619 1033 728 1098 nudati
751 1034 897 1098 omuibus
919 1034 1024 1111 rebus,
1038 1035 1234 1100 oratoresde

171 1142 250 1204 pace
272 1120 311 1184 ad
327 1119 488 1187 consulem
505 1120 667 1184 miseruut.
712 1119 777 1184 Eos
794 1118 936 1184 Manlius
952 1119 1112 1204 Ephesum
1128 1122 1235 1188 venire

165 1205 273 1290 jussit.
295 1206 372 1291 ipse,
390 1207 469 1292 (jam
493 1206 577 1271 euim
601 1205 741 1270 medium
768 1206 912 1270 autumni
933 1207 1013 1287 erat)
1029 1206 1106 1272 locis
1119 1208 1233 1295 gelidis

171 1292 410 1380 propinquitate
432 1291 532 1362 Tauri
563 1291 680 1356 montis
701 1291 854 1362 excedere
882 1314 1065 1378 properans,
1082 1297 1233 1363 victorem
1287 1345 1290 1352 ·

170 1379 343 1452 exercitum
360 1379 394 1442 in
408 1378 541 1450 hiberna
556 1378 722 1443 maritimae
737 1401 802 1442 orae
818 1378 953 1444 reduxit.
1175 1407 1176 1414 ¹

216 1464 384 1530 XXVIII.
406 1466 496 1533 Dum
513 1466 581 1528 haec
596 1465 630 1528 in
647 1465 725 1530 Asia
746 1477 912 1551 geruntur,
928 1465 961 1528 in
977 1466 1086 1536 ceteris
1100 1467 1231 1552 provin·
1241 1481 1352 1530 eentum

169 1551 227 1614 ciis
249 1550 429 1637 tranquillae
451 1573 500 1615 res
522 1550 660 1622 fuerunt.
704 1550 858 1615 Censores
876 1550 989 1614 Romae
1005 1550 1044 1616 T.
1062 1551 1301 1628 Quinctium

171 1636 367 1710 Flamininus
380 1637 477 1710 etM.
494 1637 647 1711 Claudius
663 1635 838 1702 Marcellus
857 1650 1000 1704 senatum
1018 1639 1231 1725 perlegerunt.

171 1725 318 1809 princeps
341 1724 374 1788 in
394 1738 503 1796 senatu
516 1726 645 1792 tertium
661 1723 759 1788 lectus
775 1723 813 1788 P.
829 1723 941 1808 Scipio
955 1723 1134 1801 Africanus.
1152 1748 1232 1811 qm-

171 1824 245 1882 tuor
264 1810 323 1874 soli
337 1811 523 1896 ⁹⁸praeteriti
546 1822 629 1885 sunt,
643 1831 741 1882 ,nemo
763 1809 962 1882 curuliusus
983 1809 1116 1876 honore.
1145 1826 1176 1876 et
1199 1813 1232 1876 in

172 1899 313 1982 equitatu
336 1896 527 1970 recensendo
549 1896 635 1962 mitis
660 1895 833 1966 admodum
856 1918 987 1964 uensrtra
1009 1897 1079 1964 fuit.
1112 1897 1233 1964 ⁹⁹·Sub-

168 1983 376 2058 'structionem
393 2005 487 2067 super
498 1981 734 2066 AEquimaelium
750 1983 782 2046 in
797 1982 967 2067 Capitolio,
982 1996 1014 2051 et
1029 1984 1131 2049 ¹viam
1147 1985 1234 2050 silice

172 2069 371 2142 sternendam
392 2093 415 2140 a,
433 2083 526 2156 porta
542 2069 673 2152 Capena
687 2071 726 2133 ad
745 2068 861 2134 Martis
883 2069 1075 2140 locaverunt.
1119 2071 1233 2135 ²Cam·
1306 2081 1311 2092 “

171 2156 257 2242 pani,
273 2155 328 2220 uhi
342 2171 553 2232 censerentur,
569 2167 713 2221 senatum
735 2155 973 2221 consuluerunt.
995 2155 1171 2234 decretum,
1187 2156 1234 2226 uti

173 2243 287 2316 Rpmae
303 2258 513 2316 censerentur.
532 2307 535 2312 ,
557 2244 660 2326 Aquae
676 2241 818 2326 ingentes
833 2264 871 2304 eo
893 2262 978 2312 anuo
991 2242 1129 2313 fuerunt.
1168 2244 1235 2312 1Ti·
1288 2253 1291 2258 ’

172 2330 253 2402 beris
268 2328 437 2400 duodecies
459 2349 607 2412 campum
624 2326 780 2391 Martium
804 2327 966 2411 planaque¹
986 2329 1074 2392 urbis
1099 2329 1235 2396 inunda-

172 2415 227 2479 rit.
272 2414 326 2480 Ab
342 2415 404 2480 Cn.
422 2414 547 2478 Manlio
569 2411 698 2491 consule
718 2412 800 2482 bellu
815 2413 846 2476 in
865 2413 941 2482 Asia
956 2435 1028 2478 cum
1046 2415 1147 2480 Gallis
1160 2437 1234 2501 per-

173 2500 267 2578 fecto,
287 2501 371 2576 ¹ulter
399 2500 509 2566 consul
535 2499 585 2564 M.
603 2499 629 2564 F
631 2498 742 2575 ulvius,
764 2498 953 2584 perdomitis
978 2500 1108 2583 AEtolis,
1134 2524 1233 2589 quum

170 2587 343 2672 trajecisset
371 2587 404 2651 iu
435 2585 684 2671 Cephalleniam,
715 2587 799 2653 circa
833 2587 974 2656 civitates
1005 2586 1117 2652 insulta
1147 2589 1233 2656 misit
1241 2602 1391 2650 ratricem*

171 2688 423 2759 percunctatum,
440 2685 594 2738 utrum-se
615 2672 731 2736 dedere
748 2673 910 2750 Romanis,
928 2696 966 2745 au
983 2673 1058 2739 belli
1072 2674 1231 2740 fortunam
1240 2668 1383 2744 ,uertentem

171 2761 318 2845 experiri,
335 2757 486 2825 mallent?
532 2758 705 2824 Metusad
724 2779 833 2822 omnes
853 2758 1019 2834 valuit‚=ne
1040 2739 1332 2826 deditionem'fflll·

170 2860 366 2921 recusarent,
390 2845 517 2918 obsides
540 2845 614 2909 inde
635 2845 805 2928 imperatos
826 2863 886 2928 pro
909 2845 1027 2908 viribus
1046 2847 1150 2931 inopis
1175 2868 1235 2932 po-

173 2933 252 3018 puli,
264 2932 409 3008 ³vicenos
420 2933 570 3008 Nesiotae,
585 2931 705 3007 Cranii,
719 2929 882 3004 Palenses!
894 2943 926 2995 et
939 2931 1056 3004 ‚Samaei
1066 2931 1234 3000 dederuut.

546 3096 559 3152 l
571 3086 777 3138 Pallenrefflron.
790 3089 859 3136 Crev.

179 3259 183 3266 ’
206 3234 404 3302 9⁸*Proeten'tl]
419 3239 536 3286 viduor.
552 3239 629 3286 tund
643 3238 686 3284 tx.
720 3237 812 3298 portam
833 3237 953 3298 Capenam
974 3241 1033 3293 erat,
1054 3221 1158 3284 dicante
1183 3239 1235 3300 ipso

172 3311 212 3352 80.
537 3341 540 3348 .
719 3303 871 3364 Liric'supra
881 3302 939 3349 vtt.
950 3309 1012 3350 23..

205 3375 236 3417 99
252 3369 456 3416 Sutarrurttouem
471 3381 543 3430 cuper
553 3369 691 3432 AEqur'mm
753 3375 767 3414 2
787 3369 902 3428 Campani
913 3369 956 3420 aba·
966 3367 1235 3430 cameracen-Exque

172 3430 244 3498 lium]
260 3433 376 3480 Locarera
392 3445 499 3480 censores
519 3436 686 3492 epatruendum
720 3435 802 3494 Capua
812 3448 827 3479 a
838 3433 951 3480 Romanis
963 3437 1032 3494 capta
1043 3434 1129 3492 iuerat,
1142 3436 1236 3500 nullum

67 3535 74 3544 ‚
173 3499 296 3546 aedificium
321 3501 346 3545 ln
366 3499 527 3559 AEquimrelio,
552 3509 608 3558 quar
636 3512 689 3547 area
721 3505 773 3546 erat
788 3499 813 3544 in
830 3512 859 3544 ea
878 3499 935 3544 urbe
954 3512 1038 3559 corpus
1050 3499 1164 3558 civitatis,
1174 3501 1236 3549 nulli

173 3566 238 3610 nuda
262 3569 380 3611 manserat
400 3565 430 3611 ab
452 3578 481 3610 eo
505 3569 620 3624 tempore,
642 3578 689 3625 quo
721 3565 881 3624 magistratus.
897 3564 1234 3624 Vid.rupraLXXV1.e.16.

173 3629 234 3676 redes
246 3629 525 3677 Meliidhuteiuerant.
551 3630 605 3676 Vld
619 3644 691 3691 cupra¹
723 3630 891 3676 Hiucvtdetur
906 3629 963 3675 oriri
978 3630 1020 3675 illa
1036 3627 1235 3690 difficultar‚ubi-

171 3693 242 3740 t.1v.
255 3710 275 3741 c.
290 3700 327 3742 16.
362 3694 689 3755 1ncaptrottointetttge‚in
722 3709 776 3744 nam
788 3694 1135 3756 censerideberentcampani,

173 3760 235 3805 clivo
248 3760 621 3820 capitellumnoniusrceipss.
750 3767 765 3807 3
786 3760 886 3806 Viccnor
907 3760 1022 3818 Neriotoe,
1051 3759 1145 3822 dread]
1170 3761 1235 3808 Olim

207 3829 218 3869 1
240 3825 330 3872 Vr'am.
344 3840 377 3871 .a
386 3832 457 3884 portu
473 3827 568 3884 Capena
578 3825 611 3872 ad
618 3824 688 3872 Mar·
720 3825 851 3886 legebatur,
862 3828 923 3870 teste
935 3825 1041 3885 Sigania.
1054 3827 1145 3872 strenas
1156 3832 1236 3872 narem

172 3885 215 3950 ets]
232 3889 293 3940 Quae
305 3904 388 3950 nempe
403 3889 591 3948 committeretur
606 3890 627 3936 ci
644 3891 688 3937 vira
723 3891 847 3943 Crananir'.
865 3890 935 3940 Quod
955 3892 1111 3938 substitutum
1128 3896 1164 3938 est
1176 3892 1235 3936 Gra·

173 3955 353 4013 queritante
370 3955 517 4002 adBorillas
535 3960 689 4014 atratrerat,
721 3955 1016 4012 nidmcritoiaetumert.
1051 3956 1236 4002 Hoceuimno·

173 4021 268 4080 ruprel.
279 4020 312 4066 X
323 4035 342 4066 c.
353 4027 392 4072 4⁷·
410 4019 573 4079 *Antiquitas
581 4021 688 4070 samium
721 4035 775 4067 meu
783 4020 908 4080 ,reperitur
921 4021 983 4080 apud
999 4021 1172 4080 Thucydidem,
1184 4019 1249 4065 Sto·-

173 4098 189 4130 ι
205 4093 275 4144 porta
294 4083 434 4144 Capeua'ed
452 4085 538 4132 Martis
554 4099 611 4132 saxo
630 4099 688 4144 qua·
721 4086 836 4145 phanum,
856 4091 902 4130 etc.
935 4085 969 4130 At
992 4086 1099 4130 Nerictoe
1123 4098 1138 4129 a
1157 4085 1236 4130 nescio

172 4150 240 4196 drato
257 4154 355 4198 stratum
374 4151 447 4200 fuisse
463 4153 533 4198 docet
550 4151 642 4208 Livius,
653 4151 685 4196 X.
718 4150 900 4210 qrreinductum
913 4157 1002 4195 temere
1009 4155 1054 4195 est.
1083 4149 1236 4206 Huiusenitu

174 4221 213 4264 23.
247 4215 296 4260 HIc
314 4215 364 4272 jam
388 4229 436 4263 nou
459 4217 551 4272 semita,
576 4217 617 4262 sed
640 4216 686 4272 ria,
718 4215 782 4264 urbia
795 4215 889 4262 incolas
905 4211 1011 4278 Προναίας
1032 4217 1101 4259 vacat
1118 4213 1236 4272 Thucydi·

171 4281 298 4326 sternenda
322 4281 421 4338 locatur,
441 4281 506 4326 silice
528 4287 618 4338 tamen,
637 4294 690 4342 nun,
718 4281 774 4340 dea3
793 4280 873 4326 urbem
892 4279 967 4337 ipsam
987 4277 1109 4338 Polybim,
1133 4273 1236 4341 ngirrur,

168 4358 225 4394 raro
255 4345 378 4404 quadrato.
421 4346 506 4392 Martis
534 4346 594 4392 eder
621 4349 687 4392 extra
719 4345 804 4412 strabo
814 4342 929 4408 nglrnur.
