3136 4982
434 193 526 254 LIB.
553 187 732 279 XXXVIII.
759 185 858 252 cn‘l‘.
879 191 993 254 LVIII.
1184 197 1243 263 ³98

184 357 411 447 significarent,
441 357 513 444 qum
542 357 764 443 exprobrando
797 357 940 422 inimicus
971 355 1099 422 letetur.
1131 353 1388 430 'liniamentis¹

187 445 339 512 Graccho
360 445 511 510 minorem
527 465 567 509 ex
584 443 705 509 duabus
726 443 798 509 liliis
816 447 900 525 (narn
923 445 1024 530 niujor
1041 443 1076 506 P.
1093 442 1243 507 Cornelio
1251 449 1280 495 Α·
1290 447 1319 496 θ’·
1334 452 1388 498 ¹⁸⁷2

189 533 314 596 Nasicae
335 529 578 595 haud-dubiem
598 542 689 615 putre
709 529 875 595 conlocate
899 539 978 609 erat)
997 542 1128 614 nuptam
1151 514 1358 628 fuisseffiwghg
1385 609 1395 621 ι

186 617 341 682 convenit.
386 615 471 681 Illud
490 636 601 701 parum
623 629 756 693 constat,
770 629 877 680 utrum
899 627 969 702 post
990 628 1124 680 mortem
1146 595 1321 700 patriensi,
1358 596 1385 629 ⁰⁸

187 719 219 768 et
239 705 396 786 desponsa
417 703 467 779 sit,
489 716 521 767 et
541 703 702 788 napserim
724 724 766 767 an
787 723 870 766 verse
891 701 955 766 ittae
977 702 1143 786 opiniones
1168 702 1242 779 sint,

190 789 384 866 Gracchum,
400 809 497 876 quum
512 789 552 853 L.
569 789 677 873 Scipio
697 790 730 852 in
747 788 872 853 vincula
892 788 1072 868 duceretur,
1087 809 1146 852 nec
1159 789 1243 874 quis·
1289 837 1295 848 ,

188 897 284 962 quom
298 875 490 962 collegarum
510 875 628 939 auxilio
642 886 733 951 esset,
743 875 874 960 jurasse,
886 875 958 940 Sibi
978 875 1159 940 inimicitias
1179 895 1244 938 cum

186 963 391 1045 Scipionibus,
405 982 473 1045 qttoe
483 963 633 1046 fluissent,
650 981 792 1033 manem
815 983 870 1025 nec
889 983 921 1025 se
937 964 1054 1048 gratim
1074 964 1245 1046 querende

186 1070 291 1112 caussa
304 1049 595 1134 quidqtmmfueere.
616 1050 670 1112 sed
686 1049 720 1110 ia
741 1067 826 1132 qtrcm
839 1069 987 1111 carcerem
1007 1067 1092 1132 reges
1105 1056 1136 1112 ci
1150 1049 1244 1131 impr-

185 1145 305 1200 ratorcs
326 1136 454 1199 hostium
475 1136 627 1198 ducentur
652 1133 1047 1218 sidiea·P.1p<rtcanuu
1069 1137 1103 1198 in
1127 1153 1192 1202 enm
1213 1155 1245 1199 se

173 1221 313 1306 fratrem
327 1220 390 1304 ejus
403 1221 474 1283 duci
486 1241 548 1282 non
557 1241 727 1301 passurum.
774 1220 935 1298 Senatum,
951 1239 990 1284 eo
1003 1219 1055 1283 die
1075 1219 1157 1284 forte
1177 1241 1245 1284 cue·

186 1319 315 1370 nantem
345 1307 379 1370 in
410 1305 579 1390 Capitolio,
608 1305 851 1382 consurrexisse,
881 1317 913 1369 et
945 1303 1066 1388 petisse,
1097 1318 1132 1370 ut
1164 1305 1245 1370 inter
1283 1305 1285 1309 ’

187 1393 297 1478 epulas
325 1391 474 1458 Graccho
499 1391 596 1454 filiam
621 1390 789 1456 Africanus
814 1391 1034 1476 desponderet.
1061 1391 1176 1477 quibus
1202 1393 1246 1456 ita
1337 1449 1339 1454 χ
1391 1412 1393 1417 ·

186 1481 270 1544 inter
298 1478 459 1564 pubiicum
484 1477 634 1542 sollemne
658 1477 854 1562 sponsalibus
879 1478 940 1542 rite
963 1476 1186 1563 sustinuerim
1213 1500 1247 1541 se

186 1566 317 1630 domum
340 1567 516 1652 recepisset,
533 1564 714 1647 Scipionem
731 1563 872 1628 AEmitiae
893 1564 986 1628 uxori
1007 1562 1132 1641 dixisse,
1148 1562 1245 1628 filiam

187 1675 220 1716 se
244 1653 399 1714 minorem
425 1649 639 1736 despondisse.
670 1671 767 1736 quum
794 1650 856 1728 illa,
882 1649 1078 1714 muliebriter
1103 1651 1246 1736 indigna-

187 1737 305 1816 bunda,
320 1737 399 1802 nihil
422 1737 463 1800 de
484 1737 643 1800 communi
667 1736 732 1800 iilis
753 1759 858 1801 secum
879 1737 1099 1812 consultatum,
1115 1735 1246 1822 adjecis-

187 1838 247 1904 set,
268 1845 344 1900 non,
367 1825 392 1888 si
415 1823 468 1888 Ti.
485 1821 632 1887 Graccho
653 1822 753 1899 deret,
773 1835 935 1907 expertem
958 1822 1080 1896 consilii
1092 1823 1248 1895 -debuisse

182 1911 320 1976 'matrem
333 1933 427 1986 ⁴esse3
450 1908 556 1972 laetum
582 1909 760 1994 Scipionem
784 1909 1022 1978 tamconcordi
1039 1907 1172 1994 judicio,
1188 1909 1247 1994 ipsi

189 2000 373 2081 desponsam
398 1994 608 2078 respondisse.
634 1995 703 2058 haec
725 1996 763 2058 de
787 2005 876 2060 tanto
898 1995 977 2076 siro,
999 2015 1190 2082 quamquam
1216 2008 1248 2058 et

187 2084 400 2168 opinionibus,
416 2094 448 2145 et
462 2081 674 2149 monumentis
684 2081 844 2146 literarum
859 2083 1025 2162 variarent,
1039 2081 1248 2167 proponenda

187 2184 290 2237 elmi.
461 2213 463 2219 ·

233 2255 363 2322 LVIII.
385 2256 519 2322 iudiciis
540 2257 618 2334 sQ.
633 2257 785 2324 Terentio
806 2271 942 2342 praetore
964 2255 1117 2342 perfectis,
1136 2257 1247 2322 Hosti·
1282 2256 1285 2259 ’
1402 2334 1410 2346 ι

186 2345 251 2408 iius
267 2354 298 2408 et
315 2342 429 2406 Furius
450 2343 604 2423 damuati,
619 2346 740 2428 praedes
758 2346 870 2408 eodem
892 2344 945 2407 die
965 2345 1173 2430 quaestoribus
1195 2363 1249 2408 ur-

190 2431 279 2495 banis
301 2428 467 2493 dederunt.
510 2429 627 2514 Scipio,
643 2451 741 2515 quum
764 2430 978 2506 contenderet,
999 2451 1136 2507 omnem,
1153 2445 1407 2516 quamnsstptstn

190 2517 367 2664 accepisset,
382 2516 549 2598 pecuniam
570 2516 603 2578 in
624 2517 739 2581 aerario
755 2537 832 2594 esse,
846 2539 906 2581 nec
927 2539 960 2580 se
973 2515 1145 2604 quidquam
1167 2537 1211 2602 pu
1256 2525 1370 2559 aarum

1256 2576 1310 2624 duci
1318 2577 1388 2636 jube·

189 2602 241 2667 lici
289 2603 391 2674 abere,
408 2601 441 2664 in
462 2601 589 2666 vinculo
610 2602 684 2666 duci
709 2616 755 2667 est
776 2617 908 2687 coeptus.
956 2603 992 2667 P.
1009 2603 1117 2688 Scipio
1133 2603 1303 2697 Nasicaturp

189 2689 332 2754 tribunos
353 2687 543 2772 adpelievit3
565 2689 801 2775 orationemque
823 2688 933 2754 habuit
952 2689 1080 2776 plenam
1095 2689 1178 2755 veris
1193 2689 1249 2755 de·

188 2775 325 2852 curibus,
340 2795 404 2838 non
420 2775 628 2840 communiter
644 2775 739 2840 modo
756 2775 914 2839 Corneliae
928 2774 1040 2862 gentis,
1051 2776 1104 2840 sed
1119 2777 1249 2861 proprie

188 2861 315 2925 familiae
331 2881 407 2926 sum.
453 2863 605 2926 Parentes
622 2870 692 2926 snos
705 2871 736 2924 et
752 2864 790 2927 P.
808 2861 956 2947 Africani
976 2883 1013 2924 ac
1028 2863 1068 2926 L.
1084 2863 1247 2944 Scipionis,
1257 2875 1397 2922 uenarum

186 2950 241 3032 qai
255 2949 290 3012 itt
303 2967 452 3011 carcerem
466 2947 742 3032 deiceretur‚firisse
758 2948 814 3012 Cn.
830 2957 859 3011 et
874 2949 914 3011 P.
929 2949 1097 3030 Scipiones,
1112 2951 1248 3013 clarissi—
1257 2955 1271 2988 ⁸
1281 2942 1375 2989 Nm*

188 3055 250 3098 mos
271 3037 361 3098 viros.
405 3034 482 3110 Eas,
495 3053 583 3116 quum
604 3055 664 3115 per
676 3035 794 3117 aliquot
815 3045 911 3098 annos
926 3035 960 3096 in
974 3043 1059 3097 terra
1076 3035 1248 3118 Hispania,

188 3123 331 3185 aduersus
351 3121 458 3184 multos
472 3121 637 3184 Poenorum
651 3121 924 3204 Hispanorumque
937 3129 967 3184 et
982 3122 1069 3184 duces
1083 3131 1114 3186 et
1134 3123 1249 3185 enerci-

121 3204 126 3214 '
188 3217 247 3286 ttrs,
267 3208 400 3270 nominis
416 3206 553 3268 Romani
564 3206 690 3290 J‘amem
711 3207 878 3282 auaissent,
898 3227 959 3270 non
980 3207 1058 3270 bello
1078 3209 1182 3284 solum,
1198 3211 1252 3272 sed

188 3295 270 3378 quod
280 3293 427 3356 muana
441 3294 651 3373 temperantiae
651 3294 793 3375 fideique
802 3295 953 3374 specimen
967 3295 1032 3356 iliis
1041 3294 1184 3377 gentibrrs
1198 3297 1254 3368 de,

188 3381 310 3452 dissent,
327 3380 371 3441 ad
391 3386 552 3441 eatremum
573 3378 660 3441 ambo
677 3399 738 3461 pro
758 3379 935 3461 rcprrblicai
953 3387 1047 3442 morte
1070 3380 1249 3446 omanis-se.
1318 3441 1321 3450 .

186 3487 276 3548 quum
292 3466 412 3528 iliorum
427 3465 509 3527 tueri
521 3465 654 3548 gloriam
670 3466 804 3546 posteris
817 3466 894 3529 sotis
907 3475 992 3541 esset,
1010 3466 1050 3529 P.
1065 3465 1251 3552 Africanum
1347 3502 1350 3509 ·

189 3560 307 3614 tannem
316 3551 669 3632 paternassnperacisse
683 3551 799 3628 laudes,
814 3553 949 3634 utstdem
958 3551 1087 3636 fecerit,
1103 3573 1165 3616 aon
1178 3575 1251 3618 san-

185 3638 279 3720 guine
291 3637 431 3712 inomao,
447 3637 500 3700 sed
512 3637 609 3717 stirpe
623 3638 731 3701 divina
746 3647 843 3702 satum
857 3659 890 3701 se
903 3659 972 3703 esse.
1012 3639 1054 3701 L.
1069 3639 1249 3722 Scipionem,

190 3725 227 3785 de
248 3744 306 3805 qno
328 3731 450 3806 agatur,
467 3728 524 3804 (ut,
539 3742 607 3804 quse
630 3723 664 3785 in
680 3721 851 3805 Hispania,
875 3743 942 3805 quse
967 3726 1001 3786 in
1016 3724 1139 3810 Africa,
1162 3749 1251 3810 quum

186 3809 431 3891 legetussratris
445 3816 528 3882 esset,
540 3809 691 3890 gessisset,
700 3810 939 3890 pretereuntur)
950 3813 1097 3876 consulem
1112 3822 1141 3876 et
1156 3813 1195 3876 oi
1205 3835 1258 3882 ses

189 3905 266 3958 natu
280 3897 404 3978 dignam
419 3895 523 3968 nisum,
539 3895 589 3954 cni
602 3903 691 3958 entra
704 3904 811 3958 sortem
827 3894 905 3958 Asia
922 3898 1085 3976 prouincia
1100 3908 1130 3961 et
1143 3898 1251 3962 bellum

189 3999 253 4044 cum
267 3979 416 4044 Antiocitc
429 4001 501 4062 rege
510 3980 719 4042 decerneretur
724 4014 735 4052 ,·
752 3989 781 4043 et
797 3981 940 4064 afratre,
956 3985 1006 4045 cni
1014 3993 1086 4064 post
1097 3985 1170 4046 duos
1180 4006 1251 4046 con-

187 4069 305 4132 sulatus
317 4086 529 4148 censuramque
539 4074 570 4128 et
582 4065 766 4147 triumphum
779 4068 897 4150 legatus
911 4068 944 4130 ia
960 4069 1067 4132 Asiam
1082 4071 1152 4132 iret.
1191 4069 1250 4147 Ibi,

189 4175 229 4216 ne
253 4154 431 4238 magnitudo
451 4161 482 4214 et
501 4152 641 4232 splendor
664 4153 761 4236 legati
784 4153 925 4216 insedibus
949 4155 1078 4216 conniis
1103 4153 1249 4232 obfirmet,

177 4239 268 4323 sbrie
291 4242 336 4304 itu
359 4240 510 4313 incidisse,
527 4246 570 4314 ar,
586 4257 644 4322 quo
665 4239 716 4301 dic
737 4239 780 4301 rai
793 4238 989 4322 Magnesiam
1003 4241 1100 4325 signis
1121 4242 1251 4309 comiciis

447 4355 459 4392 b
471 4357 589 4418 republica
600 4357 614 4404 l.
624 4341 710 4420 papati
721 4340 828 4406 Romarm
839 4358 913 4405 Grau.
926 4357 992 4406 Cres.
1037 4411 1039 4418 .
