3042 4954
289 165 327 228 16
543 174 545 180 '
671 163 782 224 TlTI
810 161 945 224 LIVII

119 353 151 402 υ.
164 349 192 412 ο,
202 347 257 400 sm.
281 329 521 416 exspectatique
534 327 608 394 inde
622 328 728 417 legati,
743 327 937 415 aliquamdiu
951 325 1032 393 nihil
1042 331 1192 414 agentem
1201 331 1346 394 tenuare:
1392 401 1394 404 ¹

119 425 150 468 Α·
165 418 261 469 0400·
284 429 317 484 et
336 439 437 504 neque
458 415 527 481 illos
547 415 657 480 excire
677 415 718 480 ad
740 415 965 500 armapotuit,
976 415 1152 500 gaudentes
1173 419 1346 500 utcumque

282 503 459 590 composita
477 523 549 568 curn
575 502 726 588 Philippo
743 523 832 588 pace.
855 514 887 566 et
908 503 975 586 ipse
1000 499 1192 585 Rhodiique,
1208 500 1234 566 si
1255 502 1345 566 insti-

283 593 391 656 tissent
405 602 482 654 tuno
499 589 659 675 Philippo,
675 589 839 677 egregium
861 587 1003 652 liberatae
1017 608 1075 671 per
1097 609 1131 650 se
1153 587 1292 652 Graeciae
1306 588 1347 652 o·-

197 737 199 744 .
282 679 386 744 tulum
408 675 525 742 hahere
546 676 745 761 potuissent3
769 674 918 758 patiendo
938 695 1047 738 rursus
1072 695 1148 737 eum
1169 673 1203 736 in
1221 673 1346 738 Helles·

252 795 261 835 ,·
280 776 414 849 pontum
430 761 586 848 trajicere,
601 775 875 848 occupantemque
888 759 915 804 ⁷⁵
925 762 1061 825 Graeciae
1081 772 1261 845 opportuna
1275 759 1346 825 loca

280 849 547 936 riresyconligere,
558 848 675 914 bellum
691 849 819 927 aluere3
841 847 1039 936 gloriamque
1050 846 1116 932 ejus
1129 847 1210 934 gesti
1224 845 1346 932 perfac-

280 936 368 1022 tique
385 936 539 1001 Romsois
554 948 787 1002 concesserunt.
1292 986 1295 994 .

240 1049 242 1060 ’
326 1022 422 1088 XVI.
446 1021 614 1108 Philippus
631 1023 732 1108 magia
753 1022 842 1109 regio
863 1021 970 1086 animo
984 1033 1138 1086 estuans:
1162 1021 1226 1106 qui,
1244 1043 1343 1106 quum

280 1108 423 1176 Attalum
450 1109 659 1196 Rhodiosque
683 1108 789 1174 hostes
812 1130 876 1172 non
903 1108 1109 1183 sustinuisset,¹
1131 1129 1171 1171 ne
1196 1107 1348 1172 Romano

280 1195 421 1283 quidem,
437 1196 525 1282 quod
539 1195 723 1271 inminebat,
741 1194 823 1259 bello
838 1195 976 1271 territus,
992 1193 1135 1258 Philocle
1150 1194 1287 1279 quodam
1305 1217 1345 1256 ex

280 1280 438 1366 praeieetis
453 1283 518 1346 suis
540 1303 613 1346 cum
636 1283 761 1346 duobus
783 1279 923 1345 millibus
944 1280 1099 1365 peditum,
1115 1280 1271 1366 equitibus
1285 1280 1348 1345 dn·

281 1369 382 1443 ¹centis
396 1369 436 1434 ad
451 1369 651 1458 populandos
667 1368 909 1434 Atheniensium
928 1389 1020 1454 agros
1043 1367 1149 1444 misso,
1165 1369 1262 1430 classe
1281 1377 1349 1431 tra-

282 1455 347 1520 dita
360 1453 386 1500 ⁷⁴
399 1455 572 1532 Heraclidi,
585 1470 621 1522 ut
632 1455 821 1520 Maroneam
834 1467 963 1538 peteret,
976 1455 1042 1540 ipse
1056 1466 1139 1518 terra
1149 1453 1260 1518 eodem
1273 1475 1348 1518 cum

282 1541 437 1627 expeditis
458 1541 583 1606 dnobus
606 1541 743 1608 millibus
765 1541 920 1628 peditum,
936 1540 1094 1627 equitibus
1115 1539 1260 1606 ducentis
1274 1545 1350 1625 pcr-

280 1629 339 1716 git.
397 1629 442 1694 Et
473 1627 662 1694 Maroneam
692 1629 821 1716 quidem
851 1629 957 1712 primo
990 1628 1099 1712 inpetu
1132 1627 1348 1714 expugnavit:

178 1781 180 1786 ,
240 1769 241 1776 ,
281 1715 402 1779 AEnum
420 1713 493 1784 inde
508 1735 580 1780 eum
598 1737 715 1804 magno
728 1716 847 1792 labore,
862 1727 1024 1801 postremo
1039 1713 1220 1797 proditione
1235 1714 1350 1800 Gany-

282 1801 383 1874 medis
398 1799 540 1886 praefecti
557 1802 732 1880 Ptolemaei,
749 1803 842 1887 cepit.
865 1802 1013 1887 deinceps
1028 1799 1090 1864 ulia
1106 1799 1244 1877 castella,
1263 1801 1351 1885 Cyp-

243 1915 246 1924 ·
283 1887 358 1964 sela,
374 1899 405 1951 et
416 1887 589 1964 Doriscon,
606 1901 638 1952 et
653 1890 837 1970 Seuthem,
853 1897 1002 1971 oocupat..
1018 1885 1093 1950 inde
1107 1908 1292 1972 progressus
1307 1887 1351 1950 ad
1384 1901 1392 1908 “

175 1979 179 1995 “
285 1973 531 2052 Chersonesum,
545 1973 694 2041 Elaeunta
708 1988 743 2042 et
753 1976 1040 2062 Alopeconnesum,
1052 1973 1247 2039 tradentibus
1259 1973 1348 2058 ipsis,

229 2061 233 2070 “
286 2060 414 2146 recepit.
461 2060 622 2147 Callipolis
647 2085 776 2150 quoque
798 2077 830 2128 et
856 2059 1007 2146 Madytos
1027 2058 1146 2139 dedita,
1169 2072 1201 2124 et
1221 2060 1352 2124 castello

124 2151 246 2215 Philippus
287 2146 435 2234 quaedam
459 2147 621 2236 ignobilia.
666 2148 828 2236 Abydeni,
850 2169 892 2211 ne
913 2146 1025 2234 legatis
1044 2146 1171 2233 quidem
1195 2147 1350 2224 admissis,

123 2221 234 2334 affigam
288 2233 356 2321 regi
380 2247 488 2320 portas
513 2234 704 2301 clauserunt.
725 2251 764 2300 aa
789 2235 984 2322 obpugnatio
1009 2232 1065 2297 diu
1091 2232 1275 2318 Philippum
1303 2244 1352 2298 te·

218 2321 225 2336 ’
285 2321 377 2386 nuit:
399 2321 543 2407 eripique
557 2343 598 2386 ex
612 2319 787 2400 obsidione,
803 2321 837 2386 ni
851 2331 1004 2386 cessatum
1024 2318 1065 2383 ab
1080 2321 1190 2384 Attalo
1204 2332 1235 2384 et
1260 2319 1365 2408 Rh⁰·,

287 2406 347 2471 diis
369 2407 459 2485 foret,
478 2419 663 2494 potuerunt.
706 2408 832 2474 Attalus
853 2418 1009 2472 trecentos
1031 2418 1156 2470 tantum
1177 2405 1293 2470 milites
1318 2407 1354 2470 in

286 2493 481 2580 praesidium,
500 2493 621 2560 Rhodii
643 2495 875 2580 quadriremem
899 2514 993 2558 unam
1016 2493 1178 2569 exulasse,
1195 2513 1293 2578 quum
1308 2493 1352 2558 ad

287 2580 457 2646 Tenedum
479 2594 584 2656 staret,
610 2583 771 2648 miserunt.
798 2579 909 2646 eodem
939 2592 1057 2664 postea,
1084 2601 1181 2664 quum
1202 2580 1270 2664 jam
1296 2581 1351 2645 vix

286 2667 476 2734 sustinerent
503 2668 714 2750 obsidionem,
744 2680 776 2732 et
805 2669 871 2753 ipae
897 2664 1024 2732 Attalus
1049 2687 1148 2750 quum
1171 2667 1352 2751 trajecisset,

181 2796 184 2807 ι
236 2779 237 2786 “
286 2776 375 2840 spem
399 2766 522 2820 tantum
545 2754 654 2820 auxilii
680 2777 722 2820 ex
749 2753 931 2842 propinquo
956 2752 1104 2829 ostendit,
1130 2775 1234 2840 neque
1257 2765 1350 2832 terra,
1395 2823 1398 2831 ,

286 2864 390 2928 nequa
404 2843 484 2907 mari
492 2841 608 2928 adjutis
622 2842 724 2908 sociis.
748 2893 753 2918 ,
1416 2855 1419 2862 ’

330 2929 443 2995 XVII.
466 2928 615 3015 Abydeni
637 2931 754 3015 primo,
776 2929 943 2994 tormentis
968 2950 1025 3012 pec
1052 2949 1160 2991 muros
1181 2928 1350 3015 dispositis,

287 3037 352 3080 non
368 3027 454 3080 terra
469 3014 566 3080 modo
581 3015 732 3080 adeuntes
747 3015 836 3080 aditu
852 3014 1010 3090 arcebant,
1025 3013 1079 3078 sed
1094 3012 1255 3080 ⁷⁵navium
1271 3037 1351 3100 quo·

287 3125 350 3188 que
378 3101 546 3168 stationem
574 3098 718 3166 infestam
746 3099 830 3164 hosti
858 3100 1025 3166 faciebant.
1048 3113 1169 3184 postea,
1195 3123 1293 3188 quum
1320 3116 1354 3167 et

288 3189 371 3254 muri
384 3211 457 3272 pars
471 3200 569 3252 strata
593 3188 701 3268 ruinis,
717 3201 749 3252 et
768 3186 808 3250 ed
825 3186 1006 3252 interiorem
1030 3188 1143 3272 raptim
1166 3187 1352 3273 obpositum

289 3297 415 3342 murum
431 3274 584 3340 cuniculis
593 3274 660 3359 jam
676 3284 862 3359 perventum
884 3285 975 3351 esset,
991 3273 1111 3361 legatos
1133 3273 1174 3338 ad
1190 3295 1296 3362 regem
1311 3275 1353 3340 de

287 3361 523 3428 conditionibus
537 3360 701 3442 tradendae
718 3360 804 3426 urhis
825 3359 989 3425 miserunt.
1036 3360 1281 3426 Paciscehantur
1295 3385 1353 3426 au·
1385 3365 1396 3380 “

287 3462 363 3528 tem,
379 3460 416 3512 ut
433 3446 595 3512 Rhodiam
610 3447 843 3534 quadriremem
858 3467 931 3512 cum
955 3447 1046 3512 sociis
1063 3446 1238 3526 navalibus,
1257 3452 1351 3514 Attu-

287 3535 375 3623 lique
394 3533 580 3621 praesidium
607 3533 709 3599 emitti
735 3526 861 3608 liceret3
884 3547 980 3620 atque
1001 3534 1077 3619 ipsis
1096 3533 1177 3598 urbe
1199 3535 1353 3600 excedere

125 3645 251 3706 Abydeno·
288 3644 362 3687 cunr
391 3620 523 3708 singulis
548 3620 751 3686 vestimentis.
796 3619 924 3696 Quibus
947 3643 1045 3706 quum
1077 3619 1243 3707 Philippus
1271 3620 1355 3686 nihil
1467 3643 1473 3666 ·

125 3725 177 3759 ‘⁰¹²¹
189 3712 273 3760 rabies.
287 3707 403 3795 pacati,
430 3707 491 3771 nisi
514 3707 623 3770 omnia
651 3706 917 3792 permittentibus,
943 3705 1172 3790 respondisset3
1196 3708 1276 3772 adeo
1302 3732 1354 3772 re-

287 3792 438 3862 nunciata
451 3791 522 3858 haec
535 3792 653 3882 legatio
673 3793 714 3858 ab
736 3793 953 3882 indignatione
975 3793 1068 3859 simul
1083 3815 1118 3856 ac
1133 3792 1355 3881 desperatione

321 4015 352 4060 73
372 4011 471 4057 &ecia
487 4018 619 4074 opportuna
637 4009 700 4076 heo]
717 4013 805 4061 Merito
837 4013 929 4061 exulem
951 4013 1107 4061 Tarentinum
1127 4011 1210 4070 luisse,
1229 4027 1256 4060 ac
1276 4013 1354 4062 virum

205 4137 207 4146 Ι
288 4079 382 4126 ridetur
397 4077 533 4124 Gronovius
552 4080 675 4125 emendare
688 4079 804 4126 Thracia.
837 4080 948 4127 omnibus
977 4079 1071 4140 flagitiis
1099 4079 1254 4133 macnlosum,
1285 4079 1355 4127 docet

289 4141 409 4205 Siquidem
422 4144 500 4190 Aluus
514 4148 539 4190 et
556 4145 679 4202 Maronea,
690 4150 716 4192 et
729 4153 806 4192 cetera
837 4146 919 4206 Polyb.
931 4148 946 4191 l.
958 4145 1029 4192 Xlll.

289 4224 341 4271 quse
369 4222 424 4255 mox
450 4215 590 4258 enarrantur
611 4206 672 4269 loca,
693 4211 802 4258 Thracia
869 4205 1243 4271 750Nuvium...stutionem]
1260 4209 1355 4256 Efficie-

179 4310 183 4317 .
288 4277 361 4323 fuere.
835 4275 894 4322 hant
913 4280 941 4322 ut
959 4291 1029 4323 naves
1050 4275 1153 4335 Philippi
1170 4277 1246 4324 multa
1262 4275 1354 4322 incom-

321 4347 352 4390 74
369 4337 508 4403 Heraclidi]
546 4341 620 4388 Hunc
651 4342 801 4390 Heraclidem
835 4339 905 4392 moda
915 4357 944 4389 eo
957 4341 997 4389 uhi
1007 4341 1103 4390 stabant
1113 4341 1165 4388 loco
1174 4345 1321 4402 paterentur.
