3136 4982
416 179 442 237 L
455 179 511 238 113.
532 177 710 238 XXXVIII.
737 177 796 236 CA
808 177 839 235 P.
864 167 977 236 XLVI.
1171 179 1239 260 ⁸82,

173 341 270 406 aciem
289 340 424 425 mbjeeit.
446 348 497 406 at¹
511 363 572 406 non
592 343 655 407 telo
675 363 713 405 ec
732 343 888 424 superiore
908 342 973 404 laco
994 337 1157 414 mitterent,
1178 335 1386 412 sedum„

173 445 302 509 corpora
323 445 378 492 sna
399 431 482 492 nuda
505 427 673 511 injicerent,
689 427 813 490 obnere
834 447 888 490 nos
904 426 1101 508 patuerant&
1148 423 1270 500 aaron
1282 429 1309 474 a
1321 432 1375 476 ¹⁸⁷·

174 513 272 596 igitur
287 515 418 578 incidit?
463 513 586 597 Magna
596 513 732 598 sortnna
749 514 860 594 populi
873 512 1010 576 Romarm
1023 520 1076 586 est,
1092 531 1232 594 magnum

174 608 205 662 et
218 600 357 662 terribile
370 621 486 664 nomen.
530 599 659 662 Recenti
672 600 765 662 ruina
783 596 984 672 Hannibalis,
995 597 1152 678 Philippi,
1165 596 1232 660 An-

174 681 280 765 tiaclci,
295 680 423 768 ⁶¹prope
436 686 572 748 adtoniti
585 693 684 759 erant,
697 693 793 748 tontae
806 704 963 765 conparant
977 683 1077 746 moles.
1113 682 1233 746 Fundis
1272 755 1273 762 ἵ

175 771 355 854 sagittisque
369 771 520 855 infligam
534 772 720 834 consternati
732 779 819 834 sante
838 771 964 853 glodr'as
985 769 1019 832 in
1040 767 1105 830 acie
1125 786 1232 832 cruen-

177 864 260 920 tatus
273 878 333 921 non
348 868 392 923 est
408 856 533 920 Gallico
547 855 642 919 bello:
664 855 775 920 &oetas
795 857 896 920 auium
910 856 1064 932 enamina',
1075 855 1119 938 ad
1134 854 1232 936 crepi-

176 950 238 1004 tum
260 945 402 1025 primam,
417 943 574 1007 missilium
595 944 764 1009 caelavere.
809 941 864 1018 At,
888 941 1033 1017 Heracle,
1054 961 1108 1004 nos
1129 941 1232 1015 iidem,

111 1031 114 1036 '
177 1029 369 1110 (admonente
370 1029 516 1114 fhrtnna,
532 1029 616 1112 qnid,
628 1031 656 1092 si
665 1029 774 1091 lrastem
785 1027 995 1102 habuissemus,
1007 1047 1143 1090 casuram
1145 1025 1234 1109 fitis-
1300 1033 1302 1050 '

174 1113 231 1190 set)
248 1117 506 1198 qunmrrdenntes
520 1116 554 1178 in
567 1115 753 1178 latmnaulos
771 1114 910 1178 Thracas
924 1113 1139 1191 incidissemus,
1153 1113 1234 1188 cresi,

162 1199 289 1284 fingati,
305 1203 390 1265 enati
410 1201 623 1282 inpedimentis
638 1221 746 1264 sumas.
794 1201 834 1275 Q.
849 1199 1008 1262 Minucius
1027 1198 1183 1273 Thermas,
1200 1199 1235 1260 im

177 1305 235 1368 qna
249 1287 334 1348 lroad
341 1285 451 1368 paullo
459 1288 532 1368 plns
546 1286 776 1370 damnifactnm
791 1295 844 1363 est,
861 1306 948 1369 qnam
964 1286 993 1348 si
1010 1283 1064 1346 Cn.
1080 1283 1233 1358 Manlius,

86 1427 88 1434 .
175 1370 258 1454 cujas
272 1374 442 1436 temeritate
455 1395 491 1435 ea
509 1374 610 1438 clades
624 1373 784 1447 inciderat,
795 1373 935 1454 perisset,
951 1391 1015 1432 cnm
1036 1371 1138 1434 maltis
1159 1370 1235 1434 uiris

163 1457 306 1541 sortibus
330 1460 457 1522 cecidit:
480 1456 667 1536 ⁶⁵accercitus,
691 1460 789 1540 spolio
818 1459 899 1540 regis
920 1456 1066 1521 Antiochi
1089 1455 1234 1540 efferens,

176 1544 337 1627 trfforiam
358 1545 534 1626 dissipatus,
552 1544 632 1608 alibi
651 1546 794 1627 primam,
817 1544 896 1607 alibi
912 1551 1093 1624 postremam
1115 1561 1234 1624 agmen,

176 1629 256 1694 alibi
281 1631 497 1711 inpedimenta,
525 1632 606 1693 inter
628 1651 733 1712 uepres
757 1632 791 1694 in
812 1629 938 1693 latebris
953 1629 1100 1711 firarnm
1121 1635 1235 1690 noctem

176 1736 268 1780 unam
297 1717 429 1780 delituit.
472 1717 540 1780 Pro
566 1717 615 1780 leis
642 1717 810 1798 triumphas
835 1715 980 1797 petitur?
1027 1713 1063 1777 Si
1084 1713 1173 1790 ,nihil
1200 1713 1236 1774 in

182 1801 317 1866 Thracia
331 1804 428 1868 cladis
442 1803 677 1886 ignorniniceqne
683 1803 774 1888 foret
787 1810 948 1884 acceptum,
965 1801 1003 1864 de
1021 1798 1127 1882 quibas
1139 1798 1235 1862 lrasti·

177 1885 230 1950 bus
244 1888 427 1970 triumphum
436 1893 580 1970 peteres?
603 1891 641 1952 de
655 1889 704 1962 iis,
720 1897 754 1951 nt
771 1889 890 1970 opinor,
906 1905 979 1970 anrs
999 1884 1059 1949 tibi
1071 1886 1169 1948 tostas
1188 1903 1235 1947 se·

178 1983 269 2038 matres
289 1983 344 2038 aret
359 1976 492 2056 populea
504 1975 662 2040 Romanas
682 1975 822 2038 dedisset.
865 1973 917 2038 Sic
936 1972 1007 2036 lenic
1022 1971 1061 2034 L.
1080 1971 1235 2052 Scipioni,

176 2059 221 2124 sic
231 2059 282 2122 illi
292 2059 356 2124 Μ’.
368 2059 471 2124 Acilio
481 2061 519 2123 de
529 2080 599 2144 rege
609 2059 771 2137 Antiocho,
782 2061 827 2124 sic
834 2061 945 2140 paullo
955 2066 1027 2121 onte
1040 2058 1077 2123 T.
1089 2055 1236 2132 Quinctio

178 2147 216 2209 de
229 2167 299 2229 rege
315 2147 474 2228 Phiiippo,
489 2147 533 2209 sic
547 2149 587 2210 P.
599 2147 751 2232 Afiicano
768 2148 806 2208 de
821 2144 1011 2221 Hannibale,
1026 2153 1056 2206 et
1071 2144 1189 2218 Poerris,
1206 2151 1235 2205 et

177 2231 322 2316 Spplcoce,
338 2233 504 2314 triumphus
525 2234 623 2295 datus.
645 2231 704 2296 ⁶⁴et
725 2233 852 2296 minima
872 2232 939 2306 illo,
957 2251 1044 2312 qaam
1053 2228 1125 2310 jam
1146 2249 1235 2292 sena·

177 2327 226 2382 tos
239 2320 397 2382 censuisset
412 2318 530 2394 bellum,
545 2319 674 2402 quaesita
688 2327 788 2380 tomen
806 2326 889 2394 snnt,
904 2315 1010 2399 quibus
1031 2315 1234 2378 nearciandnm

177 2412 272 2468 esset.-
296 2405 373 2485 ipsis
382 2405 485 2488 ntique
495 2402 615 2488 regibus
625 2404 821 2466 ronncioretur
826 2436 838 2474 ‚·
862 2423 904 2464 an
916 2403 1087 2475 satisesset,
1098 2402 1235 2482 adprae-

177 2489 287 2554 sidium
302 2491 429 2573 aliquod
449 2491 614 2553 manciaci?
637 2488 662 2526 ⁶⁵
675 2489 771 2552 Vultis
788 2509 860 2572 erga
881 2488 944 2550 iaec
965 2486 1067 2550 omnia
1083 2487 1186 2568 pollui
1206 2495 1237 2550 et

177 2575 347 2659 corffandi?
370 2577 440 2639 tolli
447 2575 584 2660 ficiolia
596 2572 700 2658 jurai'
721 2576 818 2638 radios
832 2572 1049 2661 esseficiolesi
1058 2574 1127 2656 fiat
1142 2575 1236 2656 (pace

178 2659 279 2725 Derim
309 2662 452 2740 dixerim)
471 2661 601 2744 jactura
629 2661 805 2744 religionis.-
827 2660 939 2722 oblivio
962 2659 1099 2722 Deorum
1127 2658 1235 2740 capiat

171 2756 300 2830 pectora
323 2757 433 2812 uestro.
477 2747 559 2810 Num
583 2755 718 2811 senatum
744 2767 858 2830 qnoque
879 2746 916 2808 de
937 2744 1014 2808 bello
1036 2745 1152 2808 consuli
1171 2765 1233 2806 non

172 2835 300 2915 placet?
324 2854 384 2897 non
405 2835 449 2896 ad
464 2835 608 2916 papalum
617 2833 717 2916 ferri,
740 2833 844 2907 velint,
856 2827 1028 2914 jubeantur
1047 2851 1111 2893 cnm
1128 2828 1234 2893 Gallis

418 2957 431 2997 t
442 2959 479 3012 nt,
489 2953 513 3000 ci
523 2953 598 3000 Grau.
610 2953 678 3000 θεον.
775 2947 920 3012 ¹1potnertrrt
930 2949 996 2997 Ead.

211 3055 240 3100 61
258 3051 337 3114 Prope
365 3056 464 3102 attoniti
495 3060 570 3102 erant.
588 3053 689 3100 'Tanta
721 3051 950 3113 illaquoiugnntur.

179 3132 298 3178 corpu-um
313 3120 393 3176 moles,
437 3118 491 3166 ndis
506 3119 689 3180 sagittisque..
754 3121 785 3164 68
802 3118 933 3164 Eaercitar
948 3147 975 3165 ·.
991 3117 1117 3170 trifariam
1133 3115 1234 3180 distm-

180 3185 326 3230 conrtornati
339 3191 396 3231 amnt
426 3185 528 3232 Verbum
546 3185 691 3232 consternati
722 3179 917 3243 tur..detituit]
937 3182 1047 3246 lntaltiga
1064 3197 1149 3231 rromen
1166 3195 1234 3228 eaer-

179 3253 236 3294 sant
247 3249 346 3295 refertur
356 3249 384 3296 ad
397 3247 488 3307 Gallos,
501 3251 542 3310 qui
558 3250 597 3296 hia
614 3249 689 3309 deug—
722 3251 785 3296 citur
803 3248 875 3294 Inmiti
889 3249 960 3294 verbo
977 3248 1083 3310 delitnit,
1096 3249 1131 3295 ita
1146 3251 1174 3294 ut
1190 3248 1234 3293 tri·

180 3314 470 3374 uanturperbaearerba‚
483 3321 558 3361 tanta
569 3327 690 3375 corpmmm
721 3315 776 3374 pIex
803 3314 848 3360 bac
874 3313 1014 3369 membrum,
1036 3313 1094 3360 alili
1118 3313 1234 3374 primam,

180 3377 267 3424 males.-
283 3379 687 3440 prorsusquasiserIpsissetLIrius:
722 3379 782 3426 alibi
794 3385 937 3438 postremam
953 3393 1049 3438 amere,
1060 3378 1120 3424 alili
1135 3377 1234 3438 impedi-

116 3462 120 3469 ·
181 3442 255 3500 ostri,
266 3447 474 3504 nosocomorum
492 3441 691 3501 moles,a0uster·
722 3445 1008 3500 menta,aounectendum
1025 3444 1058 3490 sit
1072 3443 1109 3490 hir
1125 3443 1232 3501 vocibus,

181 3507 307 3554 natitant.
341 3509 412 3555 Parra
422 3509 691 3570 maiedIstInguitushIc
723 3509 847 3568 trifariam
866 3509 1131 3568 dissipatas,.tsuqusm
1147 3507 1176 3554 iis
1195 3521 1235 3554 ex·

179 3571 246 3619 Iocus
257 3573 283 3618 iu
294 3573 409 3634 vaigstIsr
424 3589 499 3637 prope
507 3575 605 3622 attoniti
613 3581 689 3630 mant,
723 3574 838 3636 pitaaudis
850 3573 992 3633 appositum.

179 3641 473 3698 tantacorporammoles.
507 3640 601 3686 Fundis
611 3641 690 3699 ragit·
754 3643 786 3685 6⁴
802 3639 1236 3700 Etminrmroilla..qaaeritatamen

180 3701 264 3764 rapae.
277 3733 322 3752 υ.
335 3703 383 3753 Qui
395 3704 458 3751 onim
475 3709 628 3764 opponuntur
638 3710 690 3750 stu·
722 3701 788 3768 ment]
823 3703 933 3751 consulti
952 3709 1009 3750 sunt
1027 3703 1121 3752 fecittes
1140 3705 1169 3750 de
1185 3703 1234 3761 hir,

180 3780 224 3827 par
233 3767 274 3814 itte
284 3781 331 3828 quo
347 3768 414 3824 debui
429 3773 556 3824 steterunt,
568 3775 592 3815 et
609 3782 690 3828 corpo·
723 3783 775 3830 qua
795 3769 856 3815 houd
876 3782 932 3814 saue
951 3769 1030 3830 magni
1049 3770 1164 3823 momenti
1185 3781 1236 3814 essa

180 3843 232 3878 rum
252 3831 343 3880 mutes?
378 3834 515 3882 nimirum
533 3839 570 3881 est
586 3835 691 3894 profecto
722 3835 855 3891 videantur,
867 3847 959 3894 nempe,
971 3839 1050 3880 utrum
1068 3835 1162 3897 regibm
1178 3833 1236 3893 ipsis
1313 3849 1318 3854 ¹

180 3897 240 3943 rasti
252 3901 277 3942 et
287 3897 377 3958 proceri
390 3899 493 3960 corporis
510 3899 619 3945 homiues
636 3899 691 3945 qu-
724 3899 830 3946 nuuaiari
841 3904 971 3959 oporteret,
982 3910 1013 3946 su
1028 3905 1073 3946 etc.
1107 3899 1235 3946 Idtrctum

181 3961 217 4009 dis
234 3963 374 4024 sagittisque
393 3964 418 4010 iu
434 3964 513 4026 togam
529 3969 691 4010 consternatos
723 3964 861 4012 memoravit
879 3964 960 4011 Lirim
977 3978 1050 4024 quum
1073 3965 1098 4010 iu
1115 3963 1236 4022 Philippo,

182 4041 240 4074 asra
723 4029 740 4075 I.
759 4023 855 4076 xxxi.
872 4043 893 4076 a.
909 4035 931 4077 8.
947 4037 999 4076 ium
1020 4030 1047 4075 iu
1066 4027 1198 4089 Antiocho,
1219 4029 1234 4072 I.

213 4095 245 4138 ea
265 4092 337 4139 Velut
351 4095 432 4141 auiam
445 4088 567 4157 scamina]
582 4092 692 4149 Sigonius
722 4093 840 4141 XXXVI.
851 4107 871 4140 a.
882 4097 907 4141 8.

181 4155 266 4204 alibro
279 4171 322 4205 sua
334 4157 400 4206 effert
416 4160 513 4220 ipiamr
531 4159 555 4206 Iu
569 4159 692 4206 Wctorino
756 4163 787 4206 ss
800 4160 882 4206 Vultis
888 4155 955 4222 erpo]
967 4159 1061 4205 I'huan.
1071 4157 1159 4204 Velitis
1170 4169 1235 4216 ergo,

180 4222 268 4282 legitur
283 4237 362 4284 apum
396 4221 542 4293 Utrumlibet
557 4235 639 4286 pssum
654 4223 691 4270 in·
724 4225 787 4284 quod
809 4225 860 4271 nou*
878 4229 965 4272 tammo
989 4222 1162 4270 insistendam.
1196 4221 1236 4270 Sia

180 4291 261 4334 unct
294 4287 444 4350 Sedodapes
459 4289 691 4350 aptissiussraierum
723 4288 785 4336 tv.
804 4303 826 4336 a.
841 4295 880 4336 58.
900 4289 1017 4336 Velitisne
1035 4286 1234 4347 illosiiornarscs,

182 4358 223 4398 tur
237 4352 331 4415 etipsa
346 4366 392 4400 ros
408 4355 530 4412 eramiae,
547 4360 573 4401 et
589 4355 692 4422 crepitat
722 4368 762 4402 aas
773 4350 883 4408 Veientes
893 4351 960 4402 essct
974 4353 1033 4401 inc.
1042 4353 1201 4400 Gnouousua.
