3136 4982
389 181 415 239 L
428 182 440 238 l
453 182 488 240 B.
505 175 684 245 xxxvttt.
709 181 769 240 CA
780 181 811 242 P.
831 177 1010 242 XXXVIII.
1161 184 1221 247 ,871

169 338 234 406 citu
259 351 437 426 venturum.
481 342 643 428 Principio
667 342 783 408 deinde
803 328 1049 420 vetustiorem
1070 342 1299 424 exercitanti
1312 357 1368 402 aar.

169 428 339 508 profectus,
360 429 409 492 die
430 441 541 495 octavo
564 432 737 514 Apameam
760 431 852 493 venit.
875 430 920 493 ibi
942 430 1080 494 triduum
1103 420 1260 496 stativis&
1273 421 1300 468 ⁰·
1314 425 1387 502 ¹⁸⁸&

170 510 300 592 habitis,
317 515 416 579 tertiis
438 537 546 580 rursus
568 516 609 580 ab
632 515 775 600 Apamea
796 516 904 580 castris
929 516 962 578 in
990 513 1221 600 Pamphyliam,

170 619 234 684 quo
262 601 426 684 pecuniam
456 601 710 687 frumentumque
745 602 848 688 regios
877 600 1053 665 convehere
1075 602 1220 686 jusserat,

169 686 320 768 pervenit.
342 686 369 726 ¹⁶
378 686 462 751 mille
476 701 508 751 et
522 688 710 774 quingenta¹
725 687 842 752 talenta
856 687 978 774 argenti
992 699 1122 770 accepta
1135 689 1222 771 Apa-

170 791 273 834 meam
298 771 515 857 deportantur.
540 772 732 838 frumentum
761 773 913 838 exercitui
942 767 1104 837 dividitur.
1141 772 1222 851 Inde

172 855 212 919 ad
239 857 372 945 Pergam
397 858 501 924 ducit:
524 881 595 945 quae
621 881 685 924 una
707 860 741 922 in
769 859 807 922 iis
835 858 912 922 locis
940 858 1028 942 regio
1057 860 1222 922 tenebatur

169 943 328 1026 prasidio.
374 945 653 1032 Adpropinquanti
673 945 840 1029 praefectus
863 944 1001 1029 praesidii
1024 943 1136 1008 obvius
1150 943 1219 1022 fuit,

169 1028 300 1114 triginta
324 1030 447 1094 dierum
473 1044 598 1114 tempus
622 1043 741 1116 petens,
767 1045 802 1095 ut
827 1053 932 1116 regem
960 1029 1155 1095 Antiochum
1180 1030 1222 1094 de

168 1114 248 1192 urbe
263 1115 416 1180 tradenda
430 1116 616 1182 consuleret.
638 1117 713 1182 dato
728 1129 881 1198 tempore,
895 1117 936 1181 ad
955 1133 1023 1181 eam
1039 1116 1121 1180 diem
1137 1127 1234 1203 prae?

170 1200 252 1264 sidio
266 1201 427 1266 decessum
449 1217 505 1267 est.
549 1205 578 1268 A
602 1203 715 1290 Perga,
731 1203 769 1268 L.
784 1202 908 1266 Manlio
929 1202 1026 1268 fratre
1047 1225 1120 1266 cum
1143 1219 1221 1290 qua-⁴

169 1297 242 1351 tuor
257 1287 395 1352 millibus
409 1288 543 1353 militum
558 1289 585 1333 ’Ἰ
594 1289 745 1353 Oroanda
753 1301 782 1366 ¹¹²,
797 1289 838 1352 ad
852 1289 1008 1374 reliquum
1022 1290 1165 1374 pecuniae
1179 1309 1222 1352 ex

167 1395 216 1450 eo,
240 1374 326 1459 quod
351 1375 545 1461 pepigerant,
561 1375 761 1461 exigendum,
784 1375 889 1451 misso,
911 1378 987 1456 ipse,
1009 1374 1084 1462 qnia
1103 1375 1224 1439 Eume·

168 1458 241 1523 nem
263 1483 370 1546 regem
395 1475 426 1525 et
451 1461 558 1525 decem
586 1462 703 1546 legatos
728 1460 768 1525 ab
792 1462 893 1524 Roma
919 1461 1079 1550 Ephesum
1102 1462 1221 1525 venisse

169 1545 321 1622 audierat,
333 1547 427 1632 jussis
442 1549 530 1632 sequi
546 1547 697 1612 Antiochi
712 1547 833 1634 legatis,
850 1549 1024 1632 Apameam
1048 1549 1237 1611 exercitum

169 1633 303 1697 reduxit

212 1717 417 1783 XXXVIII.
441 1719 491 1784 Ibi
513 1741 552 1783 ex
575 1719 681 1783 decern
705 1719 877 1806 legatorum
904 1718 1057 1782 sententia
1070 1717 1173 1782 foedus
1188 1719 1221 1780 In

170 1802 240 1867 haec
259 1804 355 1869 verba
378 1803 443 1868 sere
467 1825 538 1868 cunr
566 1803 728 1869 Antiocho
746 1805 957 1890 conscriptum
980 1817 1034 1870 est.
1078 1805 1353 1888 Amicitialtoedern

170 1891 237 1974 regi
247 1891 394 1956 Antiocho
408 1914 474 1956 cum
492 1892 604 1974 populo
617 1893 757 1956 Romano
770 1893 816 1956 his
835 1892 954 1976 legihns
968 1900 997 1954 et
1012 1879 1381 1992 annitunttm‘gmlffifft

171 1987 245 2040 esto.
282 1977 333 2040 Ne
348 1999 434 2060 quem
449 1979 620 2054 exaratum,
635 1978 764 2062 quicum
785 1979 895 2062 populo
910 1978 1048 2041 Romano
1062 1961 1243 2042 ”sonhue²¹⁰
1260 1958 1275 1991 ⁰
1295 1955 1354 1997 ‘⁸⁸'

171 2062 279 2126 bellam
291 2073 434 2148 gesturus
452 2063 518 2139 erit,
534 2086 588 2127 rea
607 2085 661 2145 per
665 2063 748 2144 fines
766 2065 854 2149 regni
873 2064 929 2140 sni,
941 2085 1088 2140 eorumve,
1103 2065 1157 2149 qui
1169 2065 1224 2128 suh

171 2149 284 2212 ditione
297 2149 359 2232 ejas
372 2160 467 2227 eram,
483 2151 608 2213 transire
621 2151 726 2213 sinito:
748 2172 804 2212 nen
818 2160 992 2228 commeatu,
1009 2171 1067 2213 aen
1086 2171 1144 2235 qua
1159 2150 1223 2215 alia

173 2257 228 2315 ope
239 2233 357 2319 juvato.
394 2237 481 2300 Idem
501 2237 634 2299 Romani
653 2236 779 2318 sociique
793 2236 952 2312 Antiocho,
975 2245 1005 2298 et
1026 2237 1074 2311 iis,
1097 2237 1148 2319 qui
1168 2235 1223 2300 suli

171 2320 295 2402 imperio
320 2319 381 2404 qais
403 2330 501 2398 aunt,
522 2331 675 2404 praetant.
712 2322 795 2384 Belli
814 2322 940 2406 gerendi
953 2318 1011 2404 jas
1023 2321 1172 2386 Antiocho
1185 2343 1224 2385 ne

170 2417 232 2470 esto
247 2429 312 2470 cum
325 2408 369 2484 iis,
386 2409 437 2494 qui
458 2407 575 2470 insulae
599 2408 796 2485 coiectante
816 2407 847 2470 in
861 2409 1020 2488 Europam
1039 2408 1223 2472 hansamdi.

170 2494 321 2557 Excedito
344 2494 471 2569 urbibus,
491 2493 585 2578 agris,
611 2494 690 2568 vicis,
715 2493 845 2556 castellis
869 2494 911 2558 cis
940 2495 1074 2560 Taurum
1097 2504 1225 2558 montem

122 2659 125 2662 Ι
169 2577 286 2662 29usqne
305 2581 348 2643 ad
366 2580 494 2648 Tanaim
514 2601 639 2656 omnem,
664 2589 691 2642 et
712 2580 824 2644 aualle
839 2581 936 2644 Tauri
954 2601 1048 2664 usqae
1069 2582 1112 2643 ad
1124 2578 1222 2666 juga,

170 2686 232 2749 qua
245 2667 277 2728 in
291 2666 482 2750 [lycaoniam
496 2666 601 2750 vergit.
641 2665 770 2748 Ne'qna
785 2687 872 2730 arma
893 2668 1004 2753 efferto,
1021 2687 1058 2728 ea
1079 2665 1119 2728 iis
1140 2668 1228 2750 oppii

170 2753 228 2826 dia,
253 2753 348 2836 agria,
375 2751 567 2835 castellisque,
593 2750 697 2835 quibus
722 2755 857 2816 excedat.
879 2753 906 2814 ai
931 2773 991 2834 qua
1016 2751 1129 2829 extulit,
1156 2774 1225 2835 quae

169 2859 282 2924 qacoqae
310 2839 462 2920 oportebit,
482 2837 596 2900 ³⁰rectc
623 2837 774 2901 restituito.
808 2837 859 2900 Ne
887 2838 1024 2918 militem,
1053 2859 1111 2900 nea
1138 2860 1225 2921 quem

170 2924 264 2987 alium
279 2945 318 2986 ear
333 2945 427 3008 regno
441 2923 728 3004 Eumeniarecipito.
762 2923 797 2988 Si
810 2923 861 3006 qui
883 2945 986 2988 earum
1007 2924 1122 2991 arrham
1137 2925 1223 3000 aves,
1264 2949 1271 2962 ¹

169 3031 238 3094 qnoe
257 3031 350 3094 regno
371 3011 541 3085 abscedunt,
566 3031 632 3072 cum
651 3031 723 3093 rege
736 3003 884 3072 Antiocho
908 3010 1048 3094 Intraque
1058 3009 1140 3089 fines
1162 3007 1225 3094 ejas

169 3097 261 3180 regni
273 3107 350 3173 antu,
367 3095 539 3176 Apameam
554 3117 656 3160 omnes
677 3105 748 3158 ante
766 3097 845 3158 diem
867 3107 976 3160 certum
989 3098 1122 3160 redeant.
1161 3095 1226 3170 Qut

169 3204 208 3244 ec
229 3203 322 3267 regno
336 3182 480 3246 Antiochi
498 3184 582 3264 apud
596 3182 749 3245 Romanos
767 3181 912 3267 sociosque
932 3191 1010 3262 arnt,
1023 3183 1064 3246 iis·
1075 3182 1133 3266 jus
1154 3184 1224 3246 abe-

267 3315 540 3381 lqataqaagr‘macrev.
605 3323 624 3350 ¹¹¹
638 3318 765 3366 OEnoanda
775 3320 848 3366 Gran.
919 3318 1126 3380 tsoetoqaessat.

202 3440 233 3482 aa·
249 3435 320 3482 tutte
339 3443 363 3482 et
383 3437 558 3498 qninquaginta
575 3435 676 3502 talenta]
714 3449 765 3482 mua
788 3439 888 3481 veterem
912 3435 1043 3480 lectionem.
1078 3433 1132 3480 Hoc
1156 3433 1225 3480 debe·

161 3501 248 3549 Scribe
259 3502 304 3546 dno
320 3502 399 3547 millia
413 3506 435 3547 et
446 3502 586 3563 quingenta,
598 3515 626 3546 ex
637 3503 681 3547 I‘o-
714 3514 765 3546 mua
780 3497 891 3554 Callatia,
908 3513 978 3559 quem
995 3500 1032 3546 adi
1049 3499 1065 3544 l.
1075 3497 1122 3544 III.
1138 3497 1225 3560 Gangr-

167 3567 216 3626 lyb.
229 3566 442 3626 inExcerpt.Leg.
459 3572 534 3614 thet
547 3565 613 3612 Livio
630 3567 682 3626 ipso
699 3565 797 3624 Antiq,
813 3579 832 3610 c.
852 3571 875 3610 4.
909 3565 974 3611 Idem
996 3565 1108 3612 mendum
1125 3564 1225 3611 correxi-

166 3645 240 3692 snpra
256 3631 297 3676 lib.
306 3631 435 3680 XXXVII.
448 3647 467 3677 c.
479 3638 519 3678 45.
531 3631 681 3678 Runanrua.
713 3644 766 3676 rnna
777 3637 800 3676 et
812 3644 832 3676 c.
841 3636 880 3676 ⁴5.
892 3629 962 3676 intra.

109 3699 115 3708 ‘
166 3699 240 3744 Porro
251 3698 341 3742 talenta
353 3702 424 3744 2500.
437 3703 494 3743 runt
505 3709 587 3743 marca
598 3709 680 3755 orgen·
745 3701 775 3740 98
793 3689 1075 3756 Sociirnc...eoramae]
1098 3693 1136 3742 Sic
1155 3695 1227 3755 prisci

166 3761 384 3812 timiamate.
713 3759 777 3806 editi.
821 3760 978 3806 Gronoviana
1004 3759 1119 3806 odillonea
1145 3761 1227 3807 ecclia·

201 3833 232 3874 27
252 3821 374 3887 Oroanda]
391 3825 439 3872 Hic
450 3825 558 3880 Sigonius
569 3822 613 3880 legi
628 3826 681 3883 jua-
713 3839 757 3886 que
768 3857 774 3872 .
785 3858 792 3872 .
804 3857 810 3870 .
822 3839 959 3885 eorumque.-
976 3826 1055 3871 minua
1065 3825 1181 3884 apposite.

167 3891 200 3938 eit
222 3887 358 3944 OEnoanda,
380 3898 404 3936 et
426 3891 532 3936 similiter
552 3906 572 3936 c.
592 3896 633 3936 39.
652 3891 683 3947 ah
746 3895 776 3938 99
797 3889 873 3950 Usque
889 3892 921 3936 nd
932 3891 1035 3936 Tanaim
1051 3883 1158 3951 amnem]
1173 3890 1226 3936 Ima

170 3957 312 4004 OEricundn.
344 3956 374 4002 Ei
391 3957 461 4002 nimir
477 3956 545 4002 facile
565 3955 681 4002 obsecuta
713 3955 806 4012 Halyn,
836 3955 897 4013 quod
922 3960 983 4002 recte
1011 3954 1144 4010 Gronoritp
1171 3960 1227 4012 port

165 4028 224 4068 aunt
236 4021 393 4068 Gronovianae
409 4022 534 4077 editiones,
551 4019 681 4081 refragante
713 4020 827 4066 Budaeum
840 4021 973 4068 annotavit.
988 4020 1076 4066 TanaIs
1095 4018 1176 4076 procul
1196 4020 1226 4065 ab

166 4086 276 4147 Polybio,
290 4087 371 4146 legat.
388 4093 426 4133 35.
445 4088 576 4146 refragante
591 4093 614 4132 at
631 4087 682 4145 ipra
714 4085 973 4144 hisregionibnaabert.
1001 4085 1074 4130 Favet
1083 4083 1225 4129 huicemea·

167 4166 201 4200 re.
235 4152 260 4198 Si
273 4152 367 4212 quidem
378 4152 417 4196 hic
434 4153 539 4211 pecuniae
556 4152 682 4206 exiguntur
713 4151 804 4197 dationi
821 4151 893 4198 codex
905 4153 994 4198 Victor.
1007 4147 1052 4207 qui
1068 4147 1139 4192 habet
1153 4161 1226 4209 aeque

165 4231 195 4265 ax
212 4217 321 4278 pactione
344 4230 397 4276 qna
417 4232 470 4262 cum
496 4217 682 4264 &acumethus
713 4217 950 4276 Achanymamaem.
1231 4234 1234 4238 ·

166 4283 231 4329 tacta
242 4287 385 4330 memoratur
401 4295 471 4343 supra
487 4297 506 4328 c.
521 4287 558 4328 ts.
584 4282 618 4330 Et
635 4282 681 4328 hoc
745 4272 1019 4339 acemanecestriae]
1028 4275 1227 4328 Viamata-nti
1296 4281 1297 4284 ’

167 4347 241 4408 igitur
253 4347 315 4405 loco,
328 4353 352 4393 et
361 4362 383 4393 c.
393 4353 431 4395 ³9.
444 4348 601 4407 reponendam
613 4347 680 4394 duxi·
713 4345 834 4469 XXXIX.
842 4350 885 4468 {a

463 4444 468 4452 ·
768 4429 789 4470 B
