3082 4976
70 3071 75 3076 -
137 3044 159 3084 0

461 93 549 154 LIB.
571 94 639 154 XL.
662 79 892 156 CAP.¹XL1X.
1149 106 1207 170 499

144 257 272 346 signnm
300 255 509 341 ‘conuenerad
540 258 745 340 sustulissent,
773 260 913 326 destituti
949 259 991 326 sb
1019 262 1117 328 unios
1147 283 1242 348 spen.
1255 284 1281 330 u
1294 267 1359 332 sea·

143 343 265 420 auxilii,
278 342 314 422 in
336 344 529 410 deditionem
549 356 713 411 venerunt.
734 345 954 411 ⁷⁷sestertitlnr.
971 349 1081 450 quater
1102 363 1143 414 et.
1156 348 1241 415 rvi-A·
1253 349 1279 395 0·
1295 353 1347 398 ¹⁷⁹·

143 430 206 496 cies
230 429 270 496 ab
299 429 347 495 its.
362 441 416 496 est'
431 445 587 508 exactum,
617 431 825 518 quadraginta
839 431 1045 500 nobilissimi.
1061 433 1199 522 e'qmtes:
1215 441 1228 466 ⁸

142 517 203 581 uec
216 515 360 581 obsidum
377 519 516 595 nomine,
532 521 619 604 (nam
642 517 777 582 militare
790 518 872 604 »jussi
893 520 979 601 snut)
994 532 1025 588 et
1045 532 1151 586 tamen
1168 545 1201 606 rp

143 602 222 688 ipse,
238 614 274 666 ut
288 602 403 688 pignus
417 602 491 668 fidei
505 616 616 670 essent.
1093 655 1108 664 ..

186 685 352 754 XLVIII.
376 689 456 754 Inde
478 691 547 775 jam
564 689 662 756 ,duxit
683 690 722 754 ad
746 689 847 755 Alcen
876 689 996 770 urbem,
1018 693 1073 757 ubi
1100 708 1334 772 castraserras

142 773 375 856 Celtiberorum
398 779 498 852 erant,
521 774 677 861 aquibus
702 789 852 840 venerant
882 797 984 861 nuper
1011 777 1041 842 le
1096 780 1118 845 i.
1147 773 1337 850 eos'ffl‘Pflli'

142 881 242 962 quum
255 861 445 946 per.aliquot
459 861 536 937 dies,
550 873 742 926 armaturam
765 861 864 926 lesem
884 792 1122 948 inmitteoddin
1137 837 1328 932 εἴα-ΜΝ

142 959 253 1022 teones,
276 945 446 1012 lacessisset
467 949 572 1032 pervis
596 947 725 1032 prteliis,
745 947 778 1010 in
798 946 865 1012 dies
888 950 1009 1034 majora
1029 953 1201 1016 certamine

141 1033 276 1111 serebat,
291 1046 328 1097 ut
339 1053 449 1096 omues
464 1046 555 1098 entra
571 1032 760 1108 munitiones
774 1032 910 1098 eliceret.
934 1034 998 1110 ubi,
1014 1037 1100 1121 quod
1114 1051 1201 1122 pete-

141 1119 247 1195 batur,
274 1119 370 1184 sensit
398 1117 553 1200 effectum,
578 1117 769 1183 auxiliorum
799 1117 953 1204 praefectis
981 1121 1126 1206 imperat,
1153 1138 1199 1202 ut,

138 1203 305 1270 contracto
332 1205 512 1282 certamine,
540 1217 700 1290 tamquam
730 1203 931 1269 multitudine
965 1222 1199 1292 superarentur,

141 1303 272 1376 repente
296 1291 392 1378 tergis
414 1290 505 1368 datis,
531 1290 572 1355 ad
597 1302 703 1372 cestra,
724 1289 820 1354 effuse
841 1288 997 1378 sugerent.
1026 1293 1093 1378 ipse
1117 1295 1201 1360 intra

141 1377 258 1442 vellum
280 1376 321 1440 ad
344 1398 452 1441 omnes
476 1389 583 1462 portes
607 1377 754 1441 instruxit
779 1377 894 1459 copias.
941 1378 1038 1443 Heud
1063 1380 1226 1446 multum'
1263 1422 1265 1426 .

140 1463 292 1549 temporis
306 1462 488 1538 intercessit,
504 1485 602 1550 quum
625 1485 666 1526 ex
687 1464 862 1546 composito
883 1464 1107 1550 refugientium
1129 1465 1201 1533 suo-

141 1569 214 1614 rum
236 1571 359 1634 agmen,
375 1562 446 1634 post
460 1548 556 1614 effuse
570 1559 733 1635 sequentes
756 1549 907 1615 barbaros
925 1552 1121 1635 conspexit·
1146 1553 1200 1617 In-

139 1647 293 1700 structam
307 1634 348 1699 ad
372 1634 433 1700 hoc
451 1637 552 1721 ipsum
573 1636 657 1700 intra
671 1635 787 1700 vallum
806 1634 943 1701 habebat
963 1641 1072 1702 eciem.
1096 1639 1201 1726 itaque

140 1736 266 1788 tautum
290 1733 490 1802 moratus,.ut
512 1744 583 1786 suos
597 1720 747 1808 :refugere
768 1723 800 1785 in
823 1735 925 1788 cestre
947 1722 1047 1788 libero
1069 1725 1199 1808 introitu

139 1809 268 1888 sineret,
283 1808 421 1872 clamore
434 1808 568 1884 sublato,
584 1807 675 1872 simul
691 1808 837 1872 omnibus
852 1809 952 1894 portis
967 1810 1081 1895 erupit.
1123 1809 1198 1876 Non

138 1895 316 1960 sustinuere
337 1895 477 1979 inpetum
500 1895 720 1980 necopinatum
744 1893 858 1959 hostes.
881 1896 934 1981 qui
956 1896 997 1960 ad
1019 1910 1122 1960 castra
1142 1897 1199 1960 ob·

138 1981 313 2070 pugnanda
336 1993 496 2056 venerant,
519 2003 560 2046 ne
584 2003 641 2046 sue
665 1979 791 2066 quidem
816 1983 897 2045 tueri
923 1994 1102 2067 potuerunt.
1125 2005 1199 2048 nam

139 2067 303 2152 extemplo
316 2065 389 2145 fusi,
403 2067 515 2154 fugati,
532 2089 607 2132 mox
627 2068 712 2131 intra
724 2068 842 2130 vellum
863 2081 1011 2152 paventes
1032 2070 1199 2154 compulsi,

141 2168 302 2239 postremo
323 2167 481 2218 exuuntur
501 2156 619 2218 castris.
664 2152 714 2216 Eo
736 2151 919 2217 dienorem
941 2153 1040 2218 millia
1061 2154 1199 2221 hostiurn

137 2263 240 2306 erese:
264 2240 348 2323 capti
373 2240 435 2302 vivi
461 2239 592 2303 trecenti
618 2237 744 2324 viginti,
762 2239 835 2324 equi
864 2253 990 2302 centum
1019 2239 1198 2318 duodecim,

137 2329 229 2414 signa
243 2325 392 2390 militaria
406 2324 535 2410 triginta
548 2339 677 2410 septem.
699 2324 740 2388 de
753 2325 895 2389 exercitu
913 2324 1199 2394 Romanoeentum

140 2435 254 2478 norem
269 2410 457 2477 ceciderunt.
946 2461 949 2470 .

164 2498 315 2576 XLIX.
338 2498 391 2562 Ab
415 2498 477 2564 hoc
503 2499 614 2584 proelio
638 2491 802 2565 Gracchus
823 2501 916 2565 duxit
937 2500 977 2564 ad
1002 2501 1199 2587 depopulen·
1270 2555 1273 2562 .

139 2585 239 2654 dumh
254 2584 454 2650 Celtiberiam
480 2585 628 2674 legiones.
650 2599 691 2662 et,
709 2609 807 2673 quum
830 2587 924 2660 ferret
947 2588 1061 2672 passim
1084 2602 1198 2662 cuncta

139 2685 237 2760 atque
250 2687 367 2760 ageret,
383 2673 555 2758 populique
575 2672 629 2736 alii
644 2671 813 2749 voluntate,
830 2672 883 2736 elii
905 2687 990 2742 metu
1008 2676 1122 2762 jugum
1146 2697 1197 2740 ac·

138 2761 290 2844 ciperem,
311 2773 437 2824 centum
460 2760 521 2822 tria
541 2757 659 2844 oppida
683 2759 766 2822 intra
787 2780 905 2844 paucos
925 2760 991 2824 dies
1010 2763 1044 2824 in
1066 2761 1197 2826 deditio·
1207 2769 1274 2816 0¹1¹·
1284 2771 1352 2847 oppt-

138 2867 212 2911 nem
242 2845 379 2930 accepit:
408 2845 517 2931 praeda
544 2845 664 2929 potitus
689 2845 810 2930 ingenti
835 2858 889 2910 est.
937 2845 1103 2911 Convertit
1124 2836 1329 2948 indegfflsstt

138 2957 159 2998 a
184 2953 254 2996 rnen
280 2945 376 3010 retro,
403 2933 485 2996 unde
511 2942 649 3008 venerat,
672 2931 713 2994 ad
736 2931 846 3008 Alcen,
871 2943 967 3018 atque
991 2955 1059 2996 eant
1087 2933 1197 2998 urbem
1230 2914 1281 2948 Μ
1300 2914 1337 2947 ⁰⁸

159 2957 323 3104 {pugnare
355 3017 481 3084 institit.
523 3015 687 3102 Oppidani
715 3017 852 3103 primum
883 3019 1024 3103 inpetum
1059 3017 1196 3086 hostium

136 3105 371 3170 sustinuerunt:
401 3104 523 3183 deinde,
539 3125 636 3190 quum
658 3104 811 3189 jamnon
835 3105 928 3168 ermis
954 3103 1058 3181 modo,
1076 3105 1129 3169 sed
1152 3121 1198 3170 et·

138 3193 202 3256 iam
218 3191 364 3276 operibus
380 3191 650 3276 obpugnarentnr,
667 3189 759 3254 diffisi
775 3190 924 3273 praesidio
939 3191 1034 3268 urbis,
1049 3193 1080 3254 in
1092 3214 1197 3257 arcem

137 3277 275 3342 uniuersi
293 3281 525 3344 concesserunt.
548 3289 707 3362 postremo
722 3290 753 3340 et
773 3277 859 3354 inde,
875 3265 1044 3362 prdmissis
1065 3277 1198 3344 oratori-

137 3368 207 3440 bus,
233 3364 439 3429 inditionem
463 3387 495 3427 se
519 3386 637 3449 suaque
665 3363 772 3428 omnia
800 3364 953 3428 Romanis
978 3365 1197 3448 permiserunt.

139 3450 264 3536 Magne
275 3448 348 3512 inde
362 3451 472 3533 praeda
481 3449 563 3515 facta
575 3462 630 3513 est.
647 3450 737 3514 multi
749 3451 865 3534 captivi
880 3449 1000 3514 nobiles
1013 3453 1043 3514 in
1056 3463 1198 3538 potesta·

138 3553 202 3610 tem
227 3549 396 3610 venerunt;
419 3537 501 3613 inter
523 3559 600 3622 quos
615 3549 647 3602 et
662 3535 800 3600 Thurri¹
814 3537 871 3600 filii
886 3536 951 3601 duo
966 3549 998 3602 et
1013 3535 1086 3604 filia.
1133 3537 1198 3604 Re·

136 3623 231 3712 gulus
246 3624 298 3689 hic
312 3643 420 3685 earum
437 3623 576 3709 gentium
601 3635 675 3696 erat,
692 3622 786 3710 louge
809 3623 1041 3706 potentissimus
1056 3625 1198 3692 omnium

375 3728 555 3822 immam
565 3764 639 3810 omn.
650 3761 719 3809 um.
735 3765 737 3774 ’
793 3761 887 3809 irunt
897 3725 961 3808 neu.

171 3886 200 3929 77
218 3881 359 3940 Sestertium
374 3884 457 3940 quater
471 3884 494 3924 et
509 3876 593 3940 uicies]
607 3878 652 3924 .Sic
684 3879 768 3938 novius
785 3879 811 3924 in
828 3880 908 3926 eodem
929 3879 969 3927 illo
981 3880 1117 3928 tlootisrinro
1131 3893 1202 3938 opere

136 3945 185 4007 legi
201 3946 323 4004 iusserunt
342 3945 445 4004 Scaliger
464 3948 488 3990 et
507 3943 652 3991 Gronovius.
684 3945 712 3990 de
732 3944 833 3990 Pecunia
846 3945 941 3992 ¹Vetere·
975 3947 1046 3994 Porro
1065 3944 1199 3992 sestertium
1228 3961 1230 3976 ¹

137 4012 192 4058 Vid.
205 4011 279 4068 Gron,
291 4011 308 4058 l.
320 4011 351 4056 11.
368 4011 396 4058 de
408 4012 459 4056 Pec
471 4009 525 4056 vet.
534 4024 554 4055 c.
564 4013 588 4056 t.
604 4009 652 4054 Ex·
685 4019 766 4069 quater
777 4016 802 4057 et
813 4009 894 4068 vicies,
905 4015 963 4062 sunt
978 4010 1013 4062 hie
1031 4011 1096 4062 mille
1106 4015 1131 4064 et
1142 4022 1200 4068 qus·

138 4076 229 4136 emptas
263 4076 372 4140 unicum,
396 4076 490 4138 habuit,
522 4063 653 4134 Nummum
686 4076 812 4136 dringente
836 4077 954 4132 sestertio,
974 4076 1032 4132 rire,
1054 4076 1115 4134 qnod
1139 4073 1200 4120 idem

138 4142 381 4204 quateretuieierest
392 4150 519 4206 eurotam:
533 4153 607 4202 ‚quum
619 4139 653 4185 lo·
686 4147 732 4200 ent,
750 4142 852 4198 sestertii
869 4141 1069 4198 recoopertus
1088 4141 1202 4190 &manue

136 4209 224 4267 quenti
236 4208 335 4254 torru‘nm
346 4207 376 4253 ab
388 4207 452 4270 omni
464 4213 488 4254 et
499 4221 544 4256 usu
557 4211 581 4252 et
597 4217 653 4250 uua·
686 4207 766 4264 pondo
786 4212 859 4258 6000.
878 4220 961 4258 merce
979 4207 1070 4264 essenti
1086 4199 1203 4262 ntltttttt

135 4273 199 4335 logis
210 4273 333 4322 obuertere
346 4271 462 4327 luculente
475 4271 583 4333 probarit
595 4271 654 4318 Gru·
688 4277 760 4320 0070.

726 4333 816 4400 xkt
