3042 4954
425 164 521 225 LIB.
550 163 664 224 xxxi.
691 165 756 223 ΟΛ·
765 164 797 223 Ρ.
824 165 860 224 L.
908 188 911 199 ·
1141 173 1179 228 45

114 329 183 396 ”ct
200 329 313 396 nasitus
331 344 431 395 rerunt
450 337 605 416 gestum
626 326 699 414 ςὶιιι,
714 329 761 394 cni
779 337 879 394 tantu
900 327 991 394 hortos
1012 327 1342 406 laberetsr5u.o.sss.1

111 417 231 501 publice
242 417 404 482 niduensr.
447 417 582 500 &quem
595 437 634 479 en
646 436 682 480 eo
692 415 834 492 enormes,
846 416 899 500 qni
911 437 978 480 carn
991 411 1183 501 Galtnpngs
1192 409 1223 456 Α·
1234 410 1262 456 ⁰·
1274 413 1345 456 '⁰⁰⁴²

71 529 77 536 ·
116 503 244 582 nocent,
258 505 288 568 ei
300 523 364 567 non
377 503 514 578 militem,
530 501 626 566 licam
646 498 874 582 salternsnisse,
889 523 978 586 quem
994 504 1185 583 turnineiors‘

114 599 220 674 posen
232 600 366 666 ramae,
382 590 455 675 qnid
468 590 531 654 aeri
542 599 653 670 praetor
666 589 775 654 vanive
794 586 947 670 referret?
967 587 1113 654 Comitiis
1128 587 1184 654 dc-
1194 593 1305 641 contus

118 677 196 744 inde
208 676 293 744 diem
315 677 447 741 edixit¹r
493 674 585 740 nibus
599 673 698 740 creati
719 688 793 739 snut
807 673 951 740 consules
966 673 1007 742 L.
1018 673 1185 744 Cornelius

117 763 288 840 Lentulus,
300 762 339 827 P.
347 761 462 826 Villius
470 698 653 845 ⁹l'uppulus.
679 760 835 824 Praetores
844 759 1000 824 indefecti
1010 761 1048 825 L.
1062 761 1187 852 Quium

117 852 181 916 tius
205 849 417 925 Flamininus,
436 847 473 910 L.
490 845 636 912 Valerius
662 845 804 927 Flaccus,
820 846 861 910 L.
876 847 988 910 Villius
1007 845 1184 933 Tappulus,

118 938 181 1002 Cn.
200 935 333 1001 Baebius
348 932 551 1019 Tamphilus.

161 1022 204 1088 L.
228 1025 371 1087 Annona
392 1043 519 1170 preloque
540 1041 579 1085 eo
600 1041 686 1084 anno
710 1017 836 1119 pervilis
857 1019 925 1085 fuit.
947 1018 1099 1086 frumenti
1121 1021 1183 1121 vim
1194 1031 1337 1145 xpiane

119 1131 345 1262 Mithri
361 1106 671 1260 ignibit.
685 1105 804 1257 tiit.
819 1107 944 1258 titi?
951 1106 1186 1279 ..iiiiii

120 1284 152 1348 lo
166 1283 364 1347 diviserunt:
387 1293 420 1345 et
432 1279 524 1344 ludos
540 1279 704 1344 Romanos
718 1301 837 1366 magno
855 1280 1009 1366 adparatu
1025 1278 1184 1344 fecerunt:

120 1369 206 1435 diem
221 1391 322 1434 unum
338 1367 573 1432 instaurarunt:
596 1365 687 1453 signa
700 1387 791 1430 oenea
828 1369 946 1454 uinque
956 1389 996 1432 ex
1010 1366 1188 1431 multaticio

121 1467 255 1545 argento
269 1454 303 1518 in
318 1452 433 1518 aerurio
447 1467 631 1537 posuerunt.
676 1389 877 1517 Plebeitiudi
891 1453 932 1517 ab
946 1453 1093 1519 sedilibus
1107 1452 1134 1492 θ’
1145 1451 1186 1517 L.

122 1540 278 1608 Terentio
294 1540 491 1605 Massiliota·
507 1552 538 1604 et
552 1540 612 1603 Cn.
629 1538 742 1603 Boebio
757 1537 940 1622 Tamphilo,
957 1561 1051 1626 quem
1063 1552 1187 1688 praeto·

122 1651 189 1694 rem
204 1627 460 1712 designaverant,
476 1640 524 1691 ter
545 1625 605 1690 toti
619 1625 797 1690 instaurati
843 1623 887 1689 Et
899 1623 967 1699 ludi
988 1623 1064 1689 fune
1087 1647 1135 1689 res
1150 1647 1187 1688 eo
1198 1633 1269 1712 tnui,
1281 1632 1306 1679 tn

124 1738 209 1780 anno
231 1737 290 1801 per
312 1713 517 1800 quatriduum
542 1713 577 1776 in
601 1710 681 1790 foro,
708 1711 820 1776 mortis
846 1710 897 1775 M.
921 1710 1039 1776 Valerii
1062 1699 1333 1808 Laevini‘lmimssf*

126 1825 246 1880 caussa
263 1825 282 1866 a
298 1801 334 1866 P.
349 1812 381 1865 et
403 1798 455 1866 M.
470 1797 544 1863 filiis
565 1799 632 1884 ejus
654 1797 750 1864 facti:
774 1810 806 1862 et
826 1819 941 1862 munus
962 1795 1186 1885 gladiatorium
1196 1777 1324 1878 {imm

126 1888 237 1954 datum
260 1891 299 1952 ab
322 1887 370 1950 iis.
411 1886 477 1950 aria
491 1885 632 1973 quinque
647 1898 679 1950 et
694 1885 806 1973 viginti
820 1897 1015 1972 pugnarunt.
1061 1883 1111 1950 M.
1125 1887 1190 1949 Au-

125 1975 221 2040 relius
246 1973 354 2052 Cotta,
400 1973 536 2036 ecemvir
556 1993 730 2049 sacrorum,
755 1985 908 2036 mortuus.
930 1971 962 2035 in
989 1973 1057 2059 ejus
1086 1971 1191 2037 locum

128 2061 177 2128 M.
208 2060 332 2127 Acilius
362 2057 498 2124 Glabrio
527 2057 694 2126 subfectus.
747 2057 894 2123 Comitiis
926 2058 1034 2124 aediles
1069 2058 1194 2124 curules

127 2149 224 2214 creati
246 2164 320 2212 eunt
341 2145 424 2212 forte
448 2144 553 2225 ambo,
570 2145 626 2232 qui
639 2143 780 2209 ⁸³statim
807 2145 951 2230 occipere
972 2147 1194 2234 magistratum

128 2257 192 2300 non
222 2244 362 2320 possent.
388 2255 463 2297 num
491 2232 529 2297 C.
551 2231 719 2297 Cornelius
745 2231 903 2332 Cethegus
931 2230 1045 2302 absens
1073 2245 1196 2299 creatus

129 2335 206 2400 erat,
223 2343 323 2408 quum
339 2319 528 2404 Hispaniam
544 2319 701 2384 obtineret
717 2317 934 2402 procinctamr
957 2317 983 2358 ⁸⁴
994 2319 1031 2384 C.
1048 2319 1196 2384 Valerius

131 2409 276 2487 Flaccus,
293 2429 386 2494 quern
396 2403 590 2556 praeseniem
608 2417 793 2470 creaverant
804 2409 821 2481 ²,
833 2403 942 2492 '³⁵quia
963 2406 1078 2471 llnmeu
1092 2404 1196 2472 Dialis

131 2508 208 2574 erat,
219 2496 331 2581 jurare
346 2493 379 2557 in
409 2515 481 2580 eges
502 2513 567 2556 non
589 2502 737 2577 poterut:
760 2491 980 2580 magistratum
1001 2506 1108 2559 autem
1124 2495 1197 2580 plus

153 2581 273 2668 uinque
287 2580 367 2657 dies,
390 2579 451 2643 nisi
466 2579 520 2664 qui
530 2580 668 2664 jurasset
687 2577 720 2642 in
744 2580 837 2666 leges,
854 2599 918 2642 non
941 2577 1056 2649 licebat
1076 2603 1197 2670 gerere.

132 2603 266 2733 intente
289 2666 417 2746 Flacco,
440 2679 476 2731 ut
496 2664 620 2753 legibus
638 2663 821 2742 solveretur,
837 2676 962 2730 senatus
983 2666 1135 2748 decrevit,
1150 2679 1197 2743 ut,

131 2756 156 2819 si
169 2752 283 2831 aedilis,
300 2753 355 2854 qui
370 2773 430 2838 pro
444 2774 478 2816 se
486 2753 620 2838 juraret,
641 2750 796 2816 arbitratu
818 2752 984 2816 consulum
1005 2751 1105 2829 daret,
1122 2774 1198 2816 con-

131 2841 223 2922 sules,
246 2841 272 2904 si
295 2861 341 2904 ers
363 2838 535 2921 videretur,
550 2859 625 2904 cum
650 2837 786 2902 tribunis
808 2835 908 2920 plebis
930 2851 1073 2924 agerent,
1088 2837 1135 2902 uti
1156 2837 1199 2901 sd

131 2927 256 3014 plebem
272 2924 402 2990 ferrent.
447 2925 563 3004 Datus,
579 2925 635 3012 qui
655 2925 779 3012 juraret
799 2943 859 3008 pro
880 2920 987 3004 fratre,
1004 2923 1042 2988 L.
1053 2923 1200 2988 Valerius

133 3014 278 3092 Maccus,
309 3024 431 3098 praetor
459 3011 653 3100 designatus.
683 3009 803 3074 tribuni
828 3008 869 3073 nd
892 3008 1017 3094 plebem
1046 3009 1199 3087 tulerunt,

153 3100 303 3186 lebesqne
318 3098 419 3175 scivit,
436 3111 472 3163 nt
493 3099 626 3182 perinde
651 3109 742 3174 esset,
759 3097 796 3160 nc
811 3094 837 3159 si
853 3095 919 3180 ipse
933 3096 1036 3176 aedilis
1053 3098 1200 3184 jurasset.

131 3123 176 3253 ht
190 3189 231 3253 de
245 3185 347 3252 altero
361 3184 454 3250 aedile
476 3184 588 3250 scitum
603 3183 706 3270 plebis
721 3195 768 3248 est
789 3180 917 3261 factum,
934 3186 1121 3272 rogantibus
1143 3183 1202 3250 tri-

258 3391 373 3440 ‘s'sdr'sit
384 3391 460 3439 Gron.
476 3390 545 3441 Cres.
611 3391 722 3440 'Massa
732 3393 797 3441 Ead-
867 3395 875 3426 ²
892 3400 1002 3442 crearent
1011 3395 1076 3442 nec

167 3563 199 3604 80
220 3555 254 3604 Ut
270 3557 359 3604 ceritas
376 3559 656 3620 rerumgestarum...
688 3560 773 3618 edunt,
792 3573 876 3622 nempe
886 3561 1037 3609 Massaliota.
1070 3560 1205 3609 Vtileiniss

133 3623 229 3684 publice
238 3620 373 3684 videretur]
389 3623 445 3671 Hoc
460 3637 475 3670 a
491 3624 590 3686 Sigonio
608 3629 655 3683 est,
689 3625 1204 3690 1.xxxV111.c.ts.ett.xl.e.st.etg-

136 3703 178 3735 nec
190 3703 248 3736 sane
260 3689 324 3750 sepit
334 3687 458 3736 Liriansnt
470 3703 576 3738 manum.
591 3691 655 3738 Olim
689 3691 743 3738 bine
755 3691 781 3738 in
792 3691 880 3739 Annsl.
892 3705 983 3754 semper
991 3692 1074 3740 scribit
1083 3691 1177 3742 Μωιιι.

135 3755 259 3816 Ιιςεὶιιιιιι
270 3750 433 3800 nulloseasu:
451 3763 480 3834 nt
495 3757 597 3803 obtutu
616 3771 653 3802 re-
720 3761 750 3802 ns
767 3756 860 3834 Srctlsn
875 3751 992 3836 occipere]
1014 3759 1092 3805 Probe
1111 3757 1204 3821 sigonii
1264 3791 1269 3804 .

136 3826 332 3932 iiim
343 3820 656 3948 iii.i.“.⁶‘'.i‘c,iii'‘ii}''.ss
686 3822 1071 3952 ‘miidiiioririiiaiffi
1093 3889 1131 3936 ne
1158 3889 1204 3936 noc

137 3951 201 4009 nius,
219 3951 292 3999 verbs
303 3962 353 3996 non
365 3950 423 4004 setis
440 3951 540 3999 feliciter
557 3952 654 4000 restitn-
686 3951 771 4000 Flacco
782 3954 831 4014 egit
842 3954 933 4007 Livius,
943 3955 959 4001 l.
971 3955 1081 4002 xxvn.
1094 3969 1115 4000 c.
1129 3961 1150 4000 a.

138 4015 191 4064 isse.
719 4023 750 4064 aa
769 4018 932 4079 Qsiastemes
947 4019 1033 4067 Dialis
1050 4027 1111 4076 aar,
1117 4018 1206 4079 jurare

170 4086 198 4126 st
216 4081 292 4128 Bittis
313 4079 370 4126 orris
392 4081 419 4126 t'n
439 4077 538 4142 masiae]
564 4081 656 4129 Octars
687 4082 715 4128 t'sr
732 4084 796 4144 leges
817 4099 864 4130 aon
883 4082 989 4148 poterat]
1010 4086 1094 4132 iurare
1111 4084 1205 4130 Dialem

142 4145 225 4192 ieneffl
237 4151 316 4208 parts,
337 4158 390 4205 quse
405 4150 456 4194 crat
474 4159 600 4208 granorum
618 4160 656 4194 ar·
688 4148 724 4194 iss
741 4161 864 4210 nunqnam
881 4157 927 4208 est,
938 4150 1018 4211 inquit
1030 4153 1059 4195 Α.
1071 4148 1174 4203 Gellius,
1187 4147 1204 4196 l.

32 4233 33 4242 ι
145 4212 204 4271 genti
216 4210 362 4258 nostratium
373 4217 397 4259 9.
688 4213 721 4260 X.
732 4228 754 4262 c.
768 4221 804 4261 15.
817 4215 868 4273 ubi,
878 4231 908 4262 ex
918 4217 993 4264 Fabio
1004 4215 1106 4269 iinon,
1117 4212 1204 4259 statiis

173 4272 487 4338 ermeneumata]
505 4276 615 4333 Sigonius
631 4281 656 4324 et
688 4280 794 4339 sntiqnis
815 4281 978 4342 scriptoribus,
1000 4279 1145 4326 ceremonia
1163 4279 1204 4326 r·-

145 4339 251 4389 Gelenius
262 4350 397 4404 cognomen
413 4342 485 4400 huius
502 4342 576 4390 sedilis
588 4343 657 4389 aliter
688 4344 747 4391 mini
758 4345 822 4392 Disli
834 4345 950 4406 inposite
962 4350 1120 4392 recensentur.
