3136 4982
424 185 520 246 utu.
541 183 701 260 xuxvu.
725 186 832 246 unu
852 185 982 246 xuvn.
1166 193 1227 257 su

166 344 273 424 oleis,
304 349 432 414 adverae
461 369 571 436 pugna
599 345 632 414 in
663 347 851 426 vescetania,
874 348 1008 418 ssductu
1038 349 1079 418 L.
1104 349 1374 419 illudinesse.

165 434 374 516 proconsulis,
396 434 483 520 apud
506 433 660 520 oppidum
689 434 854 522 Lyconem
881 457 955 500 curu
986 436 1156 518 Lusitanis¹
1174 437 1305 504 sexbc·
1320 441 1374 486 ¹⁹⁰·

166 518 267 583 millia
297 519 338 585 de
365 521 504 586 exercitu
532 521 680 585 Romano
704 521 863 586 cecidisse.
909 522 1049 600 Ceteros,
1079 501 1344 611 parentesw‘f?

165 605 253 669 intra
267 607 382 672 vallum
406 606 596 692 compulsos,
612 629 697 694 egre
718 622 822 680 castra
843 606 1030 686 defendisse,
1046 622 1078 679 et
1093 611 1145 678 in*k
1161 631 1227 676 mo·
1237 579 1368 694 litigandi.-

167 691 247 758 dunr
271 693 460 782 fugientium
483 716 535 758 ma
559 695 607 758 nis
626 694 790 758 itineribus
811 695 846 758 in
871 715 983 782 agrum
1007 709 1156 780 pacatum
1179 720 1228 762 re-

167 777 292 845 ductos.
338 781 423 846 Haec
446 803 487 846 ex
552 780 673 866 ispania
696 781 856 858 nunciata.
902 782 956 848 Ex
981 783 1089 851 Gallia
1109 783 1230 870 legatos

169 865 430 933 Placentinorum
444 880 476 932 et
488 865 751 934 Cremonensium
767 868 807 933 L.
818 868 1055 944 Aurunculeius
1067 883 1186 956 praetor
1196 871 1229 934 in

166 967 311 1020 senatum
341 953 534 1032 introduxit.
563 954 601 1018 iis
631 955 837 1038 querentibus
863 956 1005 1042 inopiam
1031 957 1232 1035 colonorum,

168 1038 238 1105 aliis
252 1039 327 1106 belli
341 1041 476 1121 casibus,
491 1039 559 1106 aliis
580 1040 693 1106 morbo
714 1040 877 1118 absumtis,
893 1043 1047 1128 quosdam
1064 1043 1160 1108 tedio
1175 1043 1232 1108 ad·

167 1124 310 1190 colarum
327 1127 492 1192 Gallorum
512 1126 675 1212 reliquisse
698 1127 851 1205 colonias,
867 1128 1006 1197 decrevit
1020 1143 1157 1207 senatus,
1179 1130 1234 1196 Uti

170 1215 206 1278 0.
221 1214 339 1277 Laelius
359 1213 514 1291 conscisi
536 1215 564 1277 ei
582 1216 737 1290 uideretur,
758 1237 811 1278 seu
832 1216 929 1287 millio
941 1213 1138 1296 familiarum
1163 1239 1233 1282 cote

166 1301 317 1378 scriberet,
330 1322 399 1384 qnoe
412 1302 444 1363 in
459 1321 510 1364 cos
525 1301 654 1364 colonias
674 1301 895 1367 dividerentur:
919 1315 949 1366 et
969 1313 1002 1366 at
1016 1304 1058 1369 L.
1074 1307 1233 1372 Auruncu-

170 1387 245 1450 leius
268 1398 379 1468 proetm·
407 1387 577 1452 triumuiros
604 1397 720 1452 crearet
744 1389 788 1451 od
815 1411 865 1452 eos
889 1389 1008 1454 colonos
1035 1391 1232 1459 deducendos.

169 1473 279 1538 Creati
303 1472 353 1536 M.
366 1473 483 1550 Atilius
507 1473 672 1552 Serranus,
695 1473 735 1546 L,
751 1473 898 1548 Valerius
921 1474 959 1540 P.
977 1475 1174 1552 Ridentur,
1192 1475 1232 1543 L.

169 1557 315 1626 Valerius
331 1561 369 1624 C.
383 1560 421 1626 F.
436 1559 554 1644 Tappo
562 1559 579 1624 ¹.
1218 1620 1221 1626 .

213 1645 363 1712 XLVII.
387 1645 490 1713 Haud
510 1649 558 1716 ita
576 1645 677 1714 multo
697 1659 783 1732 post,
808 1669 907 1732 quum
927 1647 994 1733 jam
1018 1647 1233 1718 consularium

167 1733 371 1798 comitiorum
391 1733 555 1819 adpeteret
571 1746 707 1818 ternpus,
731 1733 769 1799 C.
786 1732 906 1804 Laelius
928 1734 1040 1800 consul
1062 1755 1103 1806 ex
1128 1732 1233 1802 Gellia

170 1821 309 1886 Romam
333 1819 434 1884 rediit
457 1819 483 1884 is
505 1841 569 1884 non
585 1820 706 1898 solum,
722 1842 762 1884 ex
785 1818 869 1888 facto
891 1820 1021 1894 absente
1040 1843 1074 1892 se
1093 1833 1234 1892 senatur·

67 1915 71 1922 '
168 1906 326 1985 consulto,
341 1907 375 1970 in
398 1906 651 1992 supplementum
677 1905 845 1973 Cremonae
860 1917 891 1970 et
916 1907 1089 1976 Placentiae
1103 1905 1234 1973 colonos
1330 1981 1334 1991 Ι

168 1993 296 2078 scripsit
302 2017 312 2071 ;
336 1992 403 2072 sed,
419 2005 455 2058 ut
469 1992 709 2059 novaecoloniae
724 1993 797 2058 duae
818 1993 849 2057 in
865 2005 990 2079 agrurn,
1006 1993 1064 2081 qui
1079 1993 1233 2066 Boiorum

168 2081 289 2158 luisset,
313 2079 553 2158 deducerentur,
569 2093 602 2145 et
623 2079 740 2158 retulit,
761 2092 793 2144 et
815 2093 944 2146 auctore
965 2103 1004 2146 eo
1028 2081 1145 2148 Patres·
1158 2102 1235 2146 conr

169 2179 312 2246 suerunt.
357 2166 479 2232 Eodem
496 2179 639 2252 tempore
651 2166 691 2232 L.
701 2165 827 2232 AEmilii
841 2167 986 2253 praetoris
1002 2168 1104 2232 literne
1119 2167 1236 2237 sdtate

120 2323 123 2330 ,
170 2252 507 2340 denavalipugnaad
525 2251 740 2338 Myonnesum
756 2252 893 2333 fastmot
908 2254 948 2318 L.
962 2253 1142 2340 Scipionem
1159 2278 1236 2320 eon·-
1313 2297 1315 2302 -

167 2339 272 2406 sulem
286 2341 462 2418 exercitum
477 2339 510 2416 in
526 2339 635 2406 Asiam
651 2340 819 2426 trajecisse.
862 2341 1015 2406 Victoriae
1026 2341 1144 2407 navalis
1158 2363 1237 2430 ergo

168 2426 205 2492 in
230 2447 330 2492 unurn
357 2426 441 2490 diem
467 2425 657 2511 supplicatio
679 2425 808 2492 decreta
830 2439 892 2494 est:
917 2429 949 2492 in
973 2427 1106 2500 alterum
1120 2473 1123 2480 ,
1137 2427 1233 2506 diem,
1307 2491 1353 2514 A,

168 2513 258 2600 quod
287 2513 442 2580 exercitus
455 2557 459 2564 -
473 2513 639 2579 Romanus
665 2528 732 2578 turn
755 2513 894 2598 primurn
917 2513 951 2578 in
976 2515 1055 2579 Asia
1077 2515 1235 2600 posuisset

169 2614 285 2678 metra,
302 2613 338 2666 ut
352 2623 390 2666 ea
404 2623 454 2664 res
475 2621 629 2685 prospera
651 2613 683 2665 et
704 2599 781 2665 lteta
802 2600 951 2666 eveniret.
975 2601 1091 2666 vicenis
1107 2602 1235 2672 ma'ori·

169 2687 232 2754 bus
253 2685 366 2754 hostiis
389 2687 421 2751 in
444 2686 583 2772 singulas
597 2686 840 2772 supplicationes
858 2687 1035 2755 sacrificare
1054 2706 1154 2755 consu
1188 2700 1235 2758 est

167 2774 282 2858 jussus.
328 2773 408 2838 lnde
422 2773 598 2839 consularia
613 2773 741 2837 comitia
761 2794 877 2859 magna
899 2775 1101 2838 contentione
1115 2771 1233 2840 habita.
1244 2793 1354 2842 comitti.

172 2859 225 2926 Μ.
242 2859 390 2938 AEmilius
407 2858 547 2946 Lepidus
561 2858 690 2944 petebat
703 2858 834 2924 adversa
854 2857 938 2924 sarna
952 2858 1130 2934 hominum,
1147 2859 1232 2944 quod

170 2947 380 3032 provinciam,
395 2947 536 3014 Siciliam
559 2945 686 3029 petendi
711 2967 832 3024 causae,
854 2963 920 3010 non
944 2944 1090 3011 consulto
1111 2957 1235 3022 senatu,

172 3044 211 3097 ut
231 3033 290 3097 sibi
313 3033 344 3098 id
372 3032 474 3098 facere
498 3032 616 3109 liceret,
639 3031 825 3117 reliquisset.
852 3033 1001 3116 petebant
1022 3051 1095 3096 cum
1118 3054 1158 3096 eo
1184 3030 1235 3100 M.

171 3119 307 3186 Fulvius
326 3119 482 3199 Nobilior,
508 3119 570 3186 Cn.
587 3119 728 3187 Manlius
744 3116 854 3194 Vulso,
872 3116 922 3183 M.
938 3116 1084 3184 Valerius
1100 3116 1236 3185 Messal-

168 3205 237 3270 lam.
277 3205 407 3272 Fulvius
428 3206 540 3272 consul
555 3227 638 3271 uuus
660 3217 794 3282 creatur,
810 3204 836 3244 ⁴²
870 3225 946 3270 uum
961 3205 1056 3270 ceteri
1079 3205 1236 3271 centuriae

171 3315 239 3358 non
255 3296 451 3379 explessent:
476 3293 502 3332 ⁴³
513 3293 621 3379 isque¹¹
641 3303 771 3377 postero
784 3291 836 3356 die
906 3291 1098 3368 Manlium,
1112 3290 1237 3377 Lepido

170 3379 306 3465 dejecto,
333 3385 422 3464 (uum
450 3379 601 3448 Messalla
625 3381 735 3460 tacuit)
758 3377 912 3452 culleum
942 3379 1032 3444 dixit.
1079 3378 1238 3446 Praetores

169 3465 287 3530 exinde
302 3465 387 3546 lacti,
399 3466 464 3530 duo
486 3467 530 3542 Q.
548 3465 651 3546 Fabii,
668 3465 778 3532 Labeo
793 3479 825 3533 et
868 3467 956 3542 otor,
974 3464 1138 3550 (⁴⁴flemen
1154 3465 1237 3542 Qut·

185 3638 245 3693 karl
255 3643 322 3692 Crer-
388 3638 396 3676 ¹
409 3641 504 3704 Tappur
513 3641 586 3689 Gron.
601 3643 669 3690 Creu.
729 3643 748 3671 ¹¹¹
759 3640 866 3688 Mcrrda
876 3639 939 3686 Ead.
998 3641 1011 3669 ¹¹
1023 3639 1044 3684 ir
1051 3653 1140 3702 quoque
1151 3639 1227 3686 Gron.

207 3795 237 3836 41
256 3789 342 3838 Ductu
363 3791 394 3836 1..
405 3791 507 3836 AEmt'lii
529 3787 689 3855 proconsulis]
755 3797 786 3836 te
806 3791 885 3847 Qum
903 3789 975 3837 ceteri
994 3790 1116 3836 centuriae
1132 3805 1180 3836 non
1198 3804 1240 3838 ex·

174 3854 225 3904 tlte
245 3861 283 3902 ert
298 3855 408 3903 AEmilinr
429 3853 470 3903 ille
491 3854 597 3910 Paullus,
621 3867 690 3916 quem
719 3854 834 3920 picerent]
847 3855 929 3906 Qnmn
945 3854 1016 3902 ceteri
1034 3867 1083 3902 nen
1100 3854 1241 3920 habuissent

173 3926 258 3982 postca
274 3923 373 3970 clarabit
383 3921 482 3971 victoria
497 3922 527 3970 de
542 3923 626 3968 Perseo
637 3935 703 3980 rege.
723 3921 855 3982 legitimum
876 3921 1196 3976 nemorumnemorum,
1215 3919 1240 3968 itl

173 3988 389 4036 etMncedonibnt.
423 3988 480 4036 Ideo
498 3992 578 4035 sutem
595 3987 634 4034 hic
650 4001 691 4034 ro·
723 3992 769 4042 est,
781 3987 835 4048 plur
851 3991 918 4048 perte
934 3987 1032 4034 dimidia
1042 3986 1202 4032 centuriarum
1214 3984 1240 4032 iu

173 4057 243 4100 catur
259 4055 396 4113 proconsul,
408 4053 473 4112 quis,
490 4053 545 4100 licet
561 4057 647 4113 pretor
666 4053 692 4098 in
725 4050 836 4114 suffragia
854 4053 970 4098 cuntium.
1004 4051 1042 4098 Sic
1062 4051 1077 4096 l.
1097 4049 1144 4095 111.
1164 4063 1185 4095 c.
1201 4053 1242 4096 64.

174 4117 318 4178 Hispaniam
335 4119 454 4180 profectus
471 4125 543 4176 erret,
554 4125 582 4164 ut
598 4123 693 4165 contrat
726 4117 859 4166 ornum
870 4119 998 4178 explerent.

173 4198 202 4230 cx
214 4199 235 4230 o.
247 4191 271 4231 ἱ.
282 4183 299 4231 l.
310 4185 429 4232 XXXVI.
441 4198 521 4245 cupre,
530 4198 585 4230 cum
594 4184 692 4250 imperio
757 4189 788 4231 43
807 4179 889 4244 Isque]
899 4184 979 4246 Vulgo
991 4183 1013 4226 r'r
1024 4193 1120 4243 quoque.
1137 4177 1243 4224 Mutari-

172 4248 386 4298 tatncu'conruleri
401 4247 487 4296 mictu·
502 4252 692 4308 ett,ituutuoo
724 4261 778 4294 mus
795 4260 823 4295 ex
843 4245 906 4294 vict.
923 4243 1003 4294 codice
1023 4249 1049 4290 et
1071 4245 1174 4290 Andreae
1193 4243 1243 4290 edlu
1282 4273 1286 4278 -

173 4329 214 4362 tex
231 4315 502 4374 fuscoqrrddnodcoier
517 4311 692 4374 hebernum
725 4315 800 4360 tione.
1202 4331 1205 4340 ⁴

173 4381 303 4429 Plutarcho
316 4381 404 4438 incius
417 4380 476 4426 rita.
757 4384 788 4424 44
806 4378 906 4424 Flam
926 4375 1061 4432 mutanti
1080 4389 1106 4431 ee
1124 4383 1188 4420 onan
1203 4373 1242 4419 tn·
