3126 4978
443 181 536 244 Lm.
557 179 684 242 xxxv.
711 181 813 242 car.
834 180 931 241 xxv.
1148 187 1209 250 209
1303 133 1308 142 ¹

149 337 399 432 Hellespontum
413 365 485 412 curn
499 344 640 414 exercitu
656 343 801 414 traxisse
812 368 820 420 ς
843 351 892 410 etq
906 339 1033 414 AEtolos
1047 343 1090 408 ita
1103 363 1137 410 ae
1150 364 1204 430 pa·
1216 360 1249 410 υ.
1258 363 1286 410 c.
1297 365 1352 409 seo.

147 451 230 508 rare,
250 446 287 497 ut
309 432 368 496 sub
390 431 559 498 aduentum
581 431 647 498 e'us
673 432 705 495 in
730 431 826 502 armis
848 443 958 496 essent.
1005 429 1049 495 Et
1068 426 1284 496 Eumenis-0
1300 432 1365 478 ¹⁹2·

147 515 281 596 absenti,
297 533 328 583 et
347 521 495 603 praesenti
515 520 559 584 At
605 541 625 584 o
646 518 758 612 gratioe
779 529 876 582 aotoe:
898 529 930 582 et
947 515 1067 595 ”redes
1087 515 1206 596 liberm,

146 601 249 685 locus,
264 603 361 670 lautia
375 605 510 682 decreta,
526 616 558 670 et
579 624 711 670 munera
724 602 808 680 data,
824 603 897 690 equi
919 601 993 681 duo,
1008 602 1085 668 bina
1139 625 1208 670 ues-
1236 665 1238 670 ,
1306 597 1308 610 ’

148 688 209 752 tria
223 711 321 768 arma,
337 704 369 756 et
385 714 458 756 vasa
479 703 628 779 argentea
649 690 810 754 ⁷8cernam
833 688 950 775 pondo,
966 701 998 755 et
1019 707 1115 756 aurea
1163 689 1208 754 ri-

165 775 230 841 '‘nti
274 778 367 842 oudo.
792 823 797 828 ,

146 797 180 862 gl
191 861 227 926 X
268 863 325 930 1v.
348 861 458 940 Quum
472 863 525 928 alii
540 874 634 950 atque
647 861 701 927 alii
715 863 823 928 nuncii
837 861 956 928 bellum
970 861 1088 926 instare
1104 851 1222 928 adfer·'

148 961 231 1025 rent,
253 948 297 1013 'ad
319 971 385 1014 rem
406 949 566 1036 pertinere
586 949 689 1014 visum
710 961 766 1028 est,
789 947 933 1014 consules
948 948 1060 1096 Frimo
1081 967 1208 1035 quoque

147 1047 211 1100 tem
257 1057 290 1099 re
318 1037 430 1100 creari.
475 1035 589 1122 ltaque
617 1033 923 1101 senatusconsultum
961 1049 1065 1098 actum
1091 1045 1148 1114 est,
1172 1047 1208 1101 ut

147 1119 199 1185 M.
244 1120 345 1186 ulvius
369 1133 487 1209 praetor
509 1121 615 1187 literas
634 1121 794 1205 extemplo
815 1121 856 1186 ad
877 1119 1207 1200 consulemmitteret,

146 1207 262 1293 quibus
279 1208 395 1272 certior
413 1207 512 1285 fieret,
528 1207 649 1272 senatui
670 1208 805 1292 placere,
820 1207 984 1293 provincia
1004 1207 1208 1293 exercituque
1295 1261 1297 1266 .

146 1291 265 1359 tradito
286 1293 407 1380 legatis,
426 1295 563 1358 Romam
587 1293 699 1358 reverti
720 1316 803 1370 eum,
819 1306 851 1358 et
872 1315 912 1358 ex
934 1293 1047 1358 itinere
1065 1294 1208 1378 praemit·

146 1393 215 1451 tere
239 1378 388 1458 edictum,
415 1402 481 1468 quo
511 1379 640 1446 comitia
671 1379 851 1445 oonsulibus
880 1378 1025 1444 creandis
1060 1379 1207 1448 ediceret.
1217 1393 1330 1444 moltis.

148 1463 261 1531 Paruit
275 1465 324 1530 his
338 1466 436 1532 literis
451 1465 571 1541 consul,
587 1478 629 1542 et,
644 1466 809 1551 premisso
827 1464 940 1542 edicto,
959 1465 1096 1531 Romam
1112 1467 1206 1532 venit.

148 1550 201 1616 Eo
216 1575 342 1639 quoque
363 1574 448 1618 anno
470 1573 585 1639 magno
599 1550 731 1616 ambitio
751 1550 821 1627 fuit,
836 1551 921 1637 qood
944 1550 1069 1636 patricii
1088 1563 1153 1616 tres
1173 1553 1207 1618 in

144 1659 247 1704 unum
275 1637 382 1704 locum
409 1638 577 1724 petierunt,
605 1636 643 1702 P.
668 1635 837 1702 Cornelius
864 1637 925 1702 Cn.
953 1636 990 1701 F.
1014 1637 1130 1721 Scipio,
1175 1639 1209 1704 ui

144 1724 254 1812 priore
267 1746 353 1789 anno
367 1727 524 1809 repulsam
540 1723 664 1800 tulerat,
680 1735 711 1787 et
726 1723 765 1788 L.
783 1722 950 1788 Cornelius
966 1722 1084 1808 Scipio,
1099 1735 1132 1788 et
1146 1660 1207 1790 gn.

147 1809 292 1876 Manlius
310 1810 418 1876 Vulso.
465 1811 502 1876 P.
520 1809 672 1894 Scipioni,
688 1823 724 1874 ut
741 1807 875 1875 dilatum
895 1809 963 1874 viro
983 1808 1049 1887 tali,
1064 1829 1129 1874 non
1152 1829 1209 1874 ne·

145 1909 266 1982 gotum,
291 1896 445 1963 honorem
469 1895 645 1980 adpareret,
668 1895 850 1962 consulatus
871 1895 963 1960 datus
985 1908 1042 1960 est.
1063 1894 1212 1962 ndditurr

111 1983 115 1992 '
145 1982 232 2047 ei'de
250 1983 342 2070 plebe
356 1982 436 2048 colle
459 2006 488 2061 a,
505 1981 565 2048 Μ’.
583 1981 705 2046 Acilius
721 1979 867 2048 Glabrio'.
913 1981 1045 2048 Postero
1059 1980 1113 2047 die
1127 2004 1210 2068 prm·

146 2082 231 2134 tores
250 2069 416 2150 creati„L.
428 2005 580 2136 inminui
596 2067 737 2142 Paullus,
754 2067 805 2134 M.
820 2065 972 2132 AEmilius
988 2067 1142 2154 Lepidus,
1158 2067 1210 2136 M.

145 2154 264 2220 Junius
291 2155 423 2234 Brutus,
450 2157 491 2222 A.
508 2153 675 2220 Cornelius
699 2152 888 2230 Mammula,
906 2154 953 2219 Ὁ.
969 2154 1089 2232 Livius,
1112 2168 1145 2220 et
1168 2155 1210 2222 L.

148 2234 290 2326 Oppids;
315 2242 378 2308 utri
402 2263 442 2306 ue
456 2262 566 2306 eorum
583 2239 744 2306 Salinator
761 2260 938 2328 cognomen
960 2253 1037 2306 erat.
1083 2239 1211 2327 Oppius

145 2327 174 2392 is
195 2340 274 2406 erat,
295 2329 350 2414 qui
376 2264 505 2393 dlassem
530 2327 663 2427 triginta
687 2325 816 2390 navium
841 2326 874 2389 in
898 2324 1039 2392 Siciliam
1061 2325 1210 2396 duxerat.

104 2427 109 2442 ⁸
145 2413 280 2478 Interim
302 2415 380 2480 dum
405 2415 481 2480 novi
507 2425 707 2500 magrstratus
732 2413 921 2478 sortirentur
944 2413 1134 2496 provincias,
1158 2411 1210 2480 M.

147 2499 279 2565 Baebius
293 2523 312 2566 a
327 2499 499 2566 Brundisio
514 2521 587 2565 cum
601 2498 750 2564 omnibus
765 2499 863 2584 copiis
878 2498 1013 2563 transire
1027 2499 1061 2562 in
1074 2498 1210 2586 Epirum

145 2597 192 2650 est
216 2587 333 2672 jussus,
359 2599 391 2652 et
418 2587 503 2652 circa
528 2585 732 2671 Apolloniam
758 2586 865 2670 oopias
889 2583 1070 2650 continere:
1100 2599 1133 2652 et
1160 2585 1210 2650 M.

146 2671 261 2738 Fulvio
272 2673 414 2758 -preetori
435 2671 558 2738 urbano
578 2671 741 2760 negotium
762 2668 873 2736 datum
895 2684 954 2750 est,
971 2686 1006 2736 ut
1020 2671 1210 2760 quinquere-

146 2779 212 2824 mes
228 2780 324 2824 novas
361 2758 568 2846 uinquagintu
582 2761 708 2824 faceret.

190 2844 304 2912 XXV.
357 2857 371 2910 t
406 2844 520 2930 opulus
535 2843 664 2931 quidem
681 2843 846 2910 Romanus
867 2843 1014 2908 itasead
1030 2865 1209 2910 omnesco-

143 2942 239 2996 natus
268 2868 420 2998 Antiocdi
452 2930 663 3016 praeparabat.
717 2929 816 2994 Nabis
846 2929 913 3015 jam
949 2950 1013 2994 non
1043 2929 1355 3018 differebatmtnoy.

144 3015 276 3098 bellum,
298 3017 354 3082 sed
378 3039 504 3084 summa
526 3017 556 3081 vi
578 3013 735 3102 Gythium
758 3015 982 3102 obpugnabat3
1005 3029 1047 3094 et,
1068 3014 1295 3084 infensusttiue

144 3102 284 3183 Achaeis,
309 3104 396 3190 quod
427 3104 574 3169 miserant
599 3103 732 3167 obsessis
757 3102 949 3190 praesidium,
976 3123 1077 3186 agros
1096 3086 1348 3170 eorum⁰bl¹¹⁸¹¹¹⁸tv

144 3191 296 3256 vastabat.
341 3189 464 3266 Achaei,
489 3211 555 3254 nou
576 3202 669 3254 antea
689 3189 757 3254 ausi
778 3210 938 3274 capessere
958 3187 1089 3266 bellum,
1112 3211 1207 3277 quam
1217 3210 1299 3259 cenet
1311 3211 1360 3258 tet-

144 3275 189 3342 ab
204 3275 309 3342 Roma
328 3275 526 3340 revertissent
542 3275 656 3364 legati,
671 3288 718 3354 ut,
734 3274 813 3362 'quid
833 3277 955 3341 senatui
976 3274 1125 3360 placeret,
1148 3275 1267 3355 soi-¹um
1280 3277 1305 3323 ³¹¹
1316 3291 1372 3326 ‘¹¹¹²

144 3375 230 3443 rent,
243 3375 315 3448 post
337 3359 474 3430 reditum
495 3361 671 3442 legatorum
687 3373 719 3424 et
736 3361 905 3448 Sicyonem
928 3361 1099 3426 concilium
1120 3343 1356 3430 &ix-omnum.

143 3461 251 3525 erunt,
264 3463 295 3514 et
317 3448 437 3534 legatos
456 3445 498 3512 ad
513 3445 556 3512 T.
571 3446 759 3523 Quinctium
784 3448 947 3526 miserunt,
965 3447 1020 3533 qui
1042 3449 1210 3516 consilium

143 3536 185 3596 ab
206 3557 245 3598 eo
264 3539 427 3621 peterent.'
464 3534 502 3598 In
522 3533 658 3598 concilio
679 3534 822 3600 omnium
844 3532 886 3598 sd
907 3533 1026 3599 bellum
1048 3537 1210 3623 extemplo

143 3620 372 3706 capessendum
391 3619 551 3684 inclinatae
573 3619 736 3684 seutenti'ae
757 3631 864 3684 erant:
887 3619 988 3685 literae
1006 3619 1046 3686 T.
1064 3621 1210 3699 Quinctii

143 3707 378 3774 mactationem
394 3707 581 3793 injecerunt,
595 3705 711 3792 quibus
730 3719 841 3772 auctor
855 3717 924 3772 erat
945 3720 1115 3791 praetorem
1130 3713 1210 3778 olas·

142 3811 272 3878 semque
297 3794 475 3858 Romanam
498 3791 712 3878 exspectandi.
758 3791 869 3868 Quum
895 3793 1151 3880 principum-alii
1175 3799 1209 3861 in

143 3879 299 3962 sententia
318 3891 557 3964 permanerent3
580 3879 630 3942 alil
645 3877 800 3943 utendum
816 3880 893 3964 ejus,
910 3902 1003 3964 quem
1019 3881 1081 3968 ipsi
1095 3904 1209 3949 consu·

142 3963 282 4043 luissent,
310 3965 442 4031 consilio
467 3976 646 4040 censerent3
673 3963 844 4030 multitudo
870 3964 1118 4051 Philopoemenis
1137 3991 1208 4034 sen·

410 4105 458 4150 tet
466 4101 512 4150 del.
524 4101 592 4150 crav-
657 4099 775 4148 'additur
786 4102 860 4148 Groo.
873 4101 940 4150 Creu.

176 4237 208 4280 77
223 4229 301 4280 AEder
310 4230 401 4291 roera,
410 4227 486 4296 locas]
501 4230 557 4296 mo.
568 4237 619 4280 cot.
630 4231 660 4280 ad
691 4231 791 4280 modom
805 4237 860 4279 156.
871 4245 925 4279 cunr
936 4233 1013 4279 unciis
1025 4239 1049 4280 2.
1144 4287 1145 4292 ¹

143 4295 286 4346 ime.
302 4301 340 4346 17.
725 4303 756 4346 79
777 4297 878 4358 Viginti·
895 4295 986 4362 pondo]
1011 4298 1145 4346 Marsorum
1166 4299 1208 4342 ³1.

174 4367 204 4410 78
224 4361 328 4409 Centum
343 4355 659 4425 pmdr1Marcarnmnos·
692 4362 870 4419 eumunctns.
985 4425 989 4432 ¹

185 4443 257 4488 Vol..
273 4444 329 4488 111.
732 4446 752 4488 P
