3104 4976
450 167 931 238 n1nxxx1ucunn11.
1081 237 1083 246 J
1158 179 1222 240 aar
1326 171 1329 176 ’

154 309 256 404 abire.
300 333 444 406 Quorum
469 343 584 418 'agmen
600 333 779 420 'imperator
799 344 934 412 secutus,
955 335 1218 420 prosequentibus
1229 353 1258 402 u.
1271 355 1300 403 c.
1309 361 1365 410 ssa.
1423 299 1427 312 Β

153 417 291 500 cunctis,
304 432 495 488 servatorem
516 420 781 506 liberatoremque
801 419 1062 498 adclamantibus,
1077 419 1218 489 salutatis
1225 421 1257 530 2·
1269 421 1299 466 0·
1311 427 1365 496 1³34·

152 505 353 591 dimissisque
381 507 435 583 eis,
465 507 586 584 eadem,
613 531 677 594 qua
701 519 842 588 venerat,
868 506 919 570 via
949 505 1084 573 Elatiam
1113 497 1372 605 rediitffiffffffis

153 589 324 659 indecem
346 593 494 661 omnibus
516 589 614 678 copiis
636 594 701 678 Ap.
722 593 890 659 Claudium
913 593 1052 682 legatum
1074 592 1363 672 dimittitemetne-
1388 645 1393 666 ,
1501 679 1503 686 Ι

147 699 213 760 per
228 677 432 756 ,Thessaliam
453 692 547 766 atque
563 679 698 764 Epirum
719 679 834 766 ducere
852 678 985 744 Oricum
1002 679 1106 765 jubet,
1120 679 1320 768 atqueffleffiu
1332 679 1361 727 ¹⁵⁴

153 763 199 839 ibi
213 787 247 831 se
267 764 418 850 opperiri.
440 766 516 833 inde
542 787 678 850 namque
699 766 733 832 in
757 765 865 834 animo
886 787 962 842 esse,
986 766 1160 834 exercitum
1182 743 1319 838 inm·

153 849 279 916 Italiam
299 851 455 936 trajicere.
477 865 510 918 et
530 851 573 918 L.
590 851 741 930 Quinctio
761 850 861 929 fratri,
883 851 988 940 legato
1010 865 1042 918 et
1065 853 1216 938 praefecto

147 936 268 1087 ‘²le
284 937 403 1016 scribit,
419 949 455 1004 ut
468 937 628 1006 onerarias
642 937 783 1006 exomni
798 937 937 1006 Gracina
948 960 1005 1003 ora
1015 939 1127 1005 eodem
1138 961 1215 1008 con-

153 1035 202 1088 tra
226 1035 305 1090 eret.

196 1111 258 1177 lala
273 1109 356 1193 lpse,
380 1107 566 1177 Chalcidem
584 1107 760 1196 profectus,
773 1109 917 1178 deductis
939 1131 1003 1182 non
1025 1133 1045 1174 a
1061 1109 1215 1178 Chalcide

150 1197 264 1274 solum,
281 1195 444 1262 sedetiam
460 1196 501 1264 ab
517 1195 604 1265 Oreo
626 1206 722 1284 atque
745 1195 880 1274 Eretria,
896 1196 1061 1282 praesidiis,
1076 1219 1213 1264 conven-

150 1293 219 1348 tum
232 1281 278 1346 ibi
295 1281 511 1352 Euboicarum
529 1281 702 1352 civitatium
721 1281 853 1350 babuit:
877 1283 1165 1372 commonitosque,
1176 1285 1213 1349 in

150 1383 217 1454 quo
230 1381 313 1435 statu
327 1390 439 1437 rerum
460 1369 629 1453 accepisset
642 1392 706 1445 eos,
722 1369 800 1434 etin
816 1391 879 1454 quo
902 1369 1104 1455 relinqueret,
1118 1369 1213 1438 dimi·

150 1455 200 1519 sit.
246 1453 481 1522 Demetriadem
499 1449 575 1520 iride
588 1454 815 1540 proficiscitur:
838 1453 1040 1541 deductoque
1061 1457 1213 1542 praesidio

149 1563 243 1626 prose
266 1540 411 1608 uentibus
433 1541 565 1618 cunctis,
589 1541 670 1610 sicut
697 1540 844 1607 Corinthi
864 1555 898 1608 et
919 1541 1081 1619 Chalcide,
1107 1543 1212 1630 pergit

150 1631 197 1696 ire
212 1627 246 1694 in
292 1626 474 1694 hassaliam:
497 1626 553 1692 ubi
567 1649 633 1698 non
651 1627 822 1705 liberandae
844 1627 940 1694 modo
954 1627 1096 1697 ciuitates
1110 1643 1212 1710 erant,

148 1713 206 1778 sed
220 1735 258 1778 ex
279 1715 367 1781 omni
386 1713 575 1782 conluvione
596 1728 629 1778 et
648 1711 832 1780 confusione
854 1713 887 1778 in
909 1713 1047 1801 aliquam
1062 1714 1211 1780 tolerabi·
1268 1715 1273 1730 '

150 1798 213 1864 lem
227 1798 361 1864 formam
376 1799 442 1864 redi
465 1801 566 1865 endec.
611 1799 679 1866 Nec
698 1801 781 1864 enim
803 1813 983 1884 temporum
1006 1801 1103 1866 modo
1116 1800 1211 1877 vitiis,

150 1907 192 1986 ac
212 1886 373 1988 violentia,
396 1897 429 1952 et
442 1824 577 1988 iicentia
600 1886 694 1988 regia⁸
712 1885 832 1988 turbati
857 1900 965 1952 erant:
988 1886 1044 1952 sed
1069 1887 1212 1972 inquieto

149 1985 269 2040 etiamr
316 1994 390 2038 ento
410 1985 524 2056 genus,
541 1995 598 2038 nec
612 1985 750 2052 comrtra,
766 1994 824 2038 nec
844 1989 1046 2050 conventum,
1062 1994 1122 2038 nec
1134 1995 1212 2038 con-

149 2057 258 2122 cilium
273 2081 294 2124 u
321 2079 385 2140 um,
400 2080 465 2124 non
487 2082 545 2145 per
566 2059 753 2125 seditionem
767 2081 805 2124 ae
820 2059 1002 2139 tumultum,
1013 2061 1080 2145 jam
1103 2059 1178 2124 inde
1192 2084 1212 2124 a
1229 2054 1232 2064 '

148 2144 308 2231 principio
321 2146 362 2210 ad
382 2158 523 2210 nostram
546 2168 645 2245 usque
666 2158 803 2224 aetatem,
819 2145 1029 2211 traducentes.
1071 2149 1102 2211 A
1116 2167 1212 2212 censu

149 2231 288 2296 maxime
313 2244 345 2298 et
366 2243 512 2298 senatum
533 2245 565 2296 et
584 2233 708 2318 judices
729 2233 825 2320 legit:
848 2233 1124 2319 potentioremque
1142 2255 1212 2298 eam

147 2331 272 2403 partem
287 2318 461 2384 civitatium
479 2318 562 2398 fecit,
579 2319 630 2384 cui
652 2318 739 2384 salva
760 2319 992 2406 tranquillaque
1013 2320 1122 2384 omnia
1144 2343 1211 2406 ma·

147 2405 198 2494 gis
213 2427 280 2470 esse
294 2405 492 2492 expediebat.

191 2489 267 2557 Lll.
291 2489 342 2556 Ita
378 2513 454 2556 uum
470 2492 695 2577 percensuisset
707 2489 913 2570 Thessaliam,
925 2513 983 2576 per
995 2487 1131 2577 Epirum
1146 2489 1211 2557 ⁷⁷in

141 2575 295 2656 Oricum,
311 2514 398 2642 unde
411 2592 480 2644 erat
493 2579 691 2664 trajecturns,
706 2579 803 2644 venit.
847 2579 901 2643 Ab
912 2578 1012 2644 Orico
1027 2577 1128 2664 oopioe
1143 2600 1212 2643 om-

148 2683 204 2728 nes
226 2663 434 2730 Brundisium
459 2677 691 2750 transportasse.
718 2665 795 2729 inde
816 2684 872 2749 per
898 2677 997 2730 totam
1022 2665 1147 2729 ltaliam
1170 2665 1212 2730 ad

145 2749 258 2816 urbem
273 2771 373 2836 prope
388 2751 628 2837 triumphantes,
642 2773 708 2816 non
729 2751 852 2816 minore
867 2751 998 2838 agmine
1008 2772 1114 2816 rerum
1128 2772 1213 2837 cap·

145 2848 262 2914 tarum,
285 2859 381 2922 quam
404 2860 471 2915 suo,
492 2859 561 2923 prae
582 2861 616 2905 se
634 2851 719 2915 acto,
734 2851 898 2902 venerunt.
918 2846 922 2853 '
944 2835 1115 2922 Postquam
1140 2835 1210 2902 Ro-

144 2943 230 2987 mam
245 2937 374 2988 ventum
391 2937 448 3000 est,
458 2938 591 2988 senatus
606 2937 703 2989 extra
724 2922 836 2987 urbem
850 2921 1004 2996 Quinctio
1018 2922 1061 2986 'ad
1075 2945 1124 2988 res
1138 2944 1209 3010 ges·

145 3020 193 3074 tas
206 3007 422 3076 edisserendas
437 3007 529 3074 datus
550 3023 607 3088 est,
622 3009 865 3095 triumphusque
887 3007 1020 3074 meritus
1042 3009 1083 3074 ab
1097 3007 1210 3074 luben·

146 3094 231 3160 tibus
251 3097 405 3164 decretus.
449 3093 609 3164 Triduum
632 3093 860 3181 triumphavit.
892 3094 945 3162 die
996 3094 1079 3160 rimo
1108 3111 1327 3174 armametres

145 3181 219 3258 tela,
234 3182 387 3271 signaque
409 3202 492 3248 aerea
513 3195 545 3250 et
566 3203 743 3248 mannorea
764 3181 936 3260 transtulit,
951 3117 1044 3267 piura
1059 3181 1166 3270 Philip
1218 3179 1362 3241 triumphus.

144 3267 281 3346 ademta,
305 3267 437 3356 ⁷⁸,quam
459 3292 533 3356 quoe
557 3291 597 3334 ex
623 3268 801 3336 civitatibus
824 3281 968 3354 ceperat:
992 3269 1132 3334 secundo
1156 3204 1210 3334 diii
1321 3297 1328 3302 .

143 3376 257 3424 aurum
272 3370 515 3444 argentumque,
529 3354 648 3420 factum
666 3353 815 3422 infectum
838 3378 878 3420 ue
891 3367 924 3420 et
937 3353 962 3418 si
987 3367 1109 3421 natum.
1153 3353 1210 3422 In-

143 3439 218 3506 seoti
230 3442 388 3531 ⁷⁹argenti
407 3441 467 3507 fuit
487 3441 596 3506 decem
619 3453 651 3506 et
671 3455 745 3508 octo
767 3378 867 3506 miliia
886 3461 950 3524 pon
976 3463 1006 3519 o,
1022 3453 1054 3508 et
1072 3441 1209 3507 ducenta

143 3529 344 3618 septuaginta
357 3527 458 3594 ‘iactis
481 3550 555 3594 vasa
573 3528 796 3604 multaomnis
818 3526 951 3616 generis,
974 3525 1085 3594 coelata
1104 3527 1209 3614 plera-

143 3637 216 3701 que,
232 3614 380 3698 quadam
396 3614 525 3682 exhniae
540 3615 632 3682 artis:
654 3627 742 3683 etex
765 3637 830 3680 aere
852 3612 950 3680 multa
963 3613 1144 3688 fabrefacta.
1166 3615 1209 3680 ad

143 3699 204 3768 hoc
218 3701 322 3788 clipea
334 3714 488 3790 argentea
500 3701 620 3768 decem.
666 3702 790 3792 Signati
812 3701 935 3790 argenti
952 3701 1116 3790 octoginta
1129 3724 1208 3788 que-

178 3968 208 4012 77
226 3961 260 4010 12·
281 3957 390 4024 mtrem]
418 3961 490 4012 uota
512 3959 659 4022 praepcsitio'-
692 3959 934 4020 cratauptwgr'ntc.
968 3960 1208 4018 Parrumsanepon-

146 4040 214 4074 nem:
231 4032 352 4088 utsupra,
362 4027 446 4074 dame
459 4026 565 4074 Ονὲωηι
587 4025 660 4074 Sico-
692 4025 752 4084 dus3
770 4021 870 4072 nimium
885 4025 994 4082 fortune,
1005 4024 1025 4070 si
1038 4021 1109 4074 addes
1119 4024 1207 4090 milita.

149 4101 220 4141 urus.
516 4111 519 4116 Α
693 4089 729 4138 Ut
747 4093 776 4136 ut
794 4090 836 4148 sit,
858 4089 923 4136 libre
943 4091 1056 4139 Musaue
1076 4094 1131 4137 aro.
1150 4092 1207 4132 runt

179 4158 408 4220 'tamquam
419 4151 570 4218 deitatibu]
589 4155 660 4204 Delet
675 4165 678 4176 ·
692 4169 776 4202 marce
795 4159 913 4202 nostrates
931 4160 987 4202 ⁴21.
1012 4168 1065 4203 cum
1087 4150 1164 4198 unciis
1184 4157 1206 4198 7.

147 4218 392 4282 ‹iqrraefflcrtoriaa
692 4221 770 4268 Libras
789 4221 903 4270 &manse
923 4226 1028 4270 270000.
1047 4221 1104 4266 runt
1122 4227 1208 4261 marea

179 4291 210 4336 79
226 4290 331 4350 Argeata
344 4323 351 4338 .
363 4320 371 4336 .
383 4321 390 4336 .
401 4288 511 4336 deremet
521 4294 572 4334 octo
583 4286 662 4334 muta
694 4291 800 4334 catara.

142 4352 231 4416 pondo]
251 4356 338 4402 Marce
356 4358 474 4404 noturus
494 4359 584 4400 attat.
607 4353 662 4400 Du·

188 4436 265 4482 VOL.
282 4439 335 4482 111.
754 4432 776 4474 N
