3042 4954
340 159 375 224 rs
524 152 527 176 1
601 139 637 178 '·
717 125 998 212 r1r'1t1v11

165 332 317 380 110111.
342 337 411 380 aum
424 337 597 401 nomenque,
612 316 694 380 lruud
708 316 806 382 minus
839 337 911 380 uam
925 315 1222 394 &aerumnabile
1242 316 1320 382 bello
1338 338 1405 382 sess·
1519 358 1521 369 ·

178 400 210 447 Ᾰ·
221 399 250 446 ⁰·
261 403 319 446 ²⁰⁰·
344 403 437 468 datia
482 403 532 467 Ita
544 401 674 468 dimisso
688 399 805 490 legato,
819 337 1000 489 l‘bilippus,
1015 424 1094 468 auro
1108 415 1314 490 argentoque,
1330 423 1406 489 quse
1509 437 1513 472 ι

343 500 526 556 coacervata
545 503 646 565 erant,
662 503 803 574 accepto,
821 487 987 555 bominum
1008 488 1151 576 praedam
1176 511 1304 554 omnem
1325 489 1405 554 ami-

179 588 325 648 Atyuentse
344 577 393 641 sit.
417 588 503 638 tanta
528 575 612 640 enim
638 574 739 639 rabies
764 575 999 648 multitudinem
1028 576 1151 654 invasit,
1178 575 1204 614 ⁸²
1216 587 1252 640 ut
1274 589 1407 661 repente

179 654 308 766 parternu-
343 661 487 747 proditos
507 663 578 740 rati,
604 662 660 747 qui
679 674 856 746 pugnantes
881 677 1015 728 mortem
1039 662 1276 743 obcubuissent‚
1298 663 1406 749 perju-
1509 674 1518 736 ',

196 733 246 766 ‘⁰'
343 749 489 835 riumque
517 748 585 814 aliis
613 748 666 812 alii
695 747 931 832 exprobrantes,
958 764 990 816 et
1011 748 1226 814 sacerdotibus
1252 749 1406 826 maxime,
1518 810 1521 817 .

341 836 407 922 qui,
445 857 503 899 uos
517 835 559 900 ad
582 847 715 900 mortem
737 834 945 912 devovissent,
961 843 1071 901 eorum'
1095 835 1288 902 deditionem
1313 836 1405 900 vivo·
1508 874 1520 912 2.

335 943 415 988 rum
460 922 524 986 usti
552 920 708 1000 fecissent,
734 933 863 1006 repente
887 944 997 987 omnes
1021 922 1061 988 ad
1087 922 1206 988 caedem
1231 923 1325 1008 conju
1351 941 1406 986 um
1508 941 1516 987 ..¹

342 1008 578 1094 liberorumque
596 1008 821 1085 discurrerent,
836 1029 932 1095 seque
953 1009 1013 1094 ipsi
1032 1031 1089 1094 per
1111 1029 1219 1074 omnes
1241 1009 1306 1074 vias
1326 945 1408 1074 lethi

341 1093 565 1160 interficerent.
610 1093 856 1179 Obstupefactus
870 1118 908 1159 eo
918 1094 1026 1161 surore
1039 1118 1106 1172 rex,
1122 1094 1296 1180 subpressit
1315 1094 1408 1179 inpe-
1508 1137 1512 1176 :

341 1194 412 1246 tum
435 1181 590 1247 militum:
613 1197 655 1258 et,
673 1182 803 1246 triduam
822 1203 855 1246 se
876 1184 918 1246 od
938 1184 1122 1247 moriendum
1144 1182 1298 1266 Abydenis
1318 1181 1408 1262 dore,

340 1267 439 1334 dixit.
462 1269 537 1338 Quo
550 1270 653 1352 spatio
664 1266 761 1353 plura
775 1265 916 1334 facinora
929 1268 962 1332 in
977 1291 1011 1334 se
1025 1269 1099 1334 victi
1114 1268 1292 1346 ediderunt,
1306 1287 1406 1354 quam
1509 1327 1519 1354 ·.

344 1353 450 1420 infesti
471 1353 646 1421 edidissent
668 1355 819 1419 victoresr
841 1377 911 1432 nec,
929 1356 990 1420 nisi
1011 1377 1105 1442 quern
1128 1354 1255 1421 vincula
1274 1366 1330 1420 aut
1343 1355 1414 1419 alis
1510 1379 1518 1424 r

308 1435 309 1442 '
337 1442 512 1508 necessitas
541 1441 622 1506 mori
650 1437 824 1526 prohibuit,
873 1442 1016 1528 uisquam
1040 1442 1129 1506 vivus
1154 1441 1188 1505 in
1217 1453 1407 1527 potestatem

344 1528 440 1593 venit.
487 1527 664 1613 Philippus,
680 1527 817 1611 inposito
831 1529 860 1594 A
881 1528 937 1614 ydi
951 1528 1111 1613 praesidio,
1128 1529 1160 1592 in
1183 1549 1317 1616 regnum
1329 1527 1409 1592 red·
1507 1583 1519 1620 η.

344 1616 392 1680 iit.
438 1613 560 1695 Quum,
584 1613 672 1678 velut
695 1613 829 1700 Sagunti
854 1615 1016 1679 excidium
1043 1613 1233 1694 Hannibali,
1258 1615 1303 1678 sic
1330 1614 1407 1680 Phi-

344 1699 434 1786 lippo
450 1699 680 1786 Abydenorum
696 1699 800 1764 clades
823 1700 864 1765 ad
882 1702 1063 1766 Romanurn
1077 1700 1194 1767 bellom
1218 1702 1340 1766 animos
1359 1702 1409 1764 fe·
1439 1752 1446 1764 .
1507 1695 1519 1775 ζ

344 1789 446 1865 cisset,
462 1787 571 1851 nuncii
593 1786 814 1864 obcurrerunt,
829 1790 990 1852 consulem
1012 1789 1078 1873 jam
1102 1787 1134 1852 in
1158 1787 1261 1872 Epiro
1282 1809 1359 1867 esse,
1374 1801 1410 1852 et

341 1872 547 2026 ffissqniam
563 1884 724 1938 terrestres
748 1874 865 1958 copias,
881 1874 1005 1939 navales
1022 1873 1195 1960 Corcyram
1218 1876 1251 1938 in
1273 1873 1410 1939 hiberna
1520 1946 1521 1965 χ

411 1982 524 2024 uxrsse.
583 2009 585 2012 -
800 1989 803 1996 ·
1232 1998 1234 2006 ,

179 2047 336 2126 Patim-
389 2046 490 2113 XIX.
512 2049 599 2112 later
620 2047 690 2112 baec
711 2047 832 2135 legatis,
875 2051 908 2114 ui
934 2051 965 2114 in
990 2049 1130 2114 Africam
1147 2049 1230 2114 missi
1254 2060 1344 2114 erant
1365 2047 1410 2112 de
1512 2107 1514 2115 .

178 2126 204 2159 ¹¹¹
217 2113 305 2162 ΝΜ
340 2133 534 2199 'Hamilcare
549 2133 667 2199 Gallici
681 2137 839 2201 exercitus
854 2072 948 2214 lluce,
964 2157 1149 2222 responsum
1164 2160 1184 2201 a
1200 2134 1411 2222 Karthagini·
1508 2124 1517 2215 ζ

344 2222 472 2286 ensibus
487 2235 545 2298 est,
559 2221 640 2285 nibil
656 2222 786 2286 ultrase
806 2223 909 2288 facere
929 2245 1033 2309 posse,
1048 2245 1143 2307 quam
1157 2235 1194 2287 ut
1207 2221 1318 2286 exsilio
1331 2241 1408 2287 eum
1509 2281 1520 2313 ,ἱ

343 2307 526 2386 multarent,
535 2307 682 2395 bonaque
696 2310 763 2394 ejus
777 2309 986 2396 publicarent.
1032 2308 1185 2394 Perfugas
1199 2322 1232 2374 et
1244 2307 1406 2394 fugitivos,
1509 2373 1520 2388 ,,

343 2417 423 2482 quos
438 2395 629 2484 inquirendo
643 2396 797 2482 vestigare
819 2397 991 2480 potuerint,
1002 2396 1193 2460 reddidisse:
1217 2406 1248 2460 et
1262 2394 1302 2459 de
1317 2418 1355 2458 es
1371 2417 1408 2459 re
1508 2392 1520 2473 J„

343 2482 494 2546 missuros
508 2481 630 2569 legatos
647 2482 795 2558 Romam,
812 2483 867 2583 qui
889 2483 1012 2547 senatui
1034 2481 1257 2548 satisfacerent.
1301 2480 1410 2556 86Du·
1509 2475 1520 2502 '¹

343 2581 435 2634 centa
450 2568 547 2633 millia
568 2568 714 2633 moditlm
725 2568 833 2634 'triticr
856 2569 1003 2646 Romam,
1020 2570 1155 2633 ducenta
1175 2567 1218 2632 ad
1231 2569 1408 2634 exercitum
1510 2631 1518 2645 ,

342 2656 375 2720 in
404 2654 629 2721 Macedoniam
653 2655 815 2720 miserunt.
861 2655 942 2720 lnde
957 2656 990 2719 in
1016 2654 1199 2720 Numidiam
1214 2654 1241 2694 ⁸⁴
1251 2655 1292 2720 ad
1316 2677 1409 2738 reges

365 2740 474 2806 rofecti
501 2741 607 2828 legati.
638 2741 723 2806 dona
750 2741 827 2807 data
856 2741 1047 2818 Masinissae,
1070 2741 1281 2828 mandataque
1309 2741 1408 2806 edita.
1519 2795 1520 2802 ,

341 2764 477 2914 &quites
492 2827 578 2893 mille
594 2828 744 2893 Numidae
760 2833 871 2914 (quum
888 2830 954 2894 duo
969 2827 1067 2894 millia
1081 2829 1185 2910 daret)
1198 2830 1329 2913 accepti.
1339 2827 1410 2912 ipse

341 2915 375 2980 in
391 2937 486 2980 naves
502 2914 700 2999 imponendos
714 2916 857 2980 curavit:
881 2931 913 2980 et
928 2937 1001 2980 cum
1016 2916 1160 2980 ducentis
1183 2914 1321 2980 millibus
1336 2937 1408 2980 mo·
1516 2963 1519 2980 .

341 2998 433 3066 ditm
450 3002 556 3077 tritici,
573 3002 716 3066 ducentis
730 3001 853 3078 hordei,
867 3003 898 3065 in
917 3001 1139 3066 Macedoniam
1156 3003 1248 3066 misit.
1294 3001 1408 3066 Tertia
1518 3019 1519 3026 ’

342 3088 459 3176 legatio
473 3088 513 3152 ad
531 3087 714 3152 Verminam
735 3099 812 3152 erat.
857 3087 900 3165 Is,
917 3087 957 3152 ad
974 3089 1094 3172 primos
1116 3087 1195 3152 fines
1214 3088 1305 3175 regni
1319 3087 1408 3174 lega·

341 3175 382 3240 tis
396 3174 523 3240 obviam
538 3195 734 3259 progressus,
758 3187 792 3238 ut
806 3173 980 3242 scriberent
995 3173 1065 3256 ipsi,
1081 3197 1159 3261 quas
1173 3174 1301 3256 vellent,
1317 3175 1408 3260 pacis

340 3261 548 3337 conditiones,
578 3260 731 3344 permisit.
776 3262 913 3325 Omnem
943 3282 1052 3345 paoem
1083 3261 1200 3326 bonam
1225 3261 1411 3347 justamque

340 3345 409 3412 fore
424 3346 484 3411 sibi
500 3367 571 3410 cum
587 3346 708 3430 populo
726 3348 883 3411 Romano.
922 3347 1018 3413 Datae
1033 3347 1117 3436 leges
1132 3347 1228 3433 pacis,
1236 3349 1410 3436 jussusque

341 3434 467 3499 adeam
483 3432 733 3498 confirmandam
750 3433 874 3498 mittere
889 3434 1009 3520 legatos
1026 3433 1174 3500 Romam.
1244 3509 1250 3521 „

180 3533 283 3580 tanaro
293 3545 323 3578 ex
387 3519 470 3584 XX.
496 3518 560 3583 Per
573 3519 655 3584 idem
667 3534 790 3606 tempus
806 3519 843 3584 L.
855 3520 1025 3587 Cornelius
1041 3520 1264 3604 Lentuluspro
1278 3519 1411 3586 consule

181 3597 301 3710 ΗΞῬΨ
342 3629 383 3670 ex
400 3605 559 3692 Hispania
574 3605 677 3671 rediit.
693 3608 748 3694 qui
770 3629 867 3694 quum
893 3609 924 3670 in
941 3621 1053 3672 senatu
1071 3630 1120 3670 res
1142 3605 1183 3670 ab
1204 3629 1237 3670 se
1253 3627 1308 3688 per
1323 3606 1409 3670 mul·

119 3764 121 3776 .
178 3675 392 3778 {alffius
415 3714 515 3758 aonrrs
536 3691 661 3757 fortiter
682 3691 1001 3780 feliciterquegestas
1026 3693 1230 3780 exposuisset,
1251 3692 1412 3778 postulas-

179 3799 221 3845 sio.
342 3791 462 3866 setque,
478 3795 513 3844 nt
528 3778 735 3864 triumphanti
750 3781 809 3844 sibi
822 3781 930 3850 invehi
946 3781 1054 3846 liceret
1075 3782 1108 3845 in
1133 3781 1263 3855 urbem3
1287 3802 1335 3843 res
1351 3781 1408 3844 trs'-

339 3947 418 3995 prsrse
436 3934 577 3994 scriptorum
594 3940 619 3981 et
633 3937 789 3983 vetustiorum
805 3938 854 3984 edi·
891 3941 994 3986 184186.
1016 3939 1075 3995 sire,
1096 3950 1156 3996 qnos
1176 3949 1287 3984 roosmns
1304 3936 1406 3996 septim

339 4004 418 4046 torum
431 3999 538 4057 10011001,
547 4008 571 4046 et
582 4031 588 4044 .
601 4031 608 4045 .
621 4033 628 4047 .
640 4003 757 4050 sentietis.
890 4009 977 4052 18817.
1396 4033 1398 4040 ·

373 4071 404 4111 88
424 4065 456 4112 Ur
471 4073 566 4126 repente
583 4067 687 4127 proditos
700 4070 751 4114 rats'
761 4099 768 4112 .
780 4100 787 4114 .
801 4082 854 4115 .re·
920 4073 951 4114 8⁴
967 4069 1011 4115 Au
1026 4064 1106 4130 reges]
1125 4067 1275 4114 Masinissam
1298 4069 1323 4111 et
1344 4066 1406 4113 Ver·

336 4137 408 4192 pente
431 4129 522 4195 sesses]
545 4132 599 4178 Vox
618 4140 713 4193 repente
739 4135 853 4180 alterutro
886 4133 986 4190 minam,
1005 4135 1045 4193 qui
1063 4134 1125 4179 infrs
1141 4132 1302 4180 nominantur.
1336 4131 1406 4180 Ceta-

339 4199 393 4245 1000
405 4203 482 4244 rscst.
887 4212 939 4244 rum
952 4198 1043 4260 sigonii
1055 4199 1123 4256 liber,
1135 4206 1160 4246 et
1179 4203 1261 4245 noster
1271 4194 1361 4244 Victor.
1375 4199 1410 4244 od

371 4268 402 4310 88
420 4263 533 4311 Ducenta
558 4264 637 4309 saillis
661 4259 776 4326 modium]
798 4264 852 4310 Mo·
885 4277 976 4323 regem,
989 4264 1156 4313 utMssinisss
1172 4264 1235 4312 solus
1250 4261 1407 4324 intelligide·

338 4327 389 4374 dios
412 4334 529 4376 nostrates
552 4328 692 4376 l‘srisienses
711 4329 783 4388 paulo
800 4329 853 4389 plns
886 4328 947 4374 best.
