3082 4976
439 140 533 200 ιιι.
562 137 630 198 ιιι..
657 139 760 198 cae.
788 135 906 197 xxvi.
1114 217 1116 224 y
1148 143 1208 204 ur

137 303 164 369 si
188 313 273 367 sunt.
319 303 452 368 Summa
467 303 497 365 vi
510 302 670 367 ⁸'totum‘
683 299 769 366 diem
792 287 1030 394 obpugnarent,
1045 301 1090 365 ita
1111 311 1147 365 ut
1168 311 1358 366 neudum

138 388 291 454 efferendi
314 389 442 474 quidem
464 389 555 475 signa
582 389 733 452 Romanis
751 389 900 472 spatium,
919 410 976 452 nec
990 387 1031 453 ad
1044 377 1291 488 explicas-33⁰3
1303 383 1370 488 ¹⁰22·

138 476 214 540 dam
231 477 331 539 aciem
345 475 434 540 locus
449 485 538 540 esset.
583 473 728 540 Conferti
748 474 781 536 in
797 474 908 558 portis,
925 474 1084 538 obstando
1098 476 1209 560 magis,
1220 456 1366 567 wpdsgu.

140 583 236 648 quam
267 561 453 649 pugnando,
484 573 588 626 castra
617 560 816 642 tutabantur.
862 560 930 625 Sub
961 581 1107 624 occasum
1137 561 1369 650 solis‘suusamt-

140 669 249 735 quum¹
266 649 468 712 recessissent
492 647 609 724 hostes,
634 646 715 710 duos
740 647 861 732 equites
882 645 959 710 ⁸³ad
980 646 1045 712 Cn.
1063 646 1212 712 Baebium
1221 639 1248 685 ¹¹¹
1258 641 1343 685 ΜΝ·

140 735 366 820 proconsulem
385 755 458 800 cum
475 733 573 799 literis
590 733 678 797 Pisas
693 731 801 809 mittit,
819 745 864 809 ut,
875 731 1003 796 obsesso
1018 733 1077 797 sibi
1092 755 1150 819 per
1164 736 1213 798 in-

141 821 253 886 ducias
276 823 512 908 quamprimum
540 818 691 883 subsidio·
706 820 836 883 veniret.
882 819 1012 884 Baebius
1037 820 1215 884 exercitum

142 907 196 973 M.
211 907 343 972 Pinario
357 907 499 994 praetori,
511 905 600 984 eupti
612 907 643 969 in
663 905 853 980 Sardiniam,
866 906 1050 970 tradiderat.
1073 917 1214 970 ceterum

141 1006 176 1059 et-
197 1006 343 1058 senatum
369 993 467 1058 literis
494 992 661 1056 certiorem
685 990 769 1069 fecit,
786 991 925 1055 obsideri
947 1015 967 1056 a
983 991 1156 1080 Liguribus
1172 993 1212 1057 L.

142 1080 326 1157 AEmilium,
340 1094 371 1144 et
386 1079 438 1144 M.
452 1078 589 1143 Claudio
601 1077 770 1158 Marcello,
782 1079 871 1164 cujus
885 1078 1035 1162 proxima
1050 1078 1125 1142 inde
1140 1099 1214 1162 pro-

141 1169 246 1231 vincia
270 1179 348 1243 erat,
368 1165 503 1251 scripsit,
526 1177 572 1244 ut,
587 1166 613 1228 si
636 1163 796 1228 videretur
817 1165 859 1242 ei,
879 1164 1055 1228 exercitum
1079 1187 1119 1228 ex
1136 1166 1214 1230 Gal·

140 1253 187 1318 lia¹
208 1252 389 1318 traduceret
415 1253 447 1315 in
473 1251 619 1338 Ligures,
646 1263 677 1315 et
701 1250 740 1315 L.
757 1250 926 1314 AEmilium
951 1247 1111 1315 liberaret
1129 1252 1214 1315 obsi-

141 1339 251 1405 dione.
291 1339 376 1404 Haec
392 1360 461 1402 sera
476 1336 583 1403 futura
598 1337 718 1401 auxilia
733 1348 836 1400 erant.
870 1337 1007 1423 Ligures
1024 1347 1151 1422 postero
1162 1338 1216 1402 die

141 1423 185 1490 ad
210 1419 315 1490 castm
342 1424 485 1488 redeunt.
531 1422 694 1500 AEmilius,
711 1445 809 1508 quum
830 1435 862 1488 et
877 1438 1027 1488 venturos
1049 1424 1167 1501 scisset,
1182 1437 1215 1489 et

141 1511 280 1576 educere
301 1511 333 1574 i'n
357 1512 457 1575 aciem
481 1511 645 1594 potuisset,
658 1511 743 1574 intra
757 1509 877 1573 vallum
893 1529 967 1574 suos
982 1511 1094 1588 tenuit,
1111 1523 1147 1574 ut
1160 1533 1215 1575 en·

142 1597 284 1747 trqberet
299 1619 365 1662 rem
381 1598 412 1661 iu
430 1597 463 1661 id
479 1611 615 1681 tempus,
632 1619 696 1682 quo
713 1596 843 1661 Baebius
863 1617 936 1661 cum
952 1596 1093 1661 exercitu
1109 1597 1216 1660 venire

142 1705 163 1747 u
209 1683 261 1747 isis
299 1697 389 1748 osset.
427 1713 433 1746 ι
896 1707 898 1714 ’
1141 1711 1143 1720 ·

157 1799 160 1808 ’
187 1705 322 1847 cixila
350 1771 463 1834 Romae
488 1791 636 1856 magnum
661 1769 906 1853 trepidationem
927 1769 1029 1833 literae
1050 1767 1155 1833 Baebii
1170 1770 1213 1833 fe·
1223 1781 1368 1860 Metuant>-

142 1869 273 1932 ceruntr
296 1879 335 1932 eo
349 1858 512 1942 majorem,
530 1856 615 1940 quod
639 1877 758 1939 paucos
774 1868 846 1939 post
863 1855 930 1919 dies
947 1855 1132 1930 Marcellus,
1150 1847 1377 1923 tra-”3⁸²'ffld''

142 1944 212 2006 dito
234 1944 375 2008 exercitu
394 1943 505 2020 Fabio,
524 1941 661 2006 Romam
684 1965 783 2026 quum
807 1943 952 2022 venisset,
973 1963 1059 2028 spem
1084 1917 1265 2024 ademia‘w·

142 2051 229 2105 eum,
245 2031 299 2116 qui
316 2031 348 2093 in
365 2028 472 2094 Gallia
493 2041 584 2105 esset,
600 2029 775 2092 exercitum
798 2027 831 2090 in
849 2028 983 2116 Ligures
999 2027 1124 2094 traduci
1138 2051 1214 2115 pos·

144 2138 188 2193 sc,
213 2117 287 2204 quia
314 2116 431 2180 bellum
459 2135 533 2179 cum
558 2115 648 2178 Istris
673 2127 765 2192 esset,
786 2114 1030 2198 prohibentibus
1054 2115 1215 2180 coloniam

144 2202 323 2286 Aquileiam
349 2200 472 2266 deduci.
504 2223 543 2263 eo
566 2199 743 2285 profectum
768 2200 917 2282 Fabium,
937 2223 1042 2302 neque
1063 2198 1139 2268 iude
1165 2224 1215 2268 re·

144 2289 248 2376 gredi,
279 2287 364 2354 bello
399 2287 559 2362 inchoato,
590 2305 691 2370 posse.
741 2287 826 2364 Uua,
855 2299 887 2351 et
919 2309 957 2351 ea
992 2310 1061 2372 apsa
1083 2290 1219 2368 tardior,

146 2397 242 2462 quam
272 2387 396 2461 tempus
424 2373 615 2457 postulabat,
643 2371 777 2436 subsidii
807 2394 878 2458 spes
907 2387 985 2449 erat,
1016 2375 1043 2437 si
1071 2376 1217 2440 consules

145 2457 357 2527 maturassent
373 2462 404 2525 in
428 2459 627 2546 provinciam
648 2459 705 2522 ire.
728 2459 760 2522 id
783 2472 819 2522 ut
841 2458 992 2537 facerent,
1009 2482 1069 2545 pro
1084 2483 1117 2525 se
1131 2463 1217 2548 quis·

147 2571 210 2635 que
232 2549 364 2613 Putrum
388 2546 565 2612 vociferari.
621 2545 789 2624 Consules,
819 2546 879 2610 nisi
906 2545 1051 2611 confecto
1080 2547 1214 2624 delectu,

147 2657 266 2722 negare
291 2657 324 2698 sc
350 2635 461 2712 ituros,
485 2655 544 2698 nec
568 2653 657 2697 suam
682 2631 859 2720 segnitiem,
882 2631 938 2695 sed
960 2632 1023 2697 vim
1050 2636 1166 2715 morbi,
1182 2636 1216 2698 iu

146 2743 257 2786 caussa
277 2744 353 2798 esse,
376 2720 477 2807 ⁸⁴quo
501 2719 599 2785 serius
622 2711 857 2804 perficereturf.
880 2735 945 2782 nou
971 2733 1075 2784 tamen
1104 2735 1217 2806 potue·

146 2824 224 2878 runt
262 2810 416 2873 sustinere
452 2827 640 2871 consensum
678 2818 819 2884 senatus,
857 2805 933 2890 quin
971 2805 1112 2891 paludati
1141 2809 1217 2887 ,exi-

148 2907 229 2972 rent,
256 2903 289 2958 et
316 2894 478 2971 militibus,
494 2916 574 2980 quus
595 2893 795 2975 conscriptos
818 2891 1085 2969 baberent,diem
1112 2893 1217 2959 edica·

148 2995 229 3058 rent,
251 3002 315 3068 quo
338 2980 430 3045 Pisas
459 2981 677 3046 conuenirent.
700 2979 938 3064 ”permissum
964 2991 1010 3055 ut,
1037 2977 1100 3066 q'uu
1123 2978 1214 3059 irent,

145 3067 326 3153 8⁵protinus
341 3066 509 3133 subitarios
526 3066 640 3132 milites
662 3065 846 3146 scriberent,
861 3065 1079 3151 ducerentque
1094 3089 1216 3132 secum.

295 3226 306 3254 ⁸
318 3224 371 3270 add.
383 3237 458 3270 uuam
469 3224 544 3270 Gran.
558 3225 626 3270 Creu.
762 3211 773 3252 f
780 3221 985 3282 perpiciseereatur
993 3222 1067 3268 Grau.

175 3389 210 3431 ὓ
229 3385 315 3432 Potum
331 3401 408 3432 anuas
423 3382 497 3448 dicen]
513 3386 573 3433 Dela
583 3399 663 3431 rocem
696 3387 811 3447 aptiorem
832 3392 857 3433 et
877 3387 1055 3447 elegantiorem.
1088 3379 1216 3434 Nec'rero

145 3461 230 3508 unum,
259 3463 329 3512 quam
357 3452 453 3513 ignorat
478 3463 542 3497 unus
563 3463 577 3497 e
595 3450 664 3500 MSS.
697 3453 822 3513 legendum
855 3451 1021 3499 crediderimus
1050 3461 1103 3498 caru
1135 3451 1217 3500 sotem

145 3515 256 3562 Hearnii.
273 3517 336 3564 Victa
346 3528 441 3577 quoque
452 3519 525 3563 codex
533 3523 585 3563 totu
596 3515 652 3562 dle·
697 3519 821 3564 Gronodo
838 3517 905 3580 quod
923 3511 1007 3564 anius.
1031 3521 1033 3528 ’
1048 3515 1117 3564 Nihil
1138 3519 1217 3584 muta!

179 3587 210 3644 aa
235 3582 282 3639 Ad*
300 3583 341 3629 clu.
360 3583 472 3628 Baebium
489 3579 671 3642 proconsulem]¹
696 3583 763 3630 tione
779 3588 840 3644 opus
857 3588 900 3629 est.
917 3581 1078 3638 [Vlmmorbl
1099 3581 1217 3630 tra-uua

147 3645 286 3706 Cei-tissime
302 3647 400 3703 *sigonii
426 3649 570 3704 emendatlo,
585 3653 664 3707 'quam
697 3661 754 3706 erre,
765 3647 1217 3710 quoaaiu,tuar,eureu7senuspera

146 3711 209 3772 elate
225 3713 328 3774 probeat
346 3727 382 3766 aa,
400 3723 452 3773 que
466 3715 666 3760 memoratarum
690 3714 936 3775 ,acuetur-delectus,
951 3728 1022 3775 quam
1042 3715 1150 3776 alioquin
1167 3714 1217 3761 fieri

148 3781 219 3838 eispr'a
229 3793 250 3827 c.
264 3783 302 3828 te.
319 3777 348 3826 de'
361 3779 406 3824 Cu.
418 3777 509 3825 Baebio.
540 3778 666 3838 vulgale·
698 3779 821 3840 potuisset.
841 3779 858 3800 ²·
980 3783 983 3794 '
1193 3783 1218 3806 ·-'

147 3843 248 3904 gebatbr
265 3843 612 3900 aavuussaettumconsuem,
624 3841 666 3902 qui
732 3851 762 3890 85
779 3843 934 3898 Permlemm,
956 3839 996 3907 ut]
1020 3845 1113 3892 Otaces
1136 3845 1218 3915 scripti

147 3922 228 3954 revera
239 3911 323 3957 consul
339 3910 518 3966 esthocunuo,
535 3910 575 3956 red
593 3909 665 3954 etium
698 3915 722 3962 et
749 3909 819 3968 prisci
842 3909 899 3955 editi
917 3908 1034 3956 omittunt
1053 3908 1080 3956 ei
1101 3917 1137 3966 ut,
1157 3917 1218 3957 teste

118 4009 121 4016 .
146 3975 356 4034 tabellarium,
368 3982 396 4022 ut
407 3978 501 4022 constat
512 3989 540 4020 ex
552 3990 572 4021 c.
584 3973 640 4032 seq(
699 3975 836 4022 Gronovio:
854 3987 898 4020 nec
919 3974 979 4020 illud
998 3980 1076 4022 exstat
1090 3977 1116 4022 iu
1136 3977 1218 4023 codice

179 4046 210 4086 at
230 4041 282 4096 ero
300 4035 667 4104 rerieeperficeretur]Grono-
698 4042 762 4090 Vict.
847 4043 850 4052 “
878 4037 881 4044 “
939 4055 942 4062 ’
969 4039 1007 4064 “··”
1037 4039 1042 4066 ¹
1067 4041 1083 4054 ”
1124 4043 1127 4052 ’
1189 4042 1193 4058 ¹

147 4105 224 4152 viante
246 4105 362 4161 editiones
383 4105 666 4166 habentproficrbcerea·
733 4103 907 4152 ad'l'rati'aus
923 4097 1128 4174 Jlnter'edpddmt·
1155 4101 1217 4169 Sub

146 4167 196 4218 rur.
229 4171 390 4218 Vetbstiorem
405 4169 532 4219 lectionem
549 4160 663 4230 exprbssi-
697 4169 907 4226 {concreditus
937 4159 1082 4230 terpretatur
1105 4173 1157 4234 ipae
1175 4171 1218 4220 ut·

144 4249 208 4291 mus,
229 4249 244 4282 a
262 4236 360 4292 sigonio
382 4251 477 4298 quoque
501 4241 614 4283 testatam
637 4231 666 4280 in'
696 4233 748 4284 viae
769 4233 817 4284 ΙΙΙ.
839 4241 864 4282 t.
877 4223 1011 4296 'rbpcnldllr
1032 4233 1137 4284 auulsa
1151 4234 1217 4285 '‘llo-¹

146 4305 199 4349 act.
227 4302 256 4348 sd
284 4317 305 4349 c.
332 4303 437 4362 proxime
467 4303 611 4363 precedens,
636 4305 663 4346 ut
696 4303 748 4349 dem
769 4303 818 4348 fere
836 4301 908 4349 modu
928 4299 1068 4360 exponimus
1085 4303 1218 4350 tumultua-
