3136 4982
442 190 535 252 LIB.
561 191 739 253 XXXVIII.
763 191 866 252 CAP.
890 195 985 254 XLV.
1193 203 1252 272 379

195 371 262 436 que
284 343 381 435 cbptls
390 355 518 420 'urbibus
537 356 660 432 soleant,
675 365 856 440 negaturum
869 367 924 421 out
936 379 985 422 me
995 379 1053 440 pro
1068 357 1118 422 Μ.
1133 359 1252 438 Fulvio,
1258 376 1291 424 υ.
1305 375 1333 423 c.
1342 380 1399 424 sss.

198 447 253 500 out
278 439 374 520 Ipsum
395 441 444 506 M
466 443 609 506 Fulvium
630 443 762 516 censetis,
791 443 901 506 Patres
926 446 1106 526 conscripti?
1140 447 1192 530 qni
1217 443 1330 509 abbe·
1344 447 1397 490 ¹⁸⁷·

197 524 254 588 Isos
278 548 326 590 res
348 537 450 610 gestos
474 529 656 610 triumphum
670 549 690 590 o
705 528 782 591 uobis
804 529 1009 608 postulaturus
1033 531 1091 603 sit,-
1122 531 1253 596 Ambro-

199 611 279 673 siam
295 623 426 694 coptum,
441 614 598 699 signaque,
614 635 682 697 que
695 613 799 676 abluto
814 615 1018 693 nuntiarentur,
1031 625 1060 678 et
1075 626 1173 682 cetero
1187 640 1255 699 spo-

198 696 243 760 la'o
272 696 335 782 ejus
363 699 444 762 urbis
473 710 541 763 ante
568 721 687 764 cunum
710 699 833 776 blarru,
848 699 913 763 58ει
926 701 1047 780 fisurus
1068 703 1100 764 in
1121 705 1255 784 portibus

199 783 268 847 suis.
313 785 464 862 nobilest,
480 788 560 869 qnod
574 806 606 848 se
621 786 660 848 ab
675 784 793 848 AEtolr‘s
807 798 952 868 separent.
975 789 1082 851 eodeni
1096 790 1254 855 Ambroci-

201 869 313 932 ensium
327 881 357 934 et
372 871 546 935 AEtolorum
569 892 677 936 caussa
698 881 751 934 est.
794 872 906 956 Itaque
927 874 1042 958 collega
1062 895 1144 938 meru
1164 876 1211 939 uel
1224 876 1255 940 in

201 954 265 1020 ulio
288 977 394 1022 caussa
420 957 594 1022 ininsimtius
613 968 758 1034 exerceat,
784 958 842 1037 nel,
856 959 928 1022 siin
942 959 999 1022 bac
1012 961 1114 1046 utque
1127 961 1254 1042 mavult,

200 1041 330 1106 retineat
351 1037 576 1108 Ambracienses
594 1064 663 1106 suos
676 1045 708 1106 in
722 1046 877 1108 adventurn
894 1044 942 1108 M.
957 1045 1067 1109 Fulvii·
1111 1047 1185 1131 Ego
1201 1069 1256 1110 nec
1283 1049 1285 1054 ’

200 1129 239 1190 ele
260 1128 528 1206 Ambraciensibus,
544 1152 597 1194 aec
618 1131 656 1192 de
669 1129 786 1194 AEtolis
808 1131 925 1194 decenti
944 1133 1118 1216 quidquam,
1133 1135 1255 1198 absente

198 1213 252 1279 M.
267 1215 384 1292 Fluvio,
397 1216 510 1295 patiar.

153 1317 155 1324 ’
244 1299 371 1364 XLIV.
396 1299 506 1376 Quum
522 1299 671 1366 AEmilius
686 1299 830 1366 callidam
853 1300 1003 1365 malitiam
1024 1301 1153 1379 inimici,
1169 1303 1255 1370 velut

199 1387 345 1450 omnibus
365 1400 483 1464 notam,
499 1387 703 1464 insImularet,
727 1401 758 1451 et
781 1401 904 1472 tempus
922 1409 993 1452 eum
1021 1388 1175 1453 morando
1196 1411 1252 1454 ex-

199 1484 374 1538 tracturum
399 1472 526 1549 diceret,
554 1496 594 1538 ne
615 1472 745 1538 consule
772 1473 901 1538 inimico
932 1475 1068 1538 Romam
1097 1476 1253 1552 venirene

199 1559 371 1623 certamIne
389 1559 553 1624 consulum
579 1559 710 1624 biduum
730 1558 911 1624 absumtum
934 1571 990 1624 est.
1014 1583 1072 1625 nec
1098 1573 1254 1646 praesente

201 1643 357 1710 Flaminio
379 1645 505 1710 decerni
526 1645 698 1733 quidquam
713 1645 877 1710 videbatur
897 1667 997 1728 posse.
1043 1647 1179 1731 Captata
1200 1669 1254 1710 oo-

198 1732 282 1794 casio
297 1743 352 1809 cst,
369 1754 466 1816 quum
483 1754 567 1820 aeger
587 1733 668 1796 sorte
683 1731 856 1796 Flaminius
881 1731 1018 1808 abesset3
1040 1745 1081 1810 et,
1102 1732 1255 1799 referente

200 1815 343 1896 AEmffio,
369 1818 672 1883 senatusconsultum
700 1817 817 1882 factum
848 1831 904 1895 est,
936 1816 979 1884 Ut
999 1821 1414 1918 Ambraciensibussaedngf,

201 1925 300 1967 omnes
320 1927 378 1970 stra
391 1927 438 1968 res
450 1907 666 1990 redderentur:
689 1905 720 1968 in
741 1904 876 1968 libertate
898 1915 1002 1984 essent,
1015 1927 1053 1970 oc
1068 1906 1179 1992 legibus
1192 1907 1320 1970 suisnm
1331 1924 1390 1966 nm-

200 2000 370 2054 uterentur:
388 1993 533 2072 portoria
550 2012 618 2076 quae
632 1991 747 2070 veilent,
763 2001 843 2055 terro
857 1992 992 2076 nomque
1011 2003 1159 2073 cuperent,
1181 1984 1388 2076 dumnacum-

199 2099 302 2140 eorum
316 2077 446 2140 inmunes
464 2077 593 2141 Romani
608 2098 645 2140 oc
659 2078 731 2140 socii
745 2077 854 2140 Latini
867 2077 993 2141 nominas
1006 2088 1111 2142 essent.
1156 2065 1311 2162 signam·

200 2163 322 2246 uimque
335 2173 519 2240 ornamenta,
544 2184 612 2246 quae
632 2172 825 2246 quererentur
846 2185 884 2225 en
904 2163 1016 2226 cedibus
1029 2165 1256 2230 sacrissublnto

200 2271 272 2325 esse,
295 2251 333 2312 de
357 2249 404 2324 tis,
427 2271 516 2332 quum
532 2249 581 2313 Μ.
596 2249 720 2312 Fulem
735 2249 865 2311 &marn
882 2250 1056 2325 reuertisset,
1073 2251 1192 2330 placere
1213 2251 1257 2314 od

198 2335 357 2418 collegium
368 2335 538 2420 pontfficum
552 2331 667 2414 afferre}
683 2344 722 2412 et,
738 2336 817 2418 quod
830 2333 855 2396 ii
869 2335 1054 2410 cessassent,
1060 2335 1143 2414 frent.
1189 2335 1254 2400 Ne·

199 2443 261 2506 que
275 2420 324 2484 his
345 2433 511 2487 contentus
532 2422 640 2484 consul
662 2418 731 2495 fuit,
747 2418 802 2488 sed
820 2431 929 2503 postea
943 2441 1000 2503 per
1013 2421 1254 2507 infrequentiam

198 2507 311 2592 adjecit
331 2506 634 2572 senatusconsultum
643 2503 664 2580 ⁶,
679 2505 905 2569 “Ambraciam
925 2527 984 2570 aon
1008 2507 1105 2571 uideri
1126 2509 1170 2572 ui'
1182 2529 1255 2590 cop-

199 2602 263 2658 tam
277 2615 349 2658 esse.
394 2592 591 2679 supplicatio
605 2591 689 2667 inde,
706 2613 745 2656 ex
764 2590 1012 2656 decemvirorum
1035 2591 1171 2670 decreto,
1195 2616 1255 2679 pro
1282 2651 1292 2664 ,

197 2679 375 2752 valetudiue
399 2679 509 2764 populi
530 2678 588 2742 fuit
609 2699 666 2762 per
686 2675 837 2753 triduum,
860 2679 933 2762 quia
954 2678 1056 2764 gravis
1079 2679 1255 2762 pestilentIa

198 2766 310 2830 urbem
324 2777 418 2850 atque
439 2788 533 2850 agros
547 2764 698 2828 vastabat.
743 2762 868 2826 Latinae
894 2762 968 2826 inde
989 2762 1127 2829 fuerunt.
1172 2765 1255 2842 Qui-

198 2850 258 2916 bus
282 2850 486 2938 religionibus
509 2850 633 2915 liberati
655 2846 809 2925 consules,
825 2860 857 2914 et
871 2847 994 2912 delectu
1016 2850 1166 2934 perfecto,
1183 2856 1255 2934 (no-

198 2938 245 3001 vis
266 2939 350 3002 enim
371 2949 504 3022 uterque
529 2936 639 3002 maluit
663 2936 710 3000 uti
736 2935 900 3016 militibus)
916 2934 948 2998 in
965 2936 1156 3019 provinciam
1179 2957 1254 3020 pro-

198 3023 271 3089 fecti
290 3035 380 3089 sunt:
402 3036 584 3108 veteresque
605 3043 714 3086 omues
735 3021 932 3086 dimiserunt.
988 3020 1066 3088 Post
1089 3025 1252 3090 consulum
1263 3043 1415 3108 nannum.

198 3104 424 3196 profectionem
455 3110 515 3174 Cn.
539 3107 682 3172 Manlius
711 3107 879 3192 proconsul
910 3106 1046 3172 Romam
1077 3110 1172 3185 venit,
1203 3110 1387 3174 cuilllfflum·

199 3220 295 3280 quurn
313 3197 353 3262 ab
369 3198 437 3262 Ser.
455 3195 595 3280 Sulpicio
617 3207 753 3278 praetore
773 3206 897 3276 senatus
918 3193 958 3256 ad
985 3193 1085 3258 aedem
1110 3193 1254 3260 Bellonae
1263 3174 1345 3235 paam.

199 3283 291 3348 dutus
306 3295 393 3360 esset,
410 3283 532 3368 etipse,
548 3280 799 3346 commemoratis
821 3282 915 3344 rebus
938 3280 979 3343 ab
1000 3303 1033 3344 se
1054 3282 1159 3366 gestis,
1181 3303 1255 3366 pos-

199 3370 338 3446 tulasset,
354 3382 389 3434 ut
404 3369 446 3433 ob
465 3391 517 3434 eas
533 3367 606 3434 Diis
627 3365 847 3430 inmortalibus
865 3365 966 3430 honos
985 3364 1164 3444 haberetur,
1180 3368 1254 3432 sibi·

198 3478 260 3541 que
273 3454 483 3540 triumphanti
503 3454 614 3518 urbem
636 3452 743 3517 invehi
759 3451 884 3528 lIceret3
906 3453 1167 3518 contradixerunt
1182 3477 1255 3540 pars

199 3543 299 3627 major
320 3540 428 3605 decem
448 3539 635 3626 legatorum,
652 3539 706 3626 qui
728 3561 800 3602 cum
825 3560 863 3602 eo
885 3537 1019 3617 fuerant,
1035 3551 1154 3605 stante
1176 3542 1254 3608 alios

198 3628 239 3693 L.
257 3629 282 3694 F
284 3628 369 3692 unlus
386 3628 564 3712 Purpureo,
579 3639 611 3690 et
624 3626 662 3691 L.
675 3624 825 3690 AErnilius
842 3623 981 3689 Paullus.

239 3714 345 3779 XLV.
368 3716 504 3800 Legatos
517 3736 580 3778 sese
592 3713 647 3776 Cn.
663 3713 790 3776 Manlio
807 3713 895 3776 datos
911 3713 1003 3793 pacis
1021 3735 1085 3776 urm
1104 3713 1255 3780 Antiocho
1263 3731 1345 3794 segeti
1357 3732 1393 3794 ip-

183 3801 347 3884 fociendae
366 3821 482 3876 caussa,
497 3798 523 3838 ⁵⁵
534 3799 714 3883 foederisque
728 3807 757 3861 et
771 3800 879 3882 legum,
896 3817 963 3880 quoe
975 3821 1039 3862 cum
1054 3801 1096 3863 L.
1112 3803 1255 3884 Scipione
1263 3799 1312 3876 usu·
1323 3803 1416 3847 ΨΜ·-

197 3887 497 3972 incloutaefisissent‚
509 3884 773 3968 perficiendorum.
820 3883 878 3947 Cn.
895 3885 1050 3948 Manlium
1071 3908 1184 3960 aemma
1199 3866 1353 3970 oped¹⁶¹¹⁰⁸

375 4029 386 4058 ⁶
397 4025 485 4072 reds'ret
497 4026 572 4072 Gron.
582 4023 650 4070 Cres.
781 4019 793 4055 ἆ
804 4013 1005 4068 senatusconsulti
1016 4019 1082 4070 nen.

231 4160 260 4200 58
278 4154 416 4213 Etfiturus
426 4156 452 4200 iu
461 4155 569 4216 postibus
578 4149 641 4216 aab]
652 4153 706 4200 viu.
774 4158 803 4198 55
822 4151 970 4210 Foederisque
987 4157 1011 4196 et
1029 4143 1123 4214 legam]
1137 4149 1196 4195 Dela
1216 4165 1255 4198 co·

200 4225 250 4266 not.
263 4225 301 4268 29.
313 4219 342 4264 ad
355 4219 371 4264 l.
383 4219 446 4266 Xe.
459 4227 481 4270 7.
740 4217 820 4280 pulum
842 4223 874 4270 ct.
899 4230 950 4274 qua
969 4215 1036 4262 abest
1053 4217 1082 4264 ab
1104 4214 1173 4264 MSS.
1188 4213 1255 4262 'l'hu-

230 4290 260 4329 54
277 4283 431 4330 Ambraciam
439 4281 579 4347 nonviderr]
592 4283 649 4330 Vid.
657 4287 708 4348 not.
741 4295 807 4330 aoaeo
817 4286 842 4326 et
851 4281 942 4328 Victor.

195 4353 235 4395 48.
248 4349 276 4395 ud
287 4349 301 4394 l.
313 4348 431 4396 XXXIV.
443 4363 463 4395 o.
476 4355 514 4395 ll.
