3082 4976
374 117 431 178 478
731 177 734 182 ,
769 114 881 174 ΤῙΤΙ
910 115 1044 176 LlVll

213 297 349 348 unsri.
376 275 420 341 Et
446 277 646 360 praetoribus,
662 277 706 356 Q.
724 277 851 344 Petillia
873 292 904 345 et
920 279 964 357 Q.
978 279 1089 358 Fabio,
1114 281 1303 366 imperatum
1328 293 1379 361 est,
1392 291 1419 345 ut

213 362 281 411 Μ·
296 367 349 409 ¹⁸¹·
377 362 521 429 Petillius
546 365 626 430 duas
654 364 795 452 legiones
821 364 936 430 civium
967 366 1186 442 Romanorum
1218 367 1420 446 tumultuarias

375 452 536 528 scriberet,
552 465 585 516 ct
604 473 713 517 omues
733 453 874 528 minores,
885 453 1116 539 quinquaginta
1136 454 1227 518 aunis
1241 467 1421 518 sacramento

374 551 519 620 rogaret:
544 537 654 614 Fabio,
677 550 712 602 ut
734 538 827 602 sociis
843 537 950 602 Latini
973 541 1111 604 nominis
1134 539 1314 626 quindecim
1338 539 1422 602 millia

374 623 527 708 peditum,
548 625 632 688 octin
657 639 748 688 entos
773 625 894 710 equites
920 625 1099 708 imperaret.
1144 626 1325 702 Duumviri¹
1340 647 1421 704 nava·

375 711 421 773 les
436 711 534 774 creati
551 709 589 774 C.
647 710 769 774 atienus
792 724 824 786 ct
839 711 878 776 C.
893 710 1071 790 Lucretius,
1087 712 1114 754 ⁸⁷
1122 735 1279 798 navesque
1294 712 1330 776 iis
1343 734 1422 776 oms·

375 809 417 876 toe
432 807 506 860 sunt
514 820 523 872 ;
548 795 768 882 Matienoque‚
791 797 880 882 cujus
903 797 943 862 atl
960 797 1122 864 Gallicum
1147 799 1251 863 sinum
1276 798 1423 882 provincis

374 895 452 960 erat,
469 883 661 967 imperatum
676 892 754 960 est',
771 894 807 946 ut
820 882 948 946 classem
964 885 1069 968 primo
1083 907 1211 970 quoque
1225 884 1424 970 temporeldu·

375 981 460 1067 cerer
474 969 507 1033 in
524 968 680 1068 Ligurum
703 990 803 1046 oram,
820 968 880 1033 ⁸⁸si
896 992 961 1054 quo
977 969 1046 1034 usui
1061 992 1126 1034 esse
1143 970 1183 1034 L.
1199 969 1331 1034 AEmilio
1344 983 1424 1056 atque

375 1076 443 1140 eJus
457 1055 610 1120 exercitui
626 1068 740 1138 posset.
981 1079 984 1085 ’
1108 1077 1111 1086 ·

215 1139 326 1216 AEmttiu·
421 1141 570 1207 XXVII.
593 1141 756 1218 AEmilius,
782 1156 951 1228 postquam
979 1141 1060 1206 nihil
1090 1166 1227 1228 usquam
1253 1143 1359 1222 ausilii
1385 1164 1424 1204 os·

214 1212 325 1332 {wip
376 1227 574 1303 tendebatur,
606 1231 796 1314 interceptos
825 1229 957 1294 credens
986 1229 1117 1314 equites,
1146 1252 1210 1294 non
1240 1230 1325 1295 ultra
1348 1227 1423 1294 diffe·

378 1313 512 1378 rendum
535 1329 631 1392 ratus,
648 1315 724 1401 quin
751 1337 808 1399 per
835 1338 867 1380 se
896 1314 1054 1380 fortunam
1085 1327 1230 1393 tentaret,
1258 1317 1423 1400 priusquam

376 1400 482 1466 hostes
497 1401 651 1477 venirent,
667 1401 720 1486 qui
736 1402 802 1488 jam
819 1401 946 1488 segnius
960 1400 1187 1486 socordiusque
1199 1401 1423 1490 obpugnabant,

376 1488 417 1552 ad
433 1501 571 1574 quatuor
585 1501 693 1571 portas
708 1488 882 1552 exercitum
900 1487 1061 1569 instruxit,
1077 1503 1123 1566 ut,
1139 1489 1232 1574 signo
1242 1489 1331 1564 dato,
1346 1486 1424 1550 simul

376 1597 417 1638 ex
437 1574 584 1638 omnibus
609 1573 751 1658 partibus
775 1573 975 1657 eruptionem
1001 1572 1151 1654 facerent.
1188 1574 1425 1652 ”Qustuoren

377 1660 595 1726 traordinariis
610 1659 794 1726 cohortibus
816 1660 896 1724 duas
918 1659 1073 1746 adjunxit,
1090 1661 1266 1746 praeposito
1285 1660 1332 1726 M.
1347 1661 1424 1724 Vale·

377 1748 426 1810 rio
451 1747 576 1830 legato:
611 1768 776 1832 erumpere
801 1745 1087 1812 ⁹⁰extraordinaris
1115 1758 1209 1832 ports
1234 1748 1338 1833 jussit.
1364 1743 1424 1807 ⁹¹ad

279 1891 282 1900 .
375 1834 539 1898 dexteram
564 1832 772 1916 principalem
801 1831 940 1896 hastatos
969 1832 1102 1918 legionis
1130 1833 1246 1918 primae
1275 1831 1423 1915 instruxit;

333 1945 337 1956 ·
401 1919 536 2004 rincipes
558 1941 600 1982 ex
624 1917 734 1983 eadem
758 1919 787 1985 le
810 1919 882 1983 ione
904 1919 937 1982 in
953 1918 1100 1984 subsidiis
1120 1921 1245 2004 posuit:
1271 1919 1322 1984 M.
1338 1918 1424 1986 Servi-

376 1940 438 2068 lius
453 2018 485 2069 et
503 2005 539 2068 L.
554 2003 725 2088 Sulpicius,
753 1942 873 2068 tribuni
899 2005 1046 2082 militum,
1071 2005 1118 2068 lris
1140 2007 1317 2090 praepositi.
1360 2003 1421 2068 Ter-

377 2091 422 2156 tia
437 2093 466 2154 le
489 2090 520 2153 io
543 2090 692 2155 adversus
714 2089 923 2176 principalem
950 2092 1109 2163 sinistram
1136 2104 1266 2175 portam
1294 2095 1425 2170 instructa

377 2189 433 2242 est.
456 2113 490 2241 ἰῇ
504 2190 629 2241 tautum
652 2191 825 2254 mutatum3
848 2177 1007 2261 principes
1022 2177 1127 2262 primi,
1144 2192 1177 2243 et
1190 2177 1309 2245 hastati
1324 2182 1354 2242 in
1367 2178 1424 2240 sub·

376 2263 464 2328 sidiis
485 2262 598 2328 locati:
623 2264 696 2329 Sex.
713 2263 822 2342 ,Julius
846 2263 954 2328 Coesar
976 2278 1008 2327 et
1031 2266 1066 2327 L.
1083 2263 1233 2329 Aurelius
1258 2266 1362 2342 Cotta,
1381 2262 1423 2325 tri·
1483 2267 1484 2270 ’

375 2350 453 2415 buni
483 2350 631 2428 militum,
657 2349 733 2414 huic
762 2349 882 2500 lepioni
910 2349 1075 2435 praepositi
1105 2363 1190 2414 sunt.
1246 2352 1291 2428 Q.
1315 2351 1424 2416 Fulvius

378 2437 510 2503 Flaccus
536 2435 659 2524 legatus
685 2445 772 2501 cum'
806 2448 918 2502 extera
939 2434 989 2502 ala
1003 2435 1078 2500 9²ad
1094 2438 1298 2522 quaestoriam
1319 2449 1422 2524 portam

766 2581 823 2624 sest
832 2572 877 2624 del.
887 2575 960 2624 (leon.
974 2575 1046 2624 Crer.

376 2714 428 2758 riae
449 2712 478 2758 de
496 2711 582 2773 quibus
602 2726 657 2759 mox
678 2717 761 2772 agetur
779 2714 891 2773 legiones,
925 2725 977 2758 cere
990 2725 1033 2757 nos
1051 2724 1127 2773 posse,
1140 2713 1337 2760 extraordinarios
1353 2709 1423 2770 pedites

375 2779 401 2825 itl
419 2783 466 2834 est,
483 2777 588 2838 legiones
608 2778 639 2836 ob
657 2778 785 2825 instantem
804 2779 893 2824 tumul·
926 2791 954 2822 ex
975 2789 1116 2836 unaquaque
1131 2779 1168 2823 als
1189 2779 1327 2839 desumptas
1343 2776 1365 2821 in
1380 2775 1422 2820 uua

376 2849 431 2890 tum
449 2843 534 2903 raptim
552 2843 662 2902 scriptas,
680 2856 729 2889 noa
749 2843 820 2890 solito
831 2843 893 2890 ordi·
927 2841 1036 2888 cohortes
1048 2842 1135 2888 divisos
1148 2841 1234 2888 fuisse:
1254 2855 1326 2903 quum
1337 2839 1422 2888 duaate

376 2923 407 2956 ue
418 2913 461 2954 sut
472 2922 538 2964 cars,
551 2910 590 2955 secl
602 2909 708 2955 exomni
723 2921 807 2964 genere
819 2909 895 2956 bomi-
927 2908 986 2954 dent
996 2909 1021 2954 in
1039 2907 1084 2954 boc
1103 2907 1207 2953 exercitu
1218 2917 1323 2968 quatuor
1334 2905 1423 2953 cohortes

376 2988 435 3022 uum
447 2974 514 3020 nullo
524 2973 668 3020 discrimine.
927 2973 1130 3020 extraordinariss·
1163 2973 1237 3020 Duos
1257 2973 1377 3036 spuerit:
1396 2968 1422 3013 iu·

409 3045 440 3088 87
457 3039 581 3100 Nouasque
594 3039 627 3085 is'r
643 3045 733 3085 ornate
749 3045 821 3086 eant.-
838 3038 895 3084 Ma·
927 3035 1008 3100 tellige
1025 3039 1099 3084 aleres
1120 3037 1240 3094 cohortes,
1258 3045 1283 3085 st
1302 3037 1386 3098 quidem
1400 3032 1422 3077 si·

375 3107 494 3166 tr'erroqur,
519 3103 588 3165 cujus
614 3103 648 3149 od
675 3103 793 3150 Gallicum
813 3105 895 3150 sinum
927 3101 1070 3151 nistrnslse.
1103 3103 1193 3149 Dextra
1208 3097 1423 3158 animataetqu'a·

372 3170 499 3230 provincio
529 3175 591 3227 nat,
623 3167 777 3229 imperatam]
809 3169 894 3216 Omnis
927 3169 983 3230 quid
995 3174 1031 3215 est
1041 3169 1066 3214 in
1078 3168 1220 3230 legionibus,
1231 3170 1288 3216 alibi
1303 3170 1421 3227 occupatum

376 3235 465 3296 scripte
476 3234 556 3290 lectio,
562 3249 677 3296 nauaque
686 3235 718 3280 iis
726 3243 817 3282 ornatos
825 3241 892 3290 aurit,
926 3241 986 3292 erat,
1001 3239 1030 3280 ut
1045 3237 1111 3292 petet
1123 3247 1151 3278 ex
1162 3233 1191 3279 iis
1204 3248 1258 3294 quse
1276 3235 1336 3280 inira
1345 3241 1421 3278 asnen-

374 3301 489 3361 crjssqsse
510 3299 544 3346 ad
560 3300 680 3346 Gallicum
696 3300 778 3346 sinum
795 3300 892 3360 pronia-
925 3305 974 3345 tur.
1007 3300 1118 3344 Ceterum
1140 3305 1202 3346 recte
1221 3300 1331 3347 abherret
1347 3297 1421 3342 (irona-

376 3366 415 3414 ss'a
446 3371 507 3424 erat,
537 3365 696 3425 insperatum:
736 3365 807 3424 idque
839 3379 894 3425 pro·
925 3363 1054 3410 rinsbisrs
1071 3364 1332 3420 indecoreorstionem,
1347 3359 1422 3408 melius·
1480 3399 1481 3404 ,

375 3432 433 3478 bum
450 3445 501 3478 esse
521 3431 646 3486 contendit
665 3430 809 3477 Gronovius.
845 3431 892 3476 Cu·
925 3432 1098 3490 questractsm
1117 3429 1177 3486 lore,
1197 3428 1420 3492 strepuerunt

366 3496 458 3557 jusque
483 3509 567 3556 nempe
590 3497 636 3541 erit
661 3509 703 3555 pro
723 3497 793 3556 eique
814 3495 895 3556 cujus:
923 3494 1130 3541 extraordinariae
1153 3495 1269 3552 cohortes,
1290 3492 1371 3541 &mlv
1390 3485 1420 3534 ad·
1480 3483 1481 3502 ¹

376 3561 449 3611 Quod
459 3560 571 3620 loquendi
582 3574 656 3616 genus
667 3561 791 3620 antiquum
801 3565 826 3606 et
837 3562 891 3607 doc·
917 3560 1023 3621 junctis,
1038 3559 1166 3620 preposito
1186 3561 1223 3608 Ill.
1239 3559 1332 3606 Valerio
1350 3557 1419 3615 togato.

375 3632 428 3672 tum
444 3638 495 3672 esse
511 3624 597 3685 probat
607 3625 685 3674 alistis
696 3640 709 3670 e
720 3627 806 3672 Plauto
816 3630 842 3672 et
852 3626 896 3678 Li..
925 3637 1045 3686 erumpere
1055 3625 1248 3674 extraordinaria
1255 3622 1401 3687 porrajurn't·

375 3691 414 3752 pio
427 3691 480 3751 ipso
490 3690 609 3751 exemplis.
643 3691 801 3752 Videipsum.
833 3690 894 3737 Vul·
957 3696 988 3739 90
1005 3687 1213 3740 Eetraordinoes‘a
1232 3685 1314 3752 porta]
1338 3687 1363 3732 ld
1384 3688 1420 3736 at,

375 3761 432 3816 gata
456 3756 528 3803 lectio
546 3760 583 3802 est
597 3769 619 3802 -s
641 3755 757 3816 Gelenio;
783 3761 816 3814 et,
838 3755 894 3817 quis
925 3761 996 3816 ports
1011 3755 1129 3818 pretoria,
1144 3771 1197 3816 qna
1209 3756 1262 3802 ideo
1279 3751 1420 3802 consorciu-

375 3821 545 3884 perspicuitate
566 3821 652 3879 vincit,
674 3821 775 3868 anobis
801 3825 895 3868 retenta
926 3823 966 3866 ra'o
984 3835 1077 3882 quoque
1093 3821 1157 3867 dicta
1172 3821 1420 3882 anquanjpxtsua

375 3893 436 3936 est..
469 3920 473 3929 .
635 3907 637 3914 ·
749 3927 753 3938 ,
893 3930 895 3939 ,
926 3886 1015 3946 pedites
1027 3887 1167 3948 equitesque
1177 3883 1350 3934 extraordinarii
1358 3878 1420 3928 tende·

380 3993 384 4004 .
409 3959 439 4002 88
455 3953 486 3999 Si
503 3967 547 4012 qao
562 3947 630 4014 arai]
646 3951 671 3998 Si
687 3956 766 4012 posset
783 3949 895 3998 LAEmi·
927 3956 989 3999 rent.

375 4016 835 4077 liousuisssesliquo,velsdsliquid.
910 4057 912 4060 .
960 4023 989 4066 91
1008 4015 1051 4062 Ad
1065 4015 1186 4064 dexteram
1202 4005 1365 4078 praeceptalem]
1377 4004 1419 4050 Vll·

410 4091 440 4134 88
459 4083 567 4140 Quam
578 4082 781 4130 extraordinariis
794 4081 896 4128 cohorti·
928 4089 979 4129 aot.
993 4088 1030 4129 15.
1041 4082 1070 4129 sd
1081 4083 1097 4130 Ι.
1109 4083 1156 4130 111.
1168 4097 1187 4128 e.
1199 4089 1222 4130 8.

377 4148 419 4199 lus
436 4148 495 4198 deor
514 4143 639 4211 dmpsit]
655 4148 693 4195 De
704 4147 895 4196 extraordinariis
959 4153 990 4196 98
1006 4148 1050 4194 Ad
1069 4149 1221 4209 questoriam
1237 4137 1341 4208 parcan]
1357 4141 1418 4187 Μ·

376 4213 515 4268 cohortibus
529 4215 646 4264 vid..not.
664 4213 729 4260 sill.
747 4211 856 4260 XXVII.
874 4227 896 4258 c.
927 4225 1029 4263 arenam.
1051 4211 1105 4261 vid.
1115 4217 1212 4264 not.67.
1224 4215 1252 4267 srl
1263 4214 1280 4260 l.
1288 4202 1418 4258 XXXIV&

379 4286 418 4327 12.
433 4267 833 4354 etobserrsinsuperexbocloco
848 4277 897 4342 dis-¹.
927 4283 968 4327 47.
1040 4309 1043 4314 ,
