3042 4954
290 137 329 198 n
624 177 627 184 .
685 134 798 195 utut
825 89 967 196 mvn

124 325 156 374 u.
166 326 194 374 c-
206 325 274 374 asa:
286 321 388 368 nouus
397 309 428 366 et
437 299 603 366 attatinos
617 297 843 383 inper'atonon.
859 308 890 364 et
897 300 1099 384 ptsgisandsn'
1113 295 1367 383 esseinterdust,

124 392 262 440 Mum·
287 410 349 452 nost
370 389 445 473 quia
467 387 551 462 nelis,
565 388 620 451 sed
640 387 715 470 quia
736 387 833 451 hostis
851 395 949 471 cogat.
992 389 1138 472 Pugnant
1152 390 1251 472 aptast
1264 409 1354 454 enen·

286 485 406 559 tumque
413 493 531 556 pngnae
542 473 678 555 spectari
691 482 842 556 oportere.
843 468 938 556 fissus
951 493 1097 558 casasque
1109 474 1227 538 hostes:
1248 483 1354 539 casim

285 571 379 643 capto
393 579 432 622 uc
444 560 590 640 direpta:
605 559 755 622 coloniam
768 558 932 622 liberatam
942 558 1116 624 obsidione.-
1130 561 1260 626 ulterius
1270 562 1354 624 colo

285 648 353 710 niae
358 646 495 728 captiuos
503 653 697 727 reusperatos
703 646 917 728 restitutosque
923 646 1002 709 suis.-
1015 645 1193 710 debellatum
1202 667 1355 730 nnoprm

284 734 330 796 lio
352 753 423 796 esse.
470 731 543 794 Non
563 731 696 796 homines
718 739 836 794 tantum
851 752 888 794 eu
910 732 1041 795 uictoria
1062 733 1193 810 matos,
1207 734 1261 798 sed
1277 733 1355 798 Diis

284 817 1357 989 tttttttiltt‘tmtttttt'ttltltttt

284 992 335 1054 rio
354 999 492 1073 praetore
512 999 601 1074 gesta
616 998 700 1054 esset.
743 987 769 1032 ⁷⁵
779 990 870 1053 Data
880 989 960 1074 fato
979 992 1073 1055 atium
1094 993 1223 1075 quodum
1245 992 1356 1056 Furiae

281 1079 371 1162 genti
388 1075 517 1140 Gallico
532 1076 621 1140 bellu.
1152 1143 1155 1151 ,
1282 1113 1287 1157 3

312 1161 456 1227 XLIX.
481 1161 590 1248 Hujus
617 1155 742 1250 Tgeneris
770 1161 969 1228 orationibus
993 1164 1090 1250 ipsius
1115 1164 1356 1251 muiuornmque

285 1249 369 1314 sicta
382 1261 440 1326 est,
455 1248 621 1334 praesentis
639 1249 743 1340 gratia
762 1249 920 1334 praetoris,
936 1251 1072 1316 absentis
1088 1250 1227 1316 consulis
1239 1251 1354 1336 majes-

285 1347 352 1410 tas3
374 1333 638 1421 triumphumque
651 1335 830 1422 frequentes
845 1335 885 1402 L.
903 1335 1002 1402 Furio
1016 1338 1231 1402 decreverunt.
1276 1337 1355 1402 Tsi-

285 1420 452 1507 umphauit
474 1421 515 1486 de
537 1421 640 1486 Gallis
661 1421 694 1485 in
720 1424 905 1509 magistratu
932 1421 972 1488 L.
996 1423 1110 1488 Furius
1135 1437 1270 1509 praetor,
1311 1424 1353 1490 ln

285 1509 435 1573 aerarium
471 1508 545 1573 tulit
579 1507 606 1552 ⁷⁸
617 1520 756 1574 trecenta
792 1509 903 1596 uiginti
939 1508 1038 1574 millia
1072 1510 1157 1588 aeris,
1187 1510 1354 1598 llargenti

213 1607 215 1612 '
284 1607 412 1661 eentum
438 1594 640 1682 septuaginta
661 1595 763 1659 millia
783 1594 911 1681 pondo:
935 1616 1037 1682 neque
1059 1595 1174 1682 captiui
1202 1596 1257 1662 ulli
1276 1610 1353 1662 ante

284 1703 414 1746 currum
439 1681 538 1760 ducti,
560 1703 663 1768 neque
688 1680 788 1766 spolia
811 1683 953 1765 praelata,
975 1704 1078 1768 neque
1104 1682 1218 1748 milites
1240 1685 1353 1751 seeuti.

283 1768 543 1921 iitdiadelildaeeoesl
551 1767 755 1918 chdfflilii)
761 1767 1055 1920 psectpepoaenpsulpltps
1070 1769 1354 1922 {genesupdipapefppg

122 1955 270 2034 atussa
285 1952 425 2036 voverat,
445 1960 564 2026 magno
581 1899 739 2025 adparatu
761 1876 845 2004 laelii
890 1903 934 2006 Ei
954 1877 995 2005 di
1018 1942 1103 2030 agris
1127 1941 1263 2008 militum
1284 1943 1355 2034 ejus

120 2035 269 2101 1³¹⁰¹¹¹⁸Jtl¹⁸
284 2026 462 2103 decretum,
477 2040 524 2102 ut,
540 2038 618 2112 quot
632 2028 766 2113 quisque
779 2047 888 2091 eorum
904 2049 1005 2093 annos
1026 2028 1059 2093 in
1076 2028 1235 2114 Hispania
1249 2041 1303 2094 aut
1317 2029 1354 2095 in

121 2087 212 2134 Μ’
285 2111 398 2178 Africa
421 2110 595 2192 militasset,
609 2113 642 2176 in
666 2111 807 2200 singulos
829 2135 929 2179 annos
954 2113 1030 2179 bina
1050 2115 1164 2216 jugera
1185 2116 1355 2201 acciperat.

284 2221 358 2264 eum
381 2219 494 2285 agrum
512 2197 684 2264 decemviri
705 2199 920 2288 adsignarent.
965 2199 1140 2266 Triumvsri
1163 2201 1238 2268 iude
1251 2203 1354 2268 oresti

283 2285 323 2350 ad
334 2308 398 2371 sup
421 2285 551 2350 lendum
566 2285 736 2351 Venusinis
750 2287 937 2352 colonorum
961 2309 1139 2365 numerum,
1155 2288 1242 2375 quod
1263 2288 1350 2354 bello

285 2305 479 2437 Hanniialis
503 2371 683 2438 adtenuata
705 2372 785 2438 vires
806 2375 873 2460 ejus
894 2373 1028 2440 coloniae
1049 2389 1151 2456 erant,
1170 2375 1208 2440 C.
1225 2373 1350 2458 Teren·

283 2461 346 2524 tius
366 2459 482 2536 Varro,
501 2459 543 2525 T.
561 2458 732 2535 Quinctius
755 2460 961 2538 Flamininus,
984 2462 1018 2526 P.
1035 2460 1203 2526 Cornelius
1226 2462 1287 2526 Cn.
1310 2461 1350 2528 F.

285 2545 403 2629 Scipio.
425 2544 460 2609 hi
483 2544 613 2610 colonos
631 2545 804 2610 Venusiam
830 2546 1074 2632 adscripserunt.
1120 2547 1240 2612 Eodem
1262 2570 1352 2627 anno

282 2631 358 2697 ⁷⁹0.
375 2631 544 2698 Cornelius
565 2631 734 2721 Cethegus,
752 2633 806 2718 qui
828 2636 998 2718 proconsul
1015 2633 1205 2718 Hispaniam
1224 2635 1350 2700 obtine·
1382 2684 1384 2688 -

282 2718 349 2801 bat,
371 2741 523 2820 magnum
549 2718 688 2784 hostium
712 2721 889 2785 exercitum
913 2721 945 2786 in
971 2742 1050 2808 agro
1073 2721 1232 2790 Sedetam
1253 2721 1349 2790 ludit.

282 2805 466 2892 quindecim
495 2805 594 2871 millia
622 2805 838 2890 Hispanorum
867 2829 906 2872 eo
933 2807 1047 2892 proelio
1076 2807 1226 2873 dicuutur
1254 2829 1350 2887 cassa,

281 2893 373 3058 :tt
386 2892 535 2958 ¹
549 2893 1351 3058 spumantes„tuntas:

281 3087 347 3130 non
358 3001 407 3143 id,
445 3067 508 3130 uod
522 3001 634 3130 sinimis
648 3077 877 3150 praeceperant,
891 3078 1018 3151 questus
1032 3078 1089 3142 est,
1108 3067 1179 3132 Non
1193 3078 1351 3152 suspecta·

282 3162 344 3216 tum
358 3175 391 3218 se
403 3089 445 3216 ai
454 3162 572 3228 senatu,
585 3172 681 3235 neque
691 3153 886 3234 disceptandi
895 3153 959 3216 ium
969 3162 1106 3236 praetore
1119 3156 1236 3219 consuli
1246 3165 1350 3238 potes-

244 3263 247 3270 *
281 3239 522 3324 tatemfactam:
538 3235 594 3301 sed
609 3239 655 3302 ita
666 3239 850 3321 triumphum
862 3241 1009 3304 &messal
1022 3250 1169 3317 sensatum,
1179 3249 1214 3306 ut
1223 3243 1350 3322 nullius,

281 3326 345 3390 nisi
358 3325 431 3409 spus,
447 3327 503 3409 qui
515 3325 759 3406 triumphaturus
772 3334 857 3401 esset,
871 3327 956 3389 laud
969 3345 1080 3403 eornm,
1095 3328 1150 3411 qui
1159 3327 1236 3391 bello
1250 3329 1353 3393 inter-

267 3411 419 3496 fuissent,
431 3411 524 3476 nerba
537 3412 671 3476 audiret.
694 3409 836 3494 Majores
849 3413 918 3476 ideo
932 3413 1109 3489 instituisse,
1121 3423 1157 3476 nt
1168 3415 1277 3498 legati,
1289 3417 1350 3480 tri·

280 3499 357 3562 bani
376 3499 517 3573 militurn,
533 3497 732 3573 centuriones,
748 3497 862 3562 milites
874 3499 1005 3582 denique
1026 3501 1180 3583 triumpho
1193 3502 1347 3576 adessent,-

656 3621 808 3670 ‘lslecreuiase
819 3623 895 3671 Gran.
905 3623 973 3670 Cres.

316 3737 511 3800 75·Datafato
522 3739 597 3785 etiam
607 3739 706 3800 quedam
717 3740 800 3786 ana'dl
833 3743 939 3788 285895.

280 3805 353 3866 genti
365 3803 459 3850 Gallica
471 3799 541 3866 tella]
557 3803 677 3862 Allnduut
688 3805 718 3852 ad
735 3809 816 3852 sets-¹
865 3811 895 3854 78
915 3806 979 3861 Quos
994 3806 1077 3852 consul
1093 3805 1121 3850 ia
1136 3800 1224 3866 Africa
1242 3800 1351 3868 emerat]

283 3884 331 3916 ram
343 3868 411 3916 illum
422 3874 448 3916 at
460 3869 578 3930 insignem
590 3870 713 3919 Gallorum
724 3871 800 3918 viato-
832 3871 881 3918 His
892 3871 1013 3918 consulem
1024 3870 1086 3917 dixit
1096 3869 1181 3915 Livius
1192 3883 1236 3930 pm
1246 3883 1349 3931 procon-

282 3948 332 3982 sem
344 3936 378 3980 Μ.
391 3934 490 3998 Furium
502 3932 637 3982 camillum.
832 3933 893 3992 suls,
912 3937 1111 3997 quemadmodum
1130 3949 1211 3996 snpra,
1227 3936 1242 3983 Ι.
1253 3935 1350 3984 XXVl.

314 4004 347 4051 76
365 3999 481 4048 tieemts
509 4002 603 4062 uiginti
627 4001 707 4048 millia
731 3996 798 4063 aris]
830 4017 852 4050 e.
867 4008 908 4049 88.

281 4067 361 4113 (irase
390 4079 423 4112 ses
450 4066 489 4112 hie
515 4066 677 4128 intelligimus.
714 4066 799 4128 ltaque
864 4069 895 4116 79
912 4066 1076 4114 (1.οοηιι1ἑω
1090 4063 1218 4128 Cethegus]
1239 4066 1302 4113 Eum
1318 4081 1348 4114 sa

282 4145 375 4180 summa
401 4132 452 4178 hae
477 4132 529 4178 aris
559 4145 602 4193 psa
623 4133 669 4178 erit
696 4133 797 4179 denariis
831 4134 877 4180 hoe
893 4131 945 4178 loeo
964 4130 1120 4192 intelligimus
1139 4131 1238 4178 musam
1254 4145 1305 4179 esse
1320 4131 1349 4180 in

281 4204 372 4245 ³2000.
383 4198 467 4244 mareis
476 4199 567 4259 argenti
577 4197 723 4245 nostratibus
733 4203 789 4246 500.
832 4195 972 4256 Hispaniam
1001 4209 1158 4244 sueoeasomm
1185 4198 1212 4242 1..
1236 4197 1349 4245 Corneio

315 4271 345 4313 77
357 4264 466 4325 Argenti
475 4265 733 4325 emumseptaugs'ntu
743 4264 797 4309 mit·
831 4261 942 4317 lentulo,
964 4275 1033 4320 quem
1056 4275 1084 4307 es
1105 4262 1228 4322 provincis
1246 4263 1349 4310 som

282 4330 317 4376 lia
338 4327 427 4392 ponito]
452 4330 552 4378 Selibsas
578 4335 695 4378 nostrates
718 4329 798 4390 ponda
832 4327 927 4375 rediisse
937 4327 1017 4374 livius
1032 4327 1349 4389 memoravit,supsss.s⁰·
