3104 4976
466 365 556 468 ·Τ.
606 362 808 468 LIVII
856 351 1249 478 PATAV1N1

528 675 534 682 .
641 621 845 705 arnan
881 623 1068 708 xxxv.
1122 725 1126 734 .

646 848 650 860 ¹
765 851 960 898 -Φ-

169 1063 304 1114 uesta
329 1034 586 1116 PRINCIPIO
615 1051 700 1130 anni,
728 1025 795 1138 quo
821 1051 891 1118 haec
918 1064 1007 1141 geste
1035 1065 1122 1130 sunt,
1148 1052 1223 1118 sex.
1246 1050 1392 1140 Digitius

81 1200 89 1205 .
169 1130 237 1177 Μ·
251 1135 305 1206 ‚¹⁹³¹
329 1149 447 1222 praetor
468 1139 501 1202 In
522 1136 680 1220 Hispania
701 1138 847 1204 citeriore
868 1160 940 1204 cum
964 1138 1140 1205 civitatibus
1160 1137 1208 1215 iis,
1224 1145 1303 1225 quae
1318 1155 1406 1224 post¹

168 1193 554 1310 {lgflmprofectionem
584 1222 634 1288 M.
657 1223 788 1290 Catonis
818 1225 984 1312 permultae
1013 1223 1250 1304 rebellaverant,
1276 1226 1390 1291 crebra

329 1309 439 1398 magis,
464 1332 559 1397 quam
584 1311 691 1398 digna·
706 1310 804 1388 dictu,
830 1311 947 1396 proelia
971 1309 1056 1394 fecii,
1077 1325 1109 1376 et
1133 1311 1212 1376 adeo
1237 1309 1390 1398 pleraque
1425 1377 1431 1384 ,

225 1432 228 1444 ι
327 1395 468 1475 adversa,
484 1409 520 1462 ut
539 1396 593 1462 vix
607 1396 796 1463 ¹dimidium
821 1398 966 1476 militum,
982 1420 1077 1485 quarn
1100 1397 1187 1485 quod
1212 1408 1390 1482 acceperat,

327 1485 498 1548 successori
522 1482 696 1550 tradiderit.
740 1485 810 1548 Nec
824 1484 958 1550 dubium
978 1498 1035 1564 est,
1051 1484 1128 1572 quin
1150 1483 1252 1548 omnis
1268 1483 1390 1567 Hispa-
1474 1555 1483 1568 ,

326 1569 382 1634 riis
403 1569 565 1635 sublatura
590 1569 712 1636 animos
733 1568 838 1650 fuerit,
862 1571 894 1635 ni
918 1570 998 1636 alter
1023 1583 1142 1658 proetor
1165 1569 1204 1636 P.
1221 1569 1390 1636 Cornelius

329 1655 391 1721 Cn.
409 1655 445 1722 lt
463 1655 572 1744 Scipio
594 1669 681 1722 trans
697 1655 825 1722 iberum
846 1656 947 1723 multa
961 1657 1099 1722 secunda
1117 1655 1230 1743 proelia
1251 1654 1389 1722 fecisset:

328 1765 393 1830 quo
407 1755 528 1808 terrore
542 1764 607 1811 non
622 1745 727 1808 minus
741 1743 972 1830 quinquaginta
986 1743 1104 1830 oppida
1112 1743 1159 1809 'ad
1181 1763 1253 1808 eum
1268 1742 1390 1808 deiece-

328 1842 414 1896 runt.
461 1829 587 1894 Praetor
612 1829 682 1894 haec
709 1843 849 1916 gesserat
875 1829 991 1916 Scipio.
1036 1829 1126 1895 Idem
1157 1835 1217 1914 p'ro
1242 1841 1390 1915 praetore,

329 1913 510 1993 Lusitanos,
564 1927 699 1981 rvastata
714 1915 856 1980 ulteriori
871 1916 1043 2000 provincia,
1055 1938 1127 1981 curn
1144 1915 1265 2004 ingenti
1280 1915 1393 2002 praeda

328 2001 460 2069 domum
483 2024 518 2065 re
542 2014 662 2078 euntes,
678 2003 711 2066 in
731 2001 802 2086 ipso
822 2001 935 2067 itinere
954 2001 1119 2089 adgressus
1138 2001 1179 2067 ab
1199 2002 1279 2066 hora
1300 2001 1392 2068 tertia

328 2087 391 2152 diei
414 2090 453 2154 ad
475 2100 619 2152 octavam
642 2087 763 2154 incerto
782 2101 895 2154 eventu
918 2090 1081 2176 pugnavit,
1100 2089 1390 2162 numerornilitum

327 2173 432 2260 inpar,
448 2175 592 2260 superior
606 2173 692 2239 aliis:
714 2196 788 2239 nam
804 2189 836 2242 et
850 2175 917 2240 acie
932 2175 1088 2264 frequenti
1102 2174 1230 2241 armatis
1244 2172 1392 2241 adversus

327 2257 460 2348 longum
476 2277 509 2326 et
522 2259 700 2345 inpeditum
717 2261 813 2327 turba
833 2282 984 2348 pecorum
1006 2262 1309 2351 agmen,'et'recenti
1333 2262 1393 2327 mi-

327 2345 383 2412 lite
397 2349 546 2413 adversus
560 2345 654 2412 fessos
676 2349 772 2436 longo
792 2349 905 2415 itinere
922 2363 1133 2417 concurrerat.
1178 2347 1288 2414 Tertia
1302 2371 1391 2413 nam-

329 2455 391 2520 que
405 2435 513 2524 vigilia
526 2435 671 2500 exierant
686 2433 810 2501 hostes:
832 2434 907 2502 huic
928 2449 1086 2501 nocturno
1107 2435 1211 2500 itineri
1225 2447 1288 2501 tres
1302 2434 1391 2499 diur-

328 2541 380 2586 nae
402 2520 491 2586 horae
517 2533 728 2588 accesserant:
754 2544 814 2586 nec
839 2522 905 2588 ulia
927 2523 1032 2610 quiete
1057 2522 1140 2600 data,
1163 2520 1303 2586 laborem
1331 2522 1391 2586 riae

328 2606 479 2692 proelium
504 2619 682 2694 exceperat.
727 2607 841 2694 Itaque
865 2608 1023 2696 principio
1048 2629 1168 2696 pugnae
1191 2609 1308 2696 vigoris
1333 2608 1391 2674 ali·

351 2693 407 2758 uid
431 2694 463 2758 in
491 2693 678 2780 corporibus
703 2695 878 2783 animisque
905 2693 975 2777 fuit,
1001 2707 1034 2761 et
1058 2695 1391 2781 turbaverant-primo

328 2715 512 2846 itomanos:
535 2779 650 2848 deinde
675 2793 801 2868 aequata
829 2781 1001 2869 paullisper
1028 2803 1138 2884 pugna
1162 2795 1219 2848 est.
1264 2781 1302 2846 In
1330 2783 1392 2846 hoc

328 2865 510 2933 discrimine
533 2867 625 2950 ludos
649 2867 734 2947 Jovi,
748 2865 796 2932 ’si
818 2871 848 2932 vi
869 2867 1000 2934 fudisset
1022 2869 1246 2954 cecidissetque
1271 2866 1403 2946 hostes,¹

327 2967 508 3039 propraetor
522 2955 617 3020 vovit.
662 2954 809 3020 Tandem
824 2955 958 3040 gradum
974 2956 1077 3020 acrius
1092 2954 1226 3020 intulere
1242 2953 1390 3032 Romani,

328 3042 482 3128 cessitque
504 3041 688 3106 Lusitanus.
711 3042 825 3106 deinde
846 3064 976 3129 prorsus
998 3055 1087 3129 terga
1108 3039 1204 3106 dedit.
1227 3051 1270 3117 et,
1291 3061 1391 3126 quurn

327 3127 513 3193 institissent
530 3125 723 3216 fugientibus
737 3129 881 3206 victores
897 3128 937 3194 ad
960 3129 1123 3194 duodecim
1140 3127 1239 3192 millia
1252 3126 1391 3192 hostium

328 3227 403 3278 sunt
424 3237 527 3280 eaesa:
551 3215 634 3299 capti
652 3215 816 3302 quingenti
834 3215 1055 3303 quadraginta,
1071 3237 1181 3279 omnes
1201 3212 1285 3278 fere·
1304 3215 1392 3301 equi-

328 3313 391 3364 tes:
415 3304 495 3366 etsi
520 3323 560 3364 na
583 3300 733 3365 militaria
753 3315 846 3386 capta
871 3315 999 3366 centurn
1025 3302 1158 3390 triginta
1180 3315 1325 3388 quatuor.
1351 3300 1393 3366 de

327 3387 469 3452 exercitu
532 3408 650 3452 omano
679 3389 879 3473 septuaginta
904 3403 936 3452 et
962 3403 1024 3454 tres
1047 3388 1162 3456 amissi.
1208 3388 1391 3474 Pugnatum

327 3471 414 3537 haud
428 3474 542 3558 procul
557 3473 638 3559 Ilipa
654 3475 733 3538 nrbe
747 3487 804 3540 est.
839 3474 889 3538 Eo
904 3476 1053 3540 victorem
1069 3472 1255 3560 opulentum
1272 3473 1391 3558 proedae

327 3559 500 3625 exercitum
518 3560 562 3624 P.
573 3559 740 3624 Cornelius
763 3562 897 3626 reduxit.
920 3585 958 3626 ea
979 3562 1084 3626 omnis
1106 3575 1180 3625 ante
1201 3561 1312 3627 urbem
1335 3581 1392 3624 ex-

326 3646 431 3730 posita
445 3661 509 3711 ests
532 3659 731 3733 potestasque
744 3647 882 3713 dominis
903 3669 973 3714 suas
993 3671 1042 3712 res
1064 3669 1103 3712 co
1127 3647 1276 3712 noscendi
1297 3645 1390 3711 facta.

327 3731 619 3885 cetlerpdqendenda
640 3734 791 3822 quaestori
814 3733 908 3800 date:
930 3734 1039 3822 ³quod
1062 3670 1138 3800 inde
1161 3733 1311 3800 resectum
1333 3745 1392 3815 est,

327 3840 371 3884 nn
384 3835 421 3886 ru
460 3841 581 3886 rursum.

726 3926 824 3988 ‘serm
834 3928 909 3975 Gron.
922 3925 991 3974 crea.

360 4069 372 4111 l
390 4061 531 4110 Dimidium
551 4060 668 4118 militum,
689 4073 760 4120 quum
782 4059 845 4122 qued
876 4061 957 4107 nostn·
967 4057 1105 4106 Victorinus
1115 4059 1139 4104 η’
1142 4056 1266 4118 seducet:
1282 4059 1354 4103 recte.

325 4127 460 4190 acceperat]
480 4128 537 4174 Non
554 4125 663 4187 agnoscit
676 4138 739 4171 uuus
755 4138 769 4170 e
783 4126 844 4171 Gro·
908 4130 923 4170 8
943 4124 1013 4178 Quod
1024 4123 1080 4170 inde
1092 4123 1208 4182 refectum
1219 4117 1266 4184 ert]
1281 4121 1353 4172 Quod
1364 4133 1394 4168 es

326 4196 392 4244 novii
406 4193 477 4242 MSS.
495 4205 576 4240 rocem
591 4190 660 4252 quod,
671 4203 724 4250 quc
743 4202 787 4236 nec
803 4203 844 4235 nc·
876 4187 997 4235 divendita
1007 4189 1086 4249 praeda
1095 4189 1221 4236 collectum
1231 4188 1337 4250 pomata
1347 4193 1395 4234 ert.

324 4261 427 4309 casaris
437 4263 481 4306 est.
506 4256 586 4305 Simile
596 4256 707 4306 ruendum
720 4255 844 4314 irrepserat
876 4253 915 4300 Sic
934 4254 997 4314 apud
1011 4253 1061 4302 Cic.
1077 4255 1103 4301 in
1119 4255 1255 4312 Paradexis,
1265 4258 1395 4314 antequam

325 4323 575 4388 supraxxx1v.ss.
600 4321 675 4368 *vid
688 4320 834 4368 ieiunare.
876 4319 922 4366 titt
930 4333 963 4364 ea·
979 4320 1030 4366 teir
1041 4320 1226 4382 possessionibus
1235 4325 1332 4368 tantum
1342 4320 1396 4378 rpi-

357 4391 420 4439 ast
438 4391 464 4437 vs·
475 4382 596 4449 judittet]
620 4385 711 4450 Sigonii
731 4384 799 4443 liber,
819 4389 843 4432 et
876 4387 1059 4446 odetuna...
1265 4391 1268 4396 '
