3082 4976
367 180 427 241 474
757 173 870 234 ΤΙΤΙ
902 173 1042 234 Ltvtt

199 359 231 406 u.
241 360 269 406 c.
281 361 338 406 err.
362 361 428 402 rurn
443 339 476 402 in
490 327 592 403 oborn
606 336 681 422 p'us,
697 340 749 423 qui
761 351 982 421 proponeretur,
997 361 1104 414 conta,-
1127 347 1167 415 et,
1183 339 1322 424 quoniam
1336 339 1414 423 mojo-

199 425 269 472 Μ»
283 427 338 472 ¹⁸¹·
362 447 428 488 rens
438 425 546 505 filiurn
565 444 665 488 secum
687 427 818 504 duceret,
833 427 974 489 minorem
996 428 1040 488 od
1060 425 1193 488 subsidio
1214 426 1275 506 spei
1291 436 1412 490 etctuto-

363 513 445 575 (dom
470 511 557 612 regni
578 513 767 574 remissurum
795 513 829 573 in
853 512 1068 574 Macedoniam
1095 533 1167 574 esse.
1212 511 1286 576 Non
1307 511 1416 574 fallebat

364 597 580 672 Demetrium,
596 596 735 684 ablegari
757 619 801 674 se,
817 618 859 660 ne
880 597 1003 661 adesset
1024 597 1166 673 consilio,
1183 619 1280 682 quum
1302 600 1333 660 in
1353 619 1415 660 con-

364 695 473 768 spectu
494 683 638 746 locorum
662 683 867 763 consultaret,
883 691 964 768 qua¹
984 684 1130 768 proxime
1151 684 1263 748 itinera
1284 683 1323 746 ad
1344 705 1416 746 mare

366 768 592 834 Hadriaticum
619 781 714 854 atque
740 767 867 833 Italiam
893 769 1056 846 ducerent,
1081 791 1217 856 quaeque
1249 769 1323 833 belli
1349 769 1416 832 ratio

363 869 444 920 esset
465 854 582 918 futura.
598 854 652 918 sed
675 877 740 918 non
755 853 858 918 solum
874 855 1049 940 parendum
1073 858 1157 940 patri
1173 870 1253 932 tum,
1269 856 1416 920 sedetiam

364 940 602 1006 adsentiendum
613 955 690 1018 erat,
703 963 743 1004 ne
755 941 887 1004 invitum
900 963 1011 1025 parere
1022 943 1234 1026 suspicionem
1246 942 1367 1007 faceret.
1383 941 1417 1005 Ut

364 1040 472 1091 tamen
486 1028 548 1091 iter
558 1028 587 1090 ei
599 1039 704 1091 tutum
721 1029 752 1090 in
767 1027 993 1093 Macedoniam
1005 1041 1095 1104 esset,
1108 1027 1222 1106 Didas,
1234 1051 1274 1092 ex
1290 1028 1417 1114 pretori-

365 1114 425 1178 bus
446 1113 542 1198 regiis
565 1135 658 1191 unus,
682 1114 738 1200 qui
762 1112 903 1177 Paeoniae
924 1129 1072 1195 praeerat,
1090 1115 1196 1199 jussus
1218 1126 1266 1179 est
1286 1112 1418 1199 prosequi

364 1221 437 1264 eum
461 1221 533 1264 cum
556 1199 683 1263 modico
705 1199 866 1285 praesidio.
914 1195 1015 1264 Hunc
1037 1223 1165 1286 quoque
1189 1199 1333 1276 Perseus,
1354 1202 1419 1262 sicut

365 1286 534 1372 plerosque
557 1286 654 1370 patris
676 1287 865 1364 amicorum,
880 1307 920 1350 ex
935 1309 1000 1372 quo
1021 1285 1106 1350 haud
1130 1286 1264 1352 dubium
1288 1287 1417 1370 cuiquam

365 1394 432 1436 csse
446 1385 595 1458 coeperat,
613 1371 653 1435 ad
669 1395 775 1459 quem,
792 1373 837 1436 ita
858 1371 1011 1436 inclinato
1031 1373 1114 1459 regis
1137 1374 1253 1450 animo,
1270 1373 1418 1436 haereditus

365 1461 455 1544 regni
481 1458 661 1543 pertineret,
685 1461 769 1522 inter
794 1459 974 1544 conjuratos
996 1459 1030 1522 in
1055 1459 1160 1522 fratris
1186 1461 1355 1544 perniciem
1375 1458 1419 1520 ha·

263 1617 267 1622 ,
365 1545 443 1610 buit.
465 1545 499 1608 in
521 1545 690 1630 praesentia
707 1545 762 1610 dat
776 1545 806 1609 ei
827 1544 988 1622 mandata,
1004 1559 1040 1609 ut
1061 1568 1119 1630 per
1139 1568 1235 1610 omne
1250 1545 1417 1632 obsequium

364 1631 540 1698 insinuaret
555 1653 589 1694 se
612 1631 755 1717 inquam
779 1634 917 1695 maxime
938 1629 1121 1696 familiarem
1147 1653 1252 1712 usum,
1269 1647 1305 1696 ut
1325 1633 1418 1694 elicere

364 1718 473 1785 omnia
486 1739 613 1793 arcuna,
629 1717 850 1804 specularique
864 1717 988 1782 abditos
1002 1718 1069 1802 ejus
1087 1740 1195 1782 sensus
1210 1733 1345 1803 possev.
1380 1717 1419 1780 Ita

364 1803 542 1955 digredgtur
557 1804 739 1868 Demetrius
761 1825 834 1868 cum
858 1801 1080 1881 infestioribus,
1098 1825 1192 1890 quam
1217 1808 1243 1869 si
1267 1805 1349 1869 solus
1361 1805 1418 1880 iret,

389 1913 461 1954 raesr
488 1913 535 1955 ns.
593 1949 599 1958 .

365 1912 388 1976 p
409 1977 531 2042 XXll.
555 1975 733 2061 Philippus,
751 1976 922 2042 Maedicam
943 1974 1092 2057 primum,
1108 1977 1225 2042 deinde
1252 1976 1418 2041 solitudines

363 2063 583 2147 interjacentes
612 2061 761 2126 Maedicoe
787 2079 882 2148 atque
906 2063 1024 2127 Haemo
1046 2077 1273 2152 transgressus,
1297 2062 1417 2148 septimis

365 2149 495 2213 demum
519 2149 629 2214 castris
651 2148 690 2212 ad
705 2147 837 2212 'radices
863 2151 980 2214 montis
1001 2147 1155 2232 'pervenit
1178 2149 1222 2213 ibi
1246 2173 1345 2214 unum
1367 2169 1419 2212 mo

365 2247 452 2300 ratus
466 2235 551 2300 diem
572 2235 613 2300 ad
635 2234 832 2322 deligendos,
849 2257 929 2322 quos
950 2234 1082 2299 duceret
1102 2257 1219 2313 secum,
1234 2235 1264 2279 '¹⁶
1272 2237 1362 2300 tertio
1380 2233 1419 2297 die

364 2321 426 2386 iter
450 2333 498 2386 cst
522 2323 689 2410 ingressus.
735 2319 886 2386 Modicus
912 2322 1019 2406 primo
1041 2320 1133 2385 labor
1154 2323 1186 2385 in
1210 2323 1284 2387 imis
1307 2321 1419 2386 collibus

363 2407 435 2473 fuit.
482 2421 613 2474 uantum
636 2407 669 2470 in
692 2406 890 2472 altitudinem
917 2430 935 2472 e
959 2406 1175 2486 rediebantur,
1192 2409 1295 2494 magis
1321 2407 1418 2491 magis·

364 2515 427 2580 que
441 2431 596 2559 silvestria
610 2504 642 2558 et
660 2493 811 2582 pleraque
832 2495 919 2558 iuria
935 2432 1011 2558 loca
1025 2494 1234 2578 excipiebant.
1283 2495 1418 2559 Pervene-

363 2603 400 2645 re
415 2581 531 2648 deinde
541 2580 612 2643 iliu
633 2586 719 2645 tamt
733 2602 868 2665 opacum
885 2581 954 2657 iter,
972 2595 1016 2657 ut,
1032 2603 1101 2665 prae
1116 2579 1272 2645 densitate
1286 2583 1416 2645 arborum

363 2667 630 2751 inmissorumque
656 2666 789 2732 aliorum
812 2667 845 2730 in
869 2667 947 2730 alios
972 2689 1145 2746 ramorum,
1161 2668 1299 2753 perspici
1321 2666 1415 2732 coelum

366 2753 419 2815 rix
441 2766 563 2837 posset:
587 2765 623 2816 ut
645 2773 720 2816 vero
735 2754 821 2841 jugis
841 2753 1150 2838 adpropinquabant,
1167 2756 1255 2839 quod
1272 2776 1373 2818 ranem
1391 2751 1416 2813 in

363 2838 433 2903 aliis
448 2839 525 2904 locis
546 2852 636 2915 esset,
653 2837 733 2902 adeo
748 2839 856 2902 omnin
878 2855 1022 2903 contecta
1044 2839 1170 2917 nebula,
1187 2851 1224 2903 ut
1246 2839 1331 2905 baud
1346 2857 1416 2901 secus

363 2947 458 3011 quam
481 2938 642 2991 nocturno
664 2925 776 2990 itinere
798 2925 1027 3011 inpedirentur.
1052 2926 1147 2990 tertio
1170 2925 1300 2990 demum
1320 2919 1415 2990 dicad

363 3014 514 3077 verticem
536 3024 735 3096 perventum.
783 3011 872 3075 Nihil
892 3014 1028 3099 vulgatae
1051 3012 1207 3096 opinioni,
1223 3011 1358 3100 degressi
1380 3009 1417 3071 in·

363 3097 413 3176 de,
436 3098 665 3163 detraxerunt:
688 3098 799 3185 magis,
823 3097 931 3175 credo,
953 3121 995 3162 ne
1013 3099 1134 3162 vanitas
1155 3098 1278 3162 itineris
1298 3096 1417 3162 ludibrio

363 3197 455 3266 esset,
470 3206 565 3271 quam
605 3183 668 3248 uod
687 3183 811 3249 diversa
825 3186 910 3248 inter
932 3207 965 3248 se
979 3183 1308 3270 marta,'m0ntesque,
1322 3196 1352 3247 et
1364 3200 1415 3246 am·

364 3291 430 3347 nes,
446 3294 486 3336 ex
501 3292 566 3335 uno
581 3207 659 3336 ioco
681 3271 823 3355 conspici
843 3271 1017 3356 potuerint.
1062 3269 1177 3334 Vexati
1200 3293 1319 3348 omnes,
1334 3282 1361 3334 et
1374 3287 1417 3331 au·

363 3372 395 3422 te
408 3358 487 3422 alios
501 3380 560 3422 rex
577 3358 654 3442 ipse,
694 3380 735 3422 uo
749 3359 878 3444 gravior
892 3371 986 3422 [etate
1000 3369 1078 3434 erat,
1095 3356 1283 3422 difficultate
1297 3359 1353 3420 riae
1370 3365 1414 3417 est.

363 3443 500 3509 Duabus
521 3444 583 3510 aris
605 3443 650 3508 ibi
665 3379 737 3510 iovi
756 3457 789 3508 et
811 3444 879 3509 Soli
898 3443 1027 3508 sacratis
1042 3465 1139 3529 quum
1164 3444 1353 3518 immolasset,
1366 3459 1415 3526 qua

363 3530 470 3595 triduo
490 3530 708 3622 adscenderat,
723 3530 824 3594 biduo
845 3542 892 3595 est
913 3530 1123 3618 ”degressus
1139 3528 1258 3617 frigora
1280 3542 1415 3594 nocturna

479 3685 641 3745 ²quaeGron.
654 3685 723 3732 Grer.
821 3683 994 3746 ⁸pmtrnsd.
1094 3680 1312 3730 tranantem.

395 3820 427 3865 76
440 3815 522 3862 Tertio
530 3815 624 3862 dr'es'ter
632 3822 667 3862 est
678 3813 813 3881 ingresus]
822 3817 883 3864 Ter·
912 3824 1007 3880 portero
1018 3816 1071 3863 ἀίει
1090 3817 1116 3862 in
1127 3830 1175 3877 quo
1186 3817 1340 3877 adstipulatus
1355 3815 1385 3859 est
1397 3807 1413 3851 et

362 3881 406 3938 tio,
425 3887 550 3941 postquam
567 3882 596 3927 sd
614 3882 703 3927 radices
720 3883 809 3928 montis
829 3897 881 3943 per·
915 3883 1039 3942 DuJatius.

362 3947 525 4003 senerat,die.
559 3945 652 3993 Primus
668 3948 883 4008 numeraturisip-
948 3953 980 3999 77
998 3948 1029 3992 Is
1046 3954 1098 3992 tarn
1113 3944 1223 4007 opaesml
1239 3945 1413 4016 Addidimusrtt·
1475 3955 1476 4020 q

362 4011 447 4058 redies
458 4026 506 4071 quo
521 4012 750 4071 perventumestsd
766 4019 881 4058 montem.
915 4015 992 4059 culam
1006 4019 1057 4058 tam
1068 4023 1100 4058 'ex
1115 4013 1255 4059 auctoritate
1265 4013 1326 4059 vics.
1335 4005 1412 4055 eudicti
1474 4057 1475 4060 ,

361 4077 493 4132 Secundum
508 4077 528 4121 is
548 4090 599 4136 quo
618 4078 705 4122 mansit
725 4077 806 4124 eodem
831 4078 882 4124 loco
915 4087 940 4124 et
958 4079 1027 4124 MSS.
1040 4079 1148 4124 Hermio
1165 4070 1411 4139 inspectorumt‘etlu·

360 4142 486 4202 Philippus
508 4142 537 4187 ad
559 4142 695 4202 deligendos
717 4157 776 4202 quos
803 4155 882 4188 secum
916 4145 983 4190 drea

360 4208 464 4254 duceret.
494 4206 586 4260 tanto,
599 4208 644 4252 iter
654 4207 787 4256 inchoatur.
823 4207 883 4254 Haec
947 4215 978 4257 78
995 4203 1142 4269 Degreerus]
1167 4209 1267 4255 Solense
1283 4206 1320 4250 hic
1334 4207 1356 4248 et
1372 4209 1404 4257 ptr

362 4273 415 4317 ideo
426 4272 533 4332 pluribus
545 4273 688 4318 notariatus.
706 4273 882 4334 quiaSigonius
915 4274 1037 4330 vulgatum
1065 4275 1176 4320 mendum
1207 4275 1277 4319 libros
1304 4267 1410 4314 insederat,

362 4336 427 4398 hunc
453 4339 531 4384 locum
549 4343 641 4385 mutare
660 4338 747 4397 voluit,
763 4345 788 4386 st
808 4340 883 4400 legere
916 4339 1042 4399 ὤρνυεν.
1076 4340 1184 4387 Correxit
1195 4337 1312 4402 Sigonius.
