3136 4982
382 190 459 242 rae
773 181 887 242 rrrr
911 141 1054 246 ¹mvii
1120 241 1123 248 .

220 366 249 411 u.
262 335 288 410 o.
302 366 356 413 sss.
385 345 544 413 Pictorem
562 349 720 412 flaminem
737 347 947 426 Quirinalem,
964 347 1057 433 quale
1079 359 1205 433 petrum
1229 348 1384 414 memoria
1394 349 1442 412 in-

220 433 251 477 Α·
263 433 290 476 ‘²
305 435 357 481 ²⁸⁹·
382 447 431 500 ter
445 434 486 499 L.
503 433 670 500 Metellum
686 450 718 499 et
734 434 931 499 Postumium
948 434 1101 500 Albinum
1115 433 1228 500 fuerat.
1269 434 1442 500 'Consulem

381 521 484 600 illum,
500 543 574 587 cum
591 521 629 586 C.
643 520 776 586 Lutatio
797 520 918 607 collega
939 522 972 584 in
990 520 1129 587 Siciliam
1144 521 1186 587 ed
1201 522 1332 588 classem
1348 520 1443 605 proli·

381 610 562 686 ciscentem,
578 609 617 673 ad
633 630 723 674 sacra
743 607 916 672 retinuerat
931 606 1083 674 Metellus
1103 607 1245 694 pontifex
1267 609 1444 683 maximum

381 708 552 784 praetorem
567 694 664 772 huuc,
678 717 718 758 ne
732 693 764 759 in
781 693 960 758 Sardiniam
975 695 1236 779 proficisceretur,
1254 695 1292 759 P.
1306 694 1444 760 Licinius

383 781 494 848 tenuit.
540 780 585 847 Et
604 783 637 846 in
658 793 782 862 senatu,
797 793 829 844 et
850 780 891 844 ad
912 780 1068 866 populum
1088 783 1212 870 magnis
1234 779 1444 846 conserationi-

283 879 286 886 ‘
382 869 442 935 bus
466 881 619 934 certatum
646 882 711 944 est3
733 881 766 932 et
783 865 951 951 ⁴⁵imperia
976 867 1110 932 inhibita
1129 869 1215 934 ultro
1236 868 1279 932 cit
1339 889 1390 946 ue,
1413 878 1444 931 et

382 955 553 1045 “pignora
578 968 682 1039 capta,
708 965 740 1019 et
767 952 877 1018 maltae
901 953 1006 1030 dictae,
1029 967 1060 1019 et
1086 954 1207 1020 tribuni
1231 954 1323 1041 adpel
1338 955 1391 1030 eti,
1414 967 1445 1018 et

382 1053 591 1129 provocatum
606 1041 647 1105 ad
669 1039 825 1128 populum
840 1051 898 1104 est.
942 1039 1069 1142 Religio
1090 1041 1130 1105 ad
1152 1037 1444 1128 postremum'vicit,

382 1142 419 1194 ut
441 1128 529 1194 dicto
549 1128 679 1194 audiens
701 1139 780 1192 esset
801 1129 915 1192 flamen
935 1126 1091 1210 pontuficit
1118 1141 1150 1192 et
1164 1128 1275 1192 multae
1295 1150 1334 1191 ex
1353 1127 1444 1212 jussu

382 1216 494 1302 populi
516 1214 666 1281 remissae.
712 1213 766 1277 Ira
786 1214 959 1298 provinciae
979 1226 1117 1300 ereptas
1139 1226 1309 1298 proetorem
1330 1213 1446 1301 mame

382 1314 467 1368 trstu
482 1301 632 1366 abdicare
646 1323 679 1366 se
693 1313 860 1365 conantem
877 1299 987 1365 Patres
1008 1300 1194 1365 auctoritate
1212 1323 1269 1366 sna
1282 1299 1445 1366 desertus

381 1403 476 1454 runt:
499 1399 540 1465 et,
557 1401 592 1452 ut
605 1389 659 1473 jus
674 1387 756 1452 inter
769 1387 952 1473 peregrinos
973 1386 1100 1464 diceret,
1115 1386 1333 1453 decreverunt.
1376 1386 1445 1452 De-

381 1475 517 1542 lectibus
529 1475 645 1540 deinde
658 1474 743 1538 intra
762 1495 881 1558 paucos
902 1472 969 1536 dies
982 1478 1101 1558 (neque
1122 1475 1205 1538 enim
1225 1473 1317 1538 multi
1331 1472 1445 1538 milites

380 1562 507 1650 legendi
528 1563 633 1643 erant)
648 1560 803 1649 perfectis,
819 1559 962 1624 consules
983 1572 1196 1646 praetoresque
1214 1560 1248 1624 in
1266 1559 1444 1646 provincias
1538 1629 1539 1640 χ

337 1675 340 1682 ’
380 1649 634 1736 proficiscuntur.
681 1649 780 1713 Fama
790 1645 908 1711 deinde
922 1646 962 1710 de
976 1646 1070 1712 rebus
1082 1648 1114 1710 in
1126 1647 1204 1711 Asia
1218 1647 1314 1734 gestis
1325 1658 1445 1712 temere

380 1737 509 1824 vulgata
530 1737 597 1800 sine
619 1745 767 1800 auctore:
789 1745 821 1797 et
845 1745 915 1819 post
935 1732 1003 1798 dies
1021 1753 1139 1818 paucos
1155 1733 1262 1798 nuncii
1282 1732 1361 1799 certi
1374 1733 1446 1800 lite·
1538 1739 1539 1816 l

379 1845 489 1910 raeque
508 1822 705 1907 imperatoris
725 1821 862 1886 Romam
885 1819 1018 1897 adlatrs3
1041 1841 1114 1904 quae
1135 1842 1200 1885 non
1220 1832 1344 1885 tantum
1366 1842 1445 1906 gau·
1538 1819 1539 1896 l

379 1910 468 1974 dium
480 1909 522 1976 ab
536 1907 654 1972 recenti
675 1919 762 1972 metu
781 1905 975 1984 adtulerunt,
992 1906 1163 1990 (desierant
1178 1908 1262 1972 enim
1276 1906 1395 1972 victum
1409 1908 1444 1972 in

380 1995 504 2060 AEtolia
525 1993 679 2075 metuere)
694 1993 819 2079 *lqnam
842 2005 1023 2058 averterunt
1043 1992 1179 2058 famam:
1200 1992 1287 2080 quod
1304 1993 1444 2058 ineunti·

380 2079 440 2146 hus
453 2081 486 2146 id
504 2080 621 2146 bellum
644 2081 749 2166 gravis
769 2078 868 2144 hostis
889 2091 921 2143 et
942 2079 1007 2144 suis
1021 2079 1150 2158 viribus,
1165 2092 1197 2145 et
1211 2079 1297 2167 quod
1314 2077 1444 2145 Hanni·
1538 2107 1539 2110 ¹

380 2166 658 2232 balemrectorem
682 2165 805 2230 militine
824 2164 965 2243 heberet,
989 2166 1072 2230 visus
1095 2165 1208 2232 luerat.
1231 2165 1313 2230 nihil
1338 2179 1445 2232 tamen

379 2267 435 2322 out
449 2254 490 2320 de
504 2252 634 2319 consule
653 2253 808 2318 mittendo
828 2253 861 2316 in
877 2253 986 2317 Asiam
1008 2253 1208 2332 mutandum,
1231 2265 1286 2318 aut
1300 2253 1445 2319 minuen-

379 2341 441 2494 llll
463 2343 549 2492 ejgts¹
570 2342 910 2428 copias,‘censuerunt;
944 2351 1041 2417 metu,
1064 2362 1105 2406 ne
1130 2361 1203 2406 rum
1230 2337 1335 2406 Gallis
1364 2339 1446 2406 foret

430 2450 483 2492 an
510 2450 576 2492 um.
1538 2489 1539 2500 ,

424 2515 500 2580 LII.
525 2513 627 2581 Haud
652 2517 753 2579 multo
777 2526 851 2600 post
875 2513 926 2580 M.
950 2514 1098 2579 Aurelius
1122 2515 1229 2592 Cotta,
1253 2517 1378 2605 legatus
1404 2515 1445 2579 L.

383 2601 551 2686 Scipionis,
581 2623 653 2666 cum
683 2600 834 2666 Antiochi
870 2601 952 2690 regis
982 2601 1105 2690 legatis,
1136 2611 1168 2666 et
1198 2601 1360 2670 Eumenes
1388 2623 1445 2667 rex
1538 2623 1539 2676 r

380 2687 600 2775 “Rhodiique
624 2687 760 2752 Romam
776 2700 938 2752 venerunt.
984 2687 1080 2753 Cotta
1104 2689 1269 2757 inseram
1292 2691 1445 2776 primum,

379 2775 495 2842 deinde
517 2775 551 2840 in
574 2776 728 2840 concione
743 2775 834 2859 jussu
851 2774 996 2852 Petrum,
1011 2796 1082 2860 quae
1103 2788 1173 2842 scta
1187 2775 1222 2840 in
1238 2777 1316 2842 Asis
1329 2790 1444 2853 essent,
1538 2847 1539 2858 χ

379 2862 533 2950 esposuit.
580 2861 777 2947 Supplicetio
812 2859 888 2925 inde
919 2863 952 2926 in
984 2860 1126 2926 triduum
1161 2860 1289 2928 decreta
1325 2877 1385 2940 est,
1415 2879 1447 2926 et

379 2949 591 3038 quadraginta
607 2949 739 3034 majores
754 2947 865 3012 hostire
880 2946 1027 3012 inmolari
1036 2948 1143 3034 jussae.
1189 2949 1274 3013 Tum
1298 2950 1444 3014 omnium

215 3039 517 3123 warenn-primum
542 3035 677 3100 Eumeni
701 3045 826 3098 senatus
849 3031 943 3098 datus
965 3045 1021 3098 est.
1066 3035 1099 3100 Is
1124 3057 1224 3122 quum
1251 3036 1391 3102 breviter
1415 3047 1445 3101 et
1538 3049 1539 3054 ’

216 3119 368 3170 mim*
378 3126 495 3212 egisset
507 3123 625 3210 gratias
640 3119 800 3200 Patribus,
815 3123 897 3204 quod
911 3121 1068 3184 obsidione
1080 3143 1113 3186 se
1125 3122 1305 3208 aefietrem
1319 3125 1445 3188 eecnss‘s·

377 3221 457 3290 sent,
470 3229 653 3296 regnumque
666 3205 706 3270 ab
721 3206 847 3290 injuriis
857 3206 1006 3270 Antiochi
1019 3209 1239 3273 vindicassent:
1262 3221 1294 3273 et
1305 3210 1444 3296 gratula-

378 3311 429 3364 tus
444 3311 533 3374 esset,
550 3295 631 3380 qnod
643 3294 726 3357 neri
738 3302 882 3378 ternaque
888 3315 1038 3376 prospere
1047 3316 1097 3359 res
1106 3295 1286 3380 gessissent3
1309 3299 1447 3381 quodque

377 3405 477 3470 regem
492 3379 796 3464 Antiochumfirsrrm
805 3379 1014 3466 flegetumqne
1035 3390 1065 3444 rs
1084 3389 1204 3445 enectum
1221 3385 1344 3460 resins,
1354 3387 1446 3466 prius

378 3473 519 3554 Europe,
538 3477 610 3552 pest
631 3476 662 3530 et
676 3466 767 3543 Asia,
783 3486 852 3549 que
872 3467 916 3531 cis
934 3466 1070 3530 Tairrurn
1091 3477 1219 3532 montem
1240 3472 1446 3558 een—erpuin-

377 3566 461 3622 sent:
481 3577 538 3620 ενα
551 3552 667 3620 deinde
683 3555 794 3616 merita
807 3553 962 3618 medaeas
976 3575 1014 3616 ee
1028 3555 1262 3638 insperatoribus
1282 3558 1346 3622 suis
1359 3559 1446 3641 lega-
1538 3565 1539 3632 g

567 3717 580 3756 t
591 3713 633 3759 Ita
640 3712 768 3774 provincia
779 3717 860 3772 erepta
871 3691 946 3760 lirosa
959 3713 1027 3758 Crev-
1124 3716 1134 3742 ¹
1145 3726 1185 3760 ees
1196 3712 1261 3761 sed.

412 3839 896 3907 ss'lnrpers'ninhibitanltrees'tnoqne]
927 3843 1009 3890 vendae
1031 3845 1158 3891 necessitas
1185 3844 1356 3905 inungeretur.
1391 3845 1447 3892 vie.

378 3915 483 3960 Praetura
502 3909 628 3966 nimirum,
641 3923 688 3968 pro
703 3909 758 3967 iure
779 3909 894 3969 pretorio
927 3913 980 3956 not.
992 3913 1032 3958 7⁰.
1044 3909 1101 3956 adl.
1114 3909 1160 3956 llL
1173 3924 1193 3955 c.
1206 3915 1246 3956 80.

379 3977 515 4042 potestatis,
523 3975 624 4034 Jubente
635 3975 771 4034 pontificem
783 3974 895 4020 absistere
955 3979 986 4024 ⁴7
996 3975 1073 4030 Quam
1080 3971 1448 4037 eumtnentsarnrrmssngenio·

379 4044 492 4105 incept03
515 4041 627 4102 pontifice
648 4039 761 4098 maximo,
780 4046 893 4099 tanquam
928 4045 1048 4085 naetvere
1057 4039 1113 4088 Alb.
1123 4041 1255 4095 Rubenius,
1264 4047 1446 4102 quassaverat

381 4123 474 4156 summo
502 4119 621 4154 sacrorum
649 4105 767 4160 antistite,
792 4104 893 4162 jubente
919 4105 1000 4164 smne.
1020 4104 1446 4164 Siesartprtnetlvinmvixdantrr·

379 4180 514 4236 praetorem,
526 4171 567 4232 qui
578 4171 676 4218 Flamen
689 4169 820 4220 Quirinalis
831 4175 892 4226 erat,
926 4170 972 4226 bit,
982 4170 1024 4230 qui
1035 4175 1060 4216 et
1071 4183 1098 4216 es
1105 4185 1157 4230 quc
1165 4171 1312 4232 prunedum,
1319 4176 1344 4218 et
1353 4183 1383 4217 en
1390 4184 1445 4230 ane

374 4245 452 4300 etque
463 4239 517 4284 ideo
526 4237 600 4295 jussis
608 4235 728 4297 pontilicis
736 4235 831 4280 maximi
839 4235 894 4282 rub·
928 4241 1069 4295 sequuntur,
1079 4237 1150 4295 poulo
1158 4238 1276 4285 attentius
1286 4236 1446 4298 peromnem„

378 4306 467 4364 laetus,
478 4302 522 4349 sibi
535 4303 599 4348 dicto
610 4301 745 4346 audientem
755 4314 814 4348 esse.
959 4305 991 4346 ⁴8
1008 4299 1154 4366 Rhodiique]
1188 4301 1234 4352 Vel
1260 4303 1377 4362 intellige,
1405 4300 1446 4348 vel

414 4373 445 4417 46
464 4367 573 4428 Pignore
590 4363 672 4427 eapte]
688 4366 723 4413 Ut
736 4366 832 4414 mulctae
848 4367 896 4414 sol·
929 4365 988 4414 sddc
998 4367 1082 4428 ngare.
