3126 4978
174 394 241 451 [λθ.
255 397 311 452 801.

172 460 204 507 a.
217 461 244 518 c,
259 465 313 510 rat.

173 523 233 582 Ejus
241 531 308 580 gesta

172 589 199 636 in
212 589 313 637 Theren·

172 654 214 702 lin.
238 691 240 694 .

332 235 393 308 sta
725 223 1002 292 T1T1L1v11

380 393 443 461 IX.
466 394 636 471 Antiocho,
656 393 697 459 ad
722 394 842 460 Pheras
857 396 924 482 jam
950 407 1051 461 castm
1077 393 1229 474 habenti,
1244 393 1297 459 ubi
1316 411 1398 459 con-

319 508 320 518 *
331 482 507 567 junxerant
521 483 550 546 ei
565 505 598 546 se
613 481 715 546 AEton
729 495 761 547 et
776 483 839 546 Am
862 480 1098 570 niunden-legati
1109 481 1150 546 ab
1163 481 1290 548 Larissa
1300 501 1399 545 vene·

337 580 421 644 runt,
447 580 632 654 quaerentes,
657 567 743 652 quod
769 570 811 631 ob
836 505 953 634 dictum
981 568 1142 633 dictumve
1167 567 1400 634 Thessalorum

337 653 421 726 bello
434 654 600 720 lacesseret
615 653 692 718 eos?
713 654 806 718 simul
822 666 958 733 orantes,
974 667 1020 732 ut,
1036 669 1158 733 remoto
1173 655 1323 730 exercitu,
1339 673 1403 737 per·

333 741 467 827 legatos,
490 742 516 804 si
542 740 619 827 quid
645 741 674 804 ei
698 741 878 818 videretur,
894 762 999 805 secum
1025 740 1223 826 disceptaret.
1270 739 1398 804 Eodem

337 839 481 911 ternpore
502 828 693 914 quingentos
715 841 865 907 armatos,
880 826 962 891 duce
983 826 1202 912 Hippolocho,
1220 825 1338 892 Pheras
1360 826 1399 888 in

336 913 717 998 praesidlummiserunt:
738 912 784 991 hi,
800 913 921 978 exclusi
945 912 1044 989 aditu,
1062 915 1129 999 jam
1156 914 1262 978 omnia
1282 913 1401 977 itinera

337 998 554 1064 obsidentibus
568 1000 672 1088 regiis,
690 1000 869 1065 Scotussam
892 1021 925 1064 se
946 1011 1140 1084 receperunt.
1187 999 1311 1088 legatis
1331 999 1401 1062 La-

337 1085 517 1150 rissaeorum
554 1108 610 1150 rex
647 1084 818 1150 clementer
854 1084 1026 1170 respondit,
1059 1087 1128 1150 Non
1157 1086 1232 1149 helii·
1243 1083 1398 1166 sociandi,

337 1175 391 1236 red
416 1175 533 1237 tuenda
550 1183 582 1236 et
602 1173 793 1236 stabilienda
819 1171 966 1236 libertatis
993 1173 1200 1236 mesanum
1223 1191 1341 1248 catera,
1357 1180 1403 1244 'aa
1430 1204 1434 1209 ·

341 1259 532 1323 Thessaliam
545 1259 685 1322 intrasse.
731 1257 853 1323 Similia
873 1256 923 1321 his
966 1257 999 1322 ui
1024 1279 1097 1322 curn
1114 1256 1255 1322 Pheraeis
1277 1259 1400 1344 ageret,

337 1344 461 1410 missus.
484 1345 535 1410 cni
557 1343 646 1410 nullo
667 1343 743 1409 dato
764 1365 924 1426 responso,
978 1342 1075 1408 heraei
1095 1343 1175 1428 ipsi⁰
1193 1343 1330 1424 legatum
1354 1343 1401 1408 ad

338 1453 457 1518 regern,
469 1431 644 1516 principem
660 1429 795 1496 civitatis
811 1430 1010 1507 Pausaniam,
1021 1430 1182 1495 miserunt.
1216 1429 1282 1507 Qui
1293 1451 1401 1580 paam

337 1516 425 1582 haud
439 1516 603 1583 dissimilia
619 1517 679 1594 his,
695 1529 732 1581 ut
745 1517 778 1580 in
801 1538 908 1581 caussa
924 1518 1003 1601 pari,
1018 1539 1091 1603 quae
1104 1539 1165 1602 pro
1180 1515 1292 1581 Chalci
1314 1517 1401 1581 ensi-

338 1602 397 1668 bus
411 1603 449 1668 in·
461 1603 630 1692 conloquio
644 1603 686 1668 ad
702 1603 815 1688 Euripi
830 1601 945 1667 fretum
967 1603 1052 1668 dicta
1071 1617 1172 1682 erant,
1188 1601 1334 1686 quaedam
1350 1615 1402 1668 et·

321 1690 401 1755 ‘ium
416 1689 561 1770 ferocius,
577 1691 710 1778 egissem
722 1690 789 1754 'rex
809 1690 907 1754 ‘etiam
928 1703 1022 1776 atque
1035 1691 1131 1754 etiarn
1153 1688 1328 1753 deliberare
1342 1711 1403 1754 eoa

334 1778 447 1864 jussos,
463 1799 505 1842 ne
518 1776 551 1841 id
566 1777 687 1841 consilii
702 1788 861 1860 caperent,
878 1776 977 1861 cujus,
993 1775 1069 1840 dum
1091 1776 1124 1839 in
1148 1774 1287 1840 futurum
1302 1776 1401 1840 nimia

337 1863 421 1929 cauti
442 1875 475 1928 et
495 1863 619 1948 providi
640 1873 753 1941 essent,
768 1861 929 1946 externplo
947 1862 1127 1948 poeniteret,
1143 1861 1271 1926 dimisit.
1317 1861 1404 1936 Haec

283 2013 285 2018 s
339 1947 661 2014 renunciata'Pheras
682 1947 712 2011 le
753 1948 797 2011 tio
819 1967 916 2032 quum
940 1960 1032 2025 esset,
1047 1969 1089 2012 nc
1108 1946 1249 2033 paullum
1267 1947 1401 2034 quidem
1457 1989 1463 2001 «

313 3159 392 3225 ·cui

338 2035 534 2111 dubitarunt,
550 2033 627 2120 quin
642 2055 703 2119 pro
741 2035 779 2097 de
792 2055 869 2120 erga
885 2033 1059 2114 Romanos,
1075 2033 1226 2121 quidquid
1243 2033 1306 2098 lors
1321 2031 1402 2099 belli

338 2120 468 2197 tulisset,
486 2132 679 2208 paterentur.
724 2118 835 2204 Itaque
854 2132 886 2184 et
905 2118 941 2204 hi
960 2141 1084 2186 summa
1106 2142 1167 2204 ope
1187 2121 1341 2205 parabant
1365 2145 1402 2186 se

337 2206 377 2272 ad
394 2205 506 2272 urbem
522 2205 769 2272 defendendam:
793 2220 825 2272 et
838 2227 898 2270 rex
909 2206 950 2271 ab
965 2207 1153 2294 omniparte
1163 2206 1257 2271 simul
1270 2209 1401 2296 obpug-⁸

337 2315 415 2374 nare
440 2293 559 2358 ruoenia
583 2307 630 2358 est
655 2293 839 2381 adgressum
861 2291 939 2371 ³⁶et,
964 2305 1001 2357 ut
1019 2295 1075 2380 qui
1100 2294 1175 2358 satis
1197 2293 1402 2379 intelligeret,

340 2387 457 2466 (neque
486 2381 571 2444 eninr
598 2381 728 2444 dubium
754 2383 833 2460 erat)
857 2379 889 2442 in
915 2391 1029 2444 eventu
1053 2379 1120 2466 ejus
1146 2379 1233 2444 urbis
1258 2381 1401 2465 positum

339 2489 415 2545 esse,
434 2489 529 2552 quarn
553 2466 689 2551 primam
715 2465 881 2554 adgressus
905 2479 994 2543 esset,
1011 2480 1065 2531 out
1090 2467 1195 2552 sperni
1218 2465 1331 2532 deinde
1356 2467 1403 2532 ab

338 2554 486 2618 uniuersa
499 2565 594 2640 gente
610 2551 848 2628 Thessalorum,
862 2564 918 2616 aut
933 2552 1036 2618 timeri
1050 2575 1094 2632 se,
1110 2553 1235 2617 omnem
1257 2552 1406 2638 undique

339 2647 491 2705 terrorem
513 2638 647 2704 obsessis
665 2638 780 2726 injecit.
826 2638 969 2703 Primum
992 2638 1136 2724 inpetum
1155 2639 1406 2726 obpugnationis

339 2727 421 2792 satis*
434 2737 615 2791 constanter
635 2725 868 2790 sustinuerunt:
891 2724 963 2790 dein
976 2733 1000 2803 Ρ,
1027 2747 1125 2810 quum
1145 2725 1243 2794 multi,
1257 2747 1405 2816 propug-

339 2825 452 2878 nantes
472 2812 634 2890 caderent,
657 2825 712 2876 aut
737 2811 990 2888 vulnerarentur,
1013 2811 1121 2878 labare
1146 2810 1245 2876 animi
1265 2835 1404 2898 coepere

341 2899 494 2965 Revocati
515 2898 631 2965 deinde
652 2898 910 2987 castigationibus
934 2897 1115 2984 principum
1136 2897 1177 2962 ad
1199 2921 1405 2984 perseveran-

340 2986 417 3052 dum
433 2987 465 3050 in
482 2985 661 3071 proposito,
672 2983 781 3058 relicto
802 2985 959 3050 exteriore
973 2984 1092 3049 circulo
1116 2985 1209 3064 muri,
1225 2985 1405 3052 delinienti-

341 3071 400 3138 bus
417 3074 484 3224 ppm
506 3073 615 3157 copiis,
635 3072 668 3135 in
686 3071 872 3136 'interiorem
895 3081 1019 3156 partem
1045 3070 1133 3136 urbis
1158 3085 1404 3150 concesserunt3

440 3159 542 3224 rarior
565 3158 663 3223 orbis
678 3156 863 3222 munitionis
889 3157 1108 3242 circumjectus
1133 3171 1210 3224 erat.
1239 3171 1407 3244 postremo

340 3245 415 3311 victi
442 3245 542 3322 malis,
558 3265 657 3331 quum
682 3244 840 3324 timerent,
854 3265 895 3308 ne
917 3243 949 3331 vi
969 3245 1068 3393 captis
1090 3243 1178 3308 nulla
1200 3244 1287 3329 apud
1301 3245 1406 3311 victo-

342 3353 408 3397 rem
425 3334 516 3398 venia
530 3342 620 3409 esset,
637 3330 825 3396 dediderunt
844 3351 918 3394 sese.
962 3329 1006 3394 Ni
1032 3330 1053 3393 il
1074 3329 1149 3395 inde
1169 3343 1310 3408 moratus
1330 3353 1405 3416 rex,

341 3429 478 3504 quatuor
494 3417 592 3482 millia
606 3428 812 3495 arnratorum,
828 3416 905 3481 dum
920 3438 1028 3481 recens
1042 3427 1145 3481 terror
1167 3430 1256 3496 esset,
1274 3418 1408 3484 Scotus-

341 3525 406 3568 sam
436 3504 531 3570 misit.
553 3525 612 3568 nec
635 3503 681 3568 ibi
710 3525 800 3568 mora
824 3502 994 3569 deditionis
1017 3516 1065 3569 est
1088 3502 1408 3581 tarraconensibus

343 3589 552 3656 Pheraeorum
563 3611 670 3654 recens
685 3589 884 3675 exemplum:
906 3591 971 3678 qui,
985 3589 1070 3676 quod
1081 3591 1284 3674 pertinaciter
1297 3593 1409 3679 primo

340 3676 527 3753 abnuerant,
552 3677 636 3741 malo
663 3675 777 3742 domiti
805 3677 932 3742 tandem
957 3675 1112 3742 iecissent.
1134 3699 1207 3742 cum
1228 3677 1297 3764 ipsa
1324 3679 1409 3746 urbe

272 3783 274 3788 ·
343 3762 570 3865 Hippolochus
582 3760 873 3850 Larisaeorumque
881 3761 1023 3828 deditum
1034 3773 1083 3828 est
1093 3763 1288 3852 praesidium.
1308 3765 1407 3832 ³⁷Di-

342 3872 429 3926 must
451 3851 492 3917 ab
513 3871 589 3937 rege
610 3849 752 3916 inviolati
775 3873 886 3916 omnes
893 3873 903 3928 3
930 3849 1018 3936 quod
1033 3873 1103 3916 eum
1125 3873 1193 3916 reru
1208 3852 1316 3939 magni
1335 3875 1408 3918 rno-

509 4081 512 4088 ,
569 4034 582 4060 ⁰
598 4030 650 4078 add
661 4045 730 4080 suum
741 4032 815 4078 Gron.
828 4032 896 4078 Cres.
991 4031 1177 4080 adunasset.
1274 4093 1277 4096 Ι

374 4192 406 4234 86
423 4181 472 4250 Et]
490 4186 628 4244 Adjecinrus
655 4187 795 4252 particulam
822 4192 856 4243 at,
921 4192 953 4235 87
969 4187 1186 4250 Dimisriabrege
1194 4190 1307 4238 inuiolati
1316 4206 1406 4250 omnes,

342 4267 394 4314 que
405 4256 429 4297 et
441 4252 571 4298 necessaris
582 4251 632 4297 sisa
644 4257 690 4308 est,
703 4257 727 4297 et
743 4254 820 4298 exstat
830 4252 856 4298 in
889 4251 953 4313 quad
964 4267 1017 4298 eam
1032 4253 1343 4320 resa....firtaramreoe]
1362 4258 1409 4305 Vel

341 4315 402 4364 libro
425 4317 520 4364 Thoan.
547 4321 572 4361 et
593 4316 674 4376 primia
702 4316 856 4378 editionibus,
889 4317 947 4363 tolle
968 4317 996 4364 ab
1017 4332 1081 4381 rege,
1107 4322 1144 4368 rel
1166 4335 1217 4370 m.
1256 4323 1408 4370 Alterutrum

341 4387 403 4427 teste
413 4383 464 4427 «lac.
474 4381 604 4427 Grouorio.
890 4383 952 4430 enim
964 4391 1040 4432 vacet.
1398 4378 1403 4386 ’
