3136 4982
329 143 441 206 468
571 171 623 195 π
754 139 1034 204 Tlrrmvlr
1111 172 1114 182 2

217 327 357 442 ἓξὲξ.
384 307 431 408 ira
453 306 578 384 animis,
601 318 728 391 postem
752 305 806 372 die
829 306 976 372 aurnibm
998 307 1102 394 copiis
1120 307 1162 380 ad
1184 306 1307 372 hostem
1330 327 1429 392 perre-

243 424 250 438 ·
283 423 292 438 ·
349 421 357 436 ·
383 406 488 458 nruut.
755 435 760 448 ι
1358 445 1361 452 ,

220 482 341 550 erbertum.
424 479 555 558 XXVI.
590 478 729 544 Biduum
764 489 879 544 tratura
912 478 1030 544 montis
1058 500 1116 566 per
1143 479 1209 544 sei
1272 499 1304 544 m
1331 478 1431 562 explo-

383 565 493 644 randa,
517 587 557 629 ne
586 563 662 650 quid
691 565 793 652 ignoti
820 564 1086 642 essetabsumsit
1110 587 1232 630 consu.
1262 565 1354 631 tertio
1377 564 1431 643 die,

383 675 480 738 quum
503 651 644 737 auspicio
663 673 791 736 operam
812 651 957 729 dedisset,
977 651 1095 716 deinde
1111 651 1349 728 inmolasret,.in
1362 673 1433 738 qaa-

383 754 456 804 tuor
480 753 586 823 partes
607 737 721 802 divisas
747 738 853 822 copias
876 738 999 802 educit:
1033 737 1113 802 duas
1142 750 1178 803 ut
1204 737 1310 802 taedio
1333 749 1433 802 nante

261 841 265 848 ’
318 877 321 885 .
374 824 533 917 'duceret’
546 824 625 889 duas
655 823 696 888 ab
723 822 873 888 lateribus
903 838 938 888 ut
961 823 1111 888 adversus
1128 845 1252 890 cornua
1274 822 1434 922 Gallorurq

383 923 526 1062 tutin
550 909 973 1077 &sturmini
987 907 1435 1083 ‘craimedarii

382 1082 555 1168 equitatum
574 1086 585 1163 t
609 1083 661 1148 uia
675 1097 830 1166 equorum
847 1081 952 1148 nullus
971 1082 1057 1148 inter
1077 1082 1250 1169 inequales
1264 1103 1434 1167 rupesusus

382 1171 465 1250 erat)
480 1168 520 1234 ad
605 1192 638 1234 es
660 1167 840 1243 deductum,
855 1168 967 1236 decern
991 1168 1091 1233 millia
1109 1169 1289 1246 bominum,
1304 1167 1345 1232 ab
1365 1167 1435 1232 dex·

232 1271 262 1313 ,“
384 1267 435 1322 tro
456 1254 640 1320 locaverunt
661 1275 771 1320 cornu.
815 1254 1002 1320 Ariarathis
1020 1254 1236 1340 Cappadoces.
1250 1268 1282 1320 ct
1303 1253 1453 1319 ⁹⁴Morzi*

383 1341 551 1408 auxiliares
579 1342 613 1406 in
641 1341 723 1406 itero
747 1353 884 1428 quatuor
911 1340 1009 1406 fenne
1038 1340 1170 1406 millium
1196 1361 1372 1406 numerum:
1388 1361 1435 1404 ex·

384 1428 522 1517 pieiraut.
568 1427 700 1504 Consul,
725 1427 807 1492 sicut
831 1427 864 1492 iu
891 1427 1032 1514 Olympo
1057 1425 1302 1513 monte,.prima
1322 1428 1354 1491 in
1376 1426 1435 1492 acia

384 1513 488 1580 locata
502 1515 560 1580 levi
576 1529 745 1590 armatura,
761 1513 896 1579 telorum
916 1518 1019 1578 omnis
1037 1513 1165 1601 generis
1175 1527 1212 1580 ut
1227 1535 1320 1601 teque
1332 1533 1436 1600 magus

384 1601 431 1666 vis
452 1601 497 1668 ¹ad
523 1622 651 1666 manum
675 1613 764 1678 esset,
786 1601 914 1664 curavit.
961 1601 1027 1666 Ubi
1052 1599 1359 1687 adpropinquarunt,
1373 1621 1435 1664 om·

385 1689 438 1752 nia
459 1687 568 1752 eadem
591 1687 760 1774 utrimque,
782 1685 1060 1772 quae·fuerant1in
1086 1687 1194 1772 prlore
1217 1686 1342 1772 proelia,
1356 1695 1435 1750 erant

407 1787 500 1840 raeter
514 1776 646 1851 animos,
663 1787 694 1838 et
707 1773 880 1840 victoribus
899 1772 941 1837 ab
957 1771 1142 1838 sesecundo
1159 1787 1282 1852 auctos,
1297 1784 1329 1838 et
1347 1770 1434 1836 hosti·

384 1796 444 1925 bus
466 1859 598 1926 fractos:
622 1862 705 1944 quia,
720 1860 778 1924 etsi
797 1881 863 1922 nou
884 1859 945 1943 ipsi
964 1859 1038 1925 victi
1059 1871 1159 1938 erant,
1175 1880 1245 1926 sure
1328 1859 1366 1924 tis
1386 1857 1434 1921 bo·

385 1948 506 2010 minuar
532 1945 654 2010 cladem
681 1967 740 2029 pro
765 1969 821 2046 spa
845 1944 1013 2048 ducebant.
1034 1946 1140 2032 itaque
1160 1968 1180 2009 a
1200 1967 1276 2098 part
1298 1969 1336 2048 us
1349 1943 1434 2008 initiis

384 2044 489 2182 {diditi
504 2031 1434 2206 qepnjqqppdffipirptpcqqssagqutlbruxpiulpequaspgergrcqpoetpe
1515 2149 1516 2158 κ

385 2205 550 2291 quisquam
567 2203 608 2268 ab
622 2203 786 2268 ordinibus
806 2204 880 2285 suis,
895 2225 936 2268 ne
949 2203 1107 2269 nudarent
1121 2205 1265 2292 undique
1278 2225 1386 2290 corpus
1398 2199 1433 2266 ad

384 2292 475 2366 ictus,
498 2291 673 2358 audebant:
696 2303 728 2355 et
742 2303 868 2366 stantes,
884 2290 1130 2376 quodensiores
1151 2291 1331 2369 erant,.hoc
1345 2290 1432 2376 plura,

384 2377 504 2445 t⁵vs1ut
533 2377 720 2444 destinatum
744 2376 931 2460 petentibus,
952 2377 1083 2442 vulnera
1106 2377 1314 2464 accipiebant.
1349 2375 1432 2440 con·
1515 2389 1516 2448 ξ

384 2464 520 2550 sul‚jam
536 2486 593 2548 per
604 2487 637 2530 se
651 2464 784 2528 turbatis
800 2464 827 2528 si
841 2463 1003 2549 legionum
1019 2463 1322 2550 signaostendisret,
1337 2481 1431 2526 versu·

384 2573 437 2614 ros
452 2550 613 2636 extempio
634 2550 667 2614 ia
690 2548 797 2638 fugam
820 2571 930 2614 omnes
952 2563 1047 2629 ratus,
1062 2551 1195 2634 receptis
1218 2551 1302 2617 inter
1320 2547 1431 2614 ordines

384 2637 531 2708 velitibus
543 2634 647 2704 etalio
662 2636 756 2702 turba
765 2635 972 2714 auxiliorum,
987 2637 1086 2700 aciem
1102 2638 1274 2722 promovit.
1514 2633 1515 2638 ’

428 2723 582 2788 XXVII.
607 2721 709 2800 Galli,
720 2734 751 2788 et
766 2723 919 2788 memoria
934 2721 1205 2788 Tolistoboiorum
1220 2723 1320 2789 cladis
1334 2716 1431 2792 territi,

316 2809 331 2838 ¹·
384 2823 416 2880 et
427 2809 616 2880 inhaerentia
636 2809 823 2894 corporibus
844 2822 989 2909 gerentes
1007 2809 1079 2885 tela,
1095 2808 1228 2896 fessique
1242 2821 1275 2875 et
1289 2805 1395 2874 stando
1406 2811 1432 2865 ct

384 2896 577 2971 vulneribus,
593 2917 634 2962 ne
647 2895 785 2980 primurn
798 2894 927 2982 quidem
942 2895 1086 2980 inpetum
1101 2910 1134 2960 ct
1144 2895 1315 2962 clamorem
1326 2895 1430 2958 Roma·

385 3006 498 3048 norum
515 2982 666 3048 tulerunt.
713 2982 803 3067 Fuga
817 2983 857 3046 ad
871 2993 973 3050 castra
986 2980 1161 3048 inclinavit.
1183 2982 1239 3048 scd
1255 2980 1346 3068 pauci
1359 2979 1431 3041 intra

384 3072 581 3136 munimenta
609 3074 698 3133 sese¹
728 3089 889 3152 recepere:
927 3089 1001 3152 pars
1029 3069 1140 3153 major,
1167 3067 1280 3135 dextra
1305 3069 1432 3146 laevaque

384 3157 410 3224 2⁶
420 3156 554 3240 prrelati,
569 3176 632 3242 que
647 3175 805 3240 quemque
827 3155 953 3237 inpetus
967 3153 1049 3232 tulit,
1061 3153 1223 3242 fugeruut.
1238 3155 1430 3226 victoresne

385 3266 448 3329 que
473 3241 514 3306 ad
538 3256 643 3308 cestra
667 3243 776 3317 secuti,
792 3241 973 3308 ceciderunt
991 3253 1100 3328 terga:
1132 3240 1248 3306 deinde
1276 3241 1310 3303 in
1337 3231 1433 3306 castri*

385 3329 558 3414 cupiditate
578 3326 698 3413 praedae
719 3326 888 3403 haeserunt,
904 3347 963 3392 nec
977 3327 1165 3412 sequebatur
1182 3327 1359 3414 quisquam.
1398 3317 1431 3382 11¹

386 3415 535 3480 cornibus
548 3414 635 3484 Galli
658 3412 777 3480 diutius
803 3424 967 3491 steterunt,
982 3414 1057 3501 quia
1072 3414 1171 3478 scrius
1185 3413 1226 3478 ad
1241 3436 1295 3478 eos
1315 3424 1431 3498 pervtss·

386 3515 454 3570 tum
479 3515 536 3566 est.
563 3513 701 3564 ceterum
729 3522 769 3564 ne
793 3499 932 3583 primunr
958 3501 1086 3585 quidem
1109 3502 1287 3586 conjectum
1312 3498 1430 3562 telorum

387 3587 538 3652 tulerunt.
562 3585 694 3660 Consul,
706 3585 791 3670 ⁹⁷qui
808 3586 963 3672 ingressos
974 3589 1006 3652 in
1018 3599 1120 3650 castra
1131 3589 1171 3650 ab
1182 3585 1359 3670 direptione
1371 3576 1431 3642 abt·

387 3673 512 3739 trahere
534 3693 598 3756 nqn
623 3687 756 3757 poterat,
772 3693 835 3749 eos,
852 3672 906 3757 qui
924 3672 955 3734 in
979 3672 1128 3738 cornibus
1148 3669 1283 3747 fixerant,
1301 3665 1429 3758 protinus

387 3759 429 3826 ad
445 3758 621 3847 sequendos
635 3759 741 3824 hostes
763 3759 856 3824 misit.
879 3779 937 3844 per
958 3757 1155 3844 aliquantum
1179 3758 1313 3845 spatium
1334 3761 1428 3820 secuto

817 3916 831 3945 Χ
840 3915 950 3988 κριοῦ.
963 3916 1031 3962 Creu.

420 4055 452 4099 94
468 4049 552 4096 Marsi
558 4043 701 4112 auxiliares]
713 4048 790 4094 Docet
800 4047 900 4104 essu·-
933 4047 1052 4108 geatibur·
1085 4046 1243 4092 Reatinorum
1257 4041 1296 4088 bic
1310 4033 1429 4092 interior·

388 4115 458 4164 bonit
469 4116 484 4161 l·
495 4115 554 4160 XII.
566 4127 589 4174 p.
602 4117 657 4160 562.
674 4113 784 4169 Sigonius
795 4113 900 4160 Mortem
934 4113 989 4162 dum
1000 4117 1037 4158 eat
1045 4126 1134 4171 eropus.

389 4182 461 4226 fuisse
473 4180 652 4240 Paphlagonum
662 4192 747 4234 amm.
968 4180 999 4226 96
1016 4171 1133 4238 Prolati]
1159 4175 1254 4236 Impeta
1280 4171 1337 4227 (aaa
1356 4165 1428 4226 pmii

421 4251 453 4294 95
473 4245 545 4292 Velut
556 4237 902 4306 dertinrtmupeteutidrra']iio-
935 4241 1098 4289 castraablati.

386 4311 466 4358 menis
488 4322 599 4370 tanquam
621 4310 648 4356 ad
667 4322 763 4369 scopam
782 4308 829 4354 tels
845 4307 902 4353 diri·
968 4301 1093 4370 armai]
1110 4303 1309 4370 Mallcmurquia.
