3136 4982
248 321 278 368 U·
291 325 318 372 0·
330 327 384 374 864-

248 389 279 434 Λ.
291 389 319 437 0.
332 397 385 441 tus.

252 2221 391 2276 legationes

254 2287 318 2332 Asiae
329 2288 358 2333 sd

254 2352 378 2399 Manlium.

408 163 467 220 ero
742 223 748 240 ,
809 161 919 226 rrrr
951 159 1088 224 u1v11

410 321 564 391 indictum
584 335 642 402 est,
662 322 754 410 quod:
770 323 803 393 in
823 325 984 399 Aventino
1004 323 1163 412 lapidibus
1181 323 1319 412 pluisset.
1356 321 1434 388 eso·

409 410 495 496 pani,
511 431 610 496 quum
625 431 679 474 eos
692 431 734 474 ex
748 413 1030 500 senatusconsulto,
1045 411 1131 498 quod
1145 411 1260 478 factum
1273 419 1336 476 erat
1346 407 1436 493 priore

409 501 524 572 annot,
540 515 685 561 censores
707 495 820 560 Rome
837 497 964 565 ,censeri
988 500 1173 585 cobgiascnt,
1191 503 1276 582 (nam
1297 507 1381 562 antea
1398 493 1438 558 in·
1528 503 1529 512 ’

410 596 531 648 certum
546 581 658 670 fuerat,
673 581 728 646 ubi
750 584 964 664 censerentur)
979 586 1148 668 petierunt,
1166 598 1201 649 ut
1222 583 1280 649 sibi
1294 582 1369 646 ciras
1382 578 1437 644 Rc

410 690 519 738 manas
533 667 650 732 ducere
671 689 787 732 uxores
808 668 935 745 liceret;
958 682 999 747 et,
1015 670 1119 754 siqui
1141 670 1227 756 prins
1241 668 1401 745 duxissent,
1411 675 1442 727 ut

410 753 529 818 habere
540 775 602 832 eas,
619 764 737 818 stante
751 776 819 819 eam
834 754 918 819 diem
933 757 1009 832 nati,
1027 757 1073 820 uti
1089 756 1166 842 justi
1181 756 1239 822 sibi
1258 753 1344 820 liberi
1356 751 1441 816 hare·
1526 791 1529 824 ,

410 839 528 940 desque
547 851 659 906 essent.
680 852 814 926 utraque
835 862 884 904 rea
904 841 1080 926 impetrata.
1123 841 1175 906 De
1190 838 1361 906 Formianis
1373 837 1443 902 tun-

410 926 563 1011 dunrsqus
587 925 799 1010 municipibus
824 937 856 990 et
881 927 1090 1011 Arpinatibus
1106 927 1310 994 .C.Valerins
1329 923 1443 1007 Tappus

411 1012 559 1078 tribunus
587 1012 686 1096 plebis
711 1011 932 1099 promulgavit,
964 1013 1010 1081 uti
1038 1014 1077 1080 iis
1107 1012 1247 1100 suffragii
1274 1012 1347 1088 latio
1370 1013 1444 1093 (nam

405 1109 485 1182 ante
507 1097 573 1174 sine
587 1097 737 1198 suffragio
751 1096 926 1164 habuerant
944 1099 1117 1181 civitatem)
1132 1112 1223 1168 esset.
1269 1098 1356 1164 Huic
1369 1115 1446 1180 roga·

411 1182 491 1251 tiuni
505 1196 645 1270 quatuor
656 1184 776 1248 trrhuni
790 1183 900 1269 plebis,
916 1185 990 1271 quic
1004 1207 1070 1250 non
1083 1209 1121 1254 ex
1144 1185 1327 1264 auctoritate
1341 1193 1447 1248 senatus

411 1270 555 1346 ferretur,
571 1291 671 1356 quum
684 1269 925 1349 intercederent,
940 1271 1053 1348 edocti,
1070 1271 1180 1357 populi
1201 1293 1280 1349 esse,
1295 1291 1358 1334 non
1376 1287 1448 1330 sena·

412 1371 464 1422 tus
485 1357 537 1441 jus
564 1353 758 1456 suffragium,
782 1356 895 1442 quibus
918 1357 1003 1434 uelit,
1029 1358 1184 1442 inpartiri,
1211 1357 1395 1425 destiterunt
1410 1353 1448 1414 in·

412 1453 514 1527 cepto.
560 1443 699 1530 Rogana
721 1441 841 1527 perlata
862 1456 918 1519 est,
935 1457 970 1508 ut
991 1443 1024 1508 in
1046 1443 1176 1518 ,AEmssia
1197 1445 1285 1518 tribu
1307 1435 1449 1510 Formiani
1531 1509 1532 1514 γ

412 1542 445 1596 et
460 1527 619 1606 Fundani,
633 1528 667 1592 in
684 1527 832 1594 Cornelia
847 1528 1015 1613 Arpinates
1033 1527 1161 1598 ferrent.
1183 1543 1282 1616 atque.
1294 1529 1326 1594 iu
1348 1525 1392 1592 his
1405 1523 1449 1588 tri·
1531 1571 1532 1600 ,

413 1615 516 1681 bubus
539 1627 605 1682 tum
627 1614 767 1699 primum
790 1635 829 1678 ex
852 1615 979 1679 Valerio
998 1614 1162 1700 plebiscito
1187 1616 1277 1682 censi
1292 1628 1372 1679 sunt.
1410 1606 1451 1674 M.
1531 1601 1532 1624 ¹

414 1700 568 1768 Claudius
584 1699 758 1768 Marcellus
773 1721 895 1780 censor,
909 1712 992 1773 sorte
1006 1714 1154 1786 superato
1169 1701 1211 1768 T.
1228 1699 1389 1778 Quinctio,
1401 1696 1452 1760 lus·

413 1801 499 1854 trum
513 1786 674 1868 condidit,
690 1807 783 1850 censa
798 1786 887 1854 sunti
902 1786 1015 1853 civium
1038 1789 1141 1874 capita
1161 1787 1304 1864 ducenta
1316 1785 1452 1872 qninqua-
1531 1787 1532 1836 l

411 1874 501 1961 ginta
515 1886 588 1936 octo
602 1871 700 1936 millia
714 1884 853 1938 trecenta
871 1873 978 1936 decem
993 1884 1025 1936 et
1046 1891 1118 1940 octo
1126 1881 1149 1939 ¹.
1182 1874 1307 1950 Luatru
1320 1870 1451 1958 perfecto,
1531 1887 1532 1912 l

413 1960 557 2024 consules
572 1958 604 2020 in
619 1957 797 2042 provincias
811 1953 941 2042 profecti
957 1971 1040 2024 sunt.

457 2043 643 2110 XXXVII.
667 2042 786 2108 Hieme
808 2065 856 2122 ea,
883 2066 947 2129 qua
969 2043 1039 2110 haec
1060 2043 1179 2110 ‘Romae
1202 2057 1296 2134 gesta
1324 2052 1402 2119 sunt
1423 2036 1455 2102 sd

416 2129 478 2196 Cn.
494 2127 666 2208 Manlium,
680 2127 840 2194 consulem
865 2128 1018 2215 primurn,
1039 2129 1155 2196 deiude
1175 2152 1239 2216 pro
1265 2129 1398 2206 consule,
1417 2123 1455 2188 hi-

415 2217 599 2280 bernantem
615 2216 648 2280 iu
664 2215 751 2293 Asia,
768 2215 939 2303 legationes
959 2215 1101 2302 undique
1115 2238 1155 2280 ex
1174 2219 1328 2284 omnibns
1342 2211 1458 2284 civitati·
1531 2267 1532 2284 ι

416 2301 478 2368 bus
488 2300 708 2389 gentibusque,
723 2323 795 2386 quae
810 2302 854 2366 cis
870 2301 1012 2368 Taurum
1034 2313 1172 2368 montem
1188 2303 1458 2381 incolumemve

417 2390 555 2456 niebaut.
577 2392 659 2454 et'ut
673 2386 788 2452 clarior
802 2386 1002 2488 nobiliorque
1015 2387 1145 2454 victoria
1165 2389 1327 2456 Romanis
1348 2388 1386 2454 de
1398 2403 1460 2532 repe
1531 2393 1532 2458 l

415 2473 576 2542 Antiocho
600 2472 670 2551 suit,
697 2471 849 2560 quamde
873 2473 991 2550 Gallrs;
1014 2473 1061 2540 ita
1089 2474 1193 2539 loetior
1222 2476 1320 2542 sociis
1344 2483 1407 2542 srst
1445 2488 1459 2529 θ

417 2559 530 2637 Gallis,
545 2557 695 2646 quamde
710 2558 882 2624 Antiocho.
925 2559 1136 2626 Tolerabilior
1149 2563 1241 2648 regia
1263 2555 1460 2630 servituslue

366 2688 373 2694 ·
415 2659 476 2727 rat,
490 2667 586 2731 quam
600 2644 707 2712 feritas
720 2644 896 2710 inmanium
911 2645 1129 2725 barbarorum,
1139 2647 1349 2736 incertusque
1362 2648 1393 2712 in
1406 2643 1461 2708 dics

416 2743 529 2810 terror,
546 2754 610 2821 quo
625 2731 710 2796 velut
723 2742 891 2822 tempestas
913 2755 966 2798 eos
986 2732 1173 2818 populantes
1194 2734 1343 2802 inferret.
1362 2733 1462 2812 iraque,

416 2829 453 2884 ot
481 2818 596 2906 quibus
623 2818 761 2898 libertas,
785 2817 948 2884 Antiocho
973 2821 1074 2903 pulsu,
1101 2841 1173 2904 pax,
1202 2821 1315 2888 Gallis
1342 2814 1461 2894 domiue

416 2905 492 2972 data
520 2918 609 2983 esset,
633 2926 699 2971 non
726 2903 921 2991 gratulatum
948 2905 1229 2986 modo'venerarrt,
1262 2905 1320 2974 sed
1349 2919 1462 2972 coroner

417 2992 512 3059 etiam
528 3013 648 3068 aureas,
664 3011 723 3076 pro
738 2991 802 3056 suis
817 3012 950 3078 quaeque
971 2989 1181 3070 facultatibus,
1196 2993 1393 3062 adtulerunt.
1430 2984 1463 3050 El

408 3077 459 3144 ab
473 3077 632 3143 Antiocho
653 3076 759 3163 legati,
775 3089 807 3143 et
831 3077 870 3142 ab
892 3077 967 3162 ipsis
983 3077 1095 3158 Gallis,
1110 3087 1147 3142 ut
1170 3081 1263 3164 pacis
1288 3081 1376 3172 leges
1395 3073 1462 3140 dice·

417 3155 540 3244 rentur,
555 3177 587 3228 et
600 3163 642 3228 ab
657 3159 827 3227 Ariarathe
844 3185 919 3250 rege
934 3163 1161 3265 Capporlocnm
1184 3181 1359 3245 venerunt,
1374 3163 1411 3230 ad
1424 3181 1464 3224 rc·

305 3295 307 3299 ,
377 3251 380 3263 '
416 3249 502 3314 niam
518 3249 698 3336 petendam,
716 3247 926 3336 luendamque
947 3271 1083 3334 pecunia
1103 3271 1233 3330 noxam,
1253 3255 1344 3342 qnod
1359 3244 1464 3316 auxiliis
1531 3301 1532 3346 ἰ

417 3335 610 3404 Antiochum
621 3334 761 3421 juvisset.
804 3333 932 3401 ²⁵'Huic
947 3341 1109 3400 sexcenta¹
1124 3336 1245 3410 talenta
1267 3337 1392 3426 argenti
1410 3337 1468 3404 suut

417 3420 581 3507 imperata.
627 3421 728 3487 Gallis
751 3443 944 3506 responsum,
961 3444 1059 3506 quum
1075 3421 1236 3490 Eumenes
1263 3448 1323 3492 rex
1343 3421 1467 3492 venisset,

417 3518 486 3573 turn
506 3507 656 3572 daturum
677 3509 715 3572 iis
736 3506 831 3596 leges.
854 3507 1027 3573 civitatium
1047 3509 1220 3598 legationes
1243 3533 1323 3578 cnm
1339 3503 1469 3596 benignis

418 3594 587 3680 responsis,
603 3593 738 3660 laetiores
752 3595 847 3660 etiam
865 3616 960 3681 quarn
975 3607 1135 3672 venerant,
1151 3593 1309 3664 dimissae.
1334 3587 1470 3664 Antiochi

418 3679 514 3768 legati
535 3681 700 3764 pecuniam
723 3679 757 3744 in
781 3677 1012 3767 Pamphyliam,
1039 3681 1304 3772 iumentumque
1326 3687 1471 3768 expecto

418 3787 492 3830 cnm
518 3765 557 3830 L.
569 3767 718 3851 Scipione
742 3765 865 3832 foedere
882 3767 963 3854 jussi
988 3767 1218 3846 advehere37eo
1243 3793 1282 3836 se
1305 3793 1380 3838 cnm
1396 3783 1472 3833 exer·

450 3932 796 3998 hqnudpriorcannosactum
807 3936 1023 3984 cremnon-Cres.
1087 3929 1303 3990 lamentasse
1359 3939 1475 3988 ktreceslfl

417 3999 546 4050 octollaed.
610 3997 849 4050 intramissor.
1248 4031 1256 4038 -

450 4141 481 4180 25
498 4131 536 4180 132·
552 4135 652 4182 ducente
668 4132 771 4198 talenta]
787 4137 863 4192 Magis
880 4137 930 4197 pla·
962 4130 1020 4200 †et
1034 4133 1085 4184 eam
1104 4135 1129 4184 iu
1142 4136 1210 4184 MSS.
1222 4139 1279 4188 suis
1297 4147 1394 4195 uetare
1409 4137 1480 4190 munel

416 4205 454 4248 cet
470 4200 540 4252 hulst
553 4199 705 4248 'hinceoim
724 4201 820 4262 partitio
837 4203 930 4261 quatri·
962 4201 1065 4251 Medius.
1097 4203 1211 4252 Ducenio
1232 4207 1337 4258 talentu
1356 4211 1414 4256 aunt
1428 4211 1479 4252 unt·

372 4317 374 4321 ,
416 4263 526 4313 membris
538 4265 635 4325 incipit:
652 4265 720 4314 Huic
731 4261 739 4314 ζ
751 4299 757 4312 .
772 4267 847 4313 Gallie
857 4299 865 4314 .
876 4299 883 4315 .
895 4268 930 4314 ci·
962 4284 995 4318 cae
1006 4267 1097 4330 urgenti
1111 4273 1195 4320 18750.

416 4332 520 4376 citatum
530 4331 662 4392 legationes
672 4362 678 4376 .
690 4364 697 4377 .
709 4332 824 4382 Antiochi
839 4333 927 4392 legati,-
