3082 4976
377 193 436 245 440
787 183 891 243 ΤΙΤΙ
922 185 1059 244 LlVll

217 367 248 413 υ.
259 367 287 412 c.
299 367 354 410 ssa
380 363 464 414 trum
474 347 582 412 decem
592 345 732 412 millibus
740 347 825 423 ieris,
834 348 1052 434 auteopluris,
1059 350 1306 428 venissentffluu
1314 375 1349 416 ea
1356 375 1420 439 quo·

217 433 246 478 Α
260 433 288 480 ⁰·
304 436 355 476 ¹⁸⁴·
380 459 442 523 que
456 435 574 498 decies¹
588 446 678 498 tanto
693 433 802 516 pluris,
819 453 914 518 quam
938 436 1047 520 quanti
1062 452 1177 517 essent,
1194 439 1419 513 aestimarmtur3

380 534 413 588 et
437 521 488 584 bis
512 519 608 584 rebus
631 518 780 583 omnibus
803 519 885 584 terni
906 519 939 582 in
964 521 1063 585 millia
1084 523 1156 586 aeris
1178 523 1420 589 adtribuereutur.

379 611 497 694 aquam
516 605 678 691 publicam
693 627 831 685 omnem,
847 605 879 667 in
894 607 1053 688 privatum
1075 608 1245 672 aedificium
1261 624 1315 675 aut
1327 633 1420 696 Qum

377 695 539 770 fluentem,
561 695 762 763 ademerunt3
785 701 826 766 et,
843 713 916 775 quae
931 691 958 735 ⁶⁷
967 693 997 755 in
1015 693 1085 758 loca
1104 695 1232 778 publica
1253 697 1423 760 inaedificata

380 779 564 843 inmolitave
578 776 693 861 privati
702 775 875 852 habebant,
889 779 972 842 intra
986 779 1053 843 dies
1067 781 1198 868 triginta
1208 781 1347 846 demoliti
1356 795 1423 845 sunt.

382 865 492 951 Opera
502 862 772 930 deindefacienda
782 885 823 926 ex
835 862 963 928 decreta
977 866 1009 928 in
1026 888 1093 929 eam
1110 889 1176 930 rem
1192 867 1424 951 pecuniamn-

380 973 437 1016 cus
451 950 638 1015 sternendos
653 948 1061 1050 lapide,detergendasque,
1073 975 1137 1038 qua
1151 976 1231 1038 opus
1251 968 1338 1029 esset,
1356 952 1424 1017 cloa-

381 1043 450 1111 ‘cus3
479 1038 513 1100 in
537 1037 697 1100 Aventino
722 1050 753 1098 et
775 1035 809 1098 iu
834 1034 901 1098 aliis
925 1037 1076 1120 partibus,
1093 1061 1157 1122 qua
1179 1041 1321 1104 nondum
1342 1051 1425 1113 erant,

380 1121 539 1186 iaciendas
564 1121 759 1186 locaverunt.
805 1121 848 1185 Et
876 1123 1044 1206 separatim
1071 1123 1204 1189 Flaccus
1227 1123 1372 1189 amotam
1393 1123 1425 1187 ad

381 1207 560 1291 Neptunias
574 1229 683 1293 aquas,
701 1219 735 1270 ut
751 1207 810 1270 iter
824 1207 946 1292 populo
960 1220 1052 1285 esset,
1068 1224 1100 1274 et
1122 1212 1203 1274 viam
1227 1233 1285 1297 per
1301 1211 1424 1274 Formia-

380 1307 459 1358 num
471 1309 630 1357 tuoutem.
678 1292 761 1357 Cato
775 1295 855 1356 atria
869 1293 947 1370 duo,
966 1294 1121 1360 Maeuium
1138 1308 1169 1361 et
1181 1295 1305 1362 Titium
1324 1297 1355 1359 iu
1371 1295 1424 1358 lau·

382 1380 498 1456 tumiis,
515 1391 547 1443 et
561 1392 700 1466 quatuor
722 1378 879 1455 tabernas,
900 1381 933 1443 in
960 1381 1122 1464 publicum
1151 1383 1247 1458 emit;
1269 1383 1423 1448 basilicam·

381 1488 443 1553 que
457 1465 502 1530 ibi
516 1465 601 1541 fecit,
617 1486 690 1550 quae
707 1464 820 1529 Porcia
843 1465 1001 1548 adpellata
1020 1479 1074 1530 est.
1121 1467 1166 1532 Et
1180 1469 1345 1555 vectigalia
1358 1489 1425 1531 sum·

382 1555 441 1617 mis
453 1552 573 1637 pretiis,
587 1551 614 1596 ⁷⁰
623 1551 708 1616 ultro
719 1551 839 1615 tributu
847 1551 965 1614 infimis
974 1551 1170 1620 locaverunt.
1186 1578 1266 1640 quas
1277 1555 1425 1620 bustiones

383 1661 482 1724 quum
498 1651 634 1715 senatus,
649 1636 796 1722 precibus
812 1651 841 1700 et
857 1637 994 1701 lacrimis
1009 1639 1257 1722 publicanorum
1272 1642 1374 1717 victus,
1388 1639 1425 1702 iu-

275 1777 283 1796 ,
381 1725 454 1788 duci
469 1734 502 1788 et
520 1724 561 1788 de
575 1724 640 1786 inte
680 1746 700 1787 o
715 1723 812 1787 locari
822 1724 979 1809 jussissem
1003 1747 1156 1803 censores,
1172 1727 1281 1793 edicto
1293 1727 1425 1792 submotis

381 1809 637 1895 abhastaquiiu
665 1809 760 1874 ificati
772 1809 909 1892 priorem
920 1809 1108 1876 locationem
1116 1826 1216 1889 eraut,
1224 1813 1425 1886 omniaeaden

381 1896 524 1981 paullum
539 1896 704 1960 inminutis
718 1895 829 1979 pretiis
844 1895 1037 1961 locaverunt.
1082 1897 1208 1963 Nobilis
1223 1923 1355 1964 censura
1371 1897 1424 1970 luit,

382 1982 653 2066 simultatiumque
674 1981 785 2066 plena;
808 2003 881 2066 quae
897 1981 948 2046 M.
966 1981 1116 2048 Porcium
1146 1985 1210 2066 (cni
1237 1987 1382 2051 acerbitas
1399 2003 1426 2044 es

382 2067 621 2154 adsignabatur)
636 2088 831 2148 peromnem
847 2067 942 2130 vitam
954 2083 1177 2135 exercuerunt.
1223 2071 1346 2136 Eodem
1360 2089 1425 2135 anno

383 2154 518 2218 coloniae
539 2153 622 2228 duae,
638 2152 887 2218 ⁷1Potentia¹in
912 2152 1076 2232 Picenum,
1102 2155 1272 2222 Pisaurum
1287 2158 1350 2220 ⁷²iu
1365 2153 1425 2220 Gal·

416 2274 424 2310 1
435 2276 513 2323 decem
524 2276 599 2322 Grou.
613 2277 681 2321 Grer.
731 2278 751 2306 ¹²¹
762 2290 792 2322 ea
799 2277 904 2336 pecunia
913 2277 931 2322 s'.
943 2290 963 2324 a.
974 2291 995 2324 r.
1006 2277 1068 2324 decr.
1077 2277 1142 2325 Esed.
1192 2278 1334 2327 ”Pollentia
1344 2281 1401 2326 Cres.

414 2395 447 2438 66
466 2391 509 2438 Uti
525 2406 553 2437 eo
569 2405 659 2452 qaoque
669 2391 746 2437 decem
762 2397 831 2436 tauto
845 2392 898 2451 pla·
930 2388 1054 2454 molituoe]
1078 2394 1189 2442 AEtlificia
1208 2397 1302 2456 privata
1318 2397 1342 2442 iu
1361 2391 1423 2456 puhli-

381 2458 429 2520 νὴ]
447 2458 510 2518 Lege
531 2471 585 2502 oum
609 2457 706 2518 Sigouio
724 2462 749 2502 et
765 2457 897 2512 Gronovio,
930 2471 984 2504 cum
996 2460 1167 2518 procurrentia,
1185 2463 1266 2521 qualia
1280 2458 1424 2520 assentpudia,

382 2523 545 2570 demertaato.
579 2521 658 2568 Causa
672 2521 757 2568 erroris
769 2521 862 2567 videtur
872 2533 900 2565 ea
931 2523 971 2568 des
992 2523 1092 2569 baiocas.
1125 2525 1246 2584 Ceterum,
1278 2527 1339 2587 quod
1365 2522 1425 2570 discri-

381 2588 466 2644 tuisse,-
486 2586 549 2645 quod
572 2584 598 2632 ei
617 2587 692 2632 decies
714 2586 765 2633 sola
785 2585 899 2632 numerali
925 2601 986 2652 ¹meu
998 2587 1178 2648 significationis
1195 2591 1259 2638 inter
1270 2605 1335 2637 voees
1346 2585 1425 2645 iaedi-

382 2657 441 2699 uota
450 2652 477 2698 X
492 2653 517 2696 iu
537 2650 602 2697 libris
622 2652 771 2712 designatum
790 2651 900 2712 reperire-
933 2659 988 2699 catu
999 2657 1024 2698 et
1036 2652 1154 2702 immolitu
1168 2658 1322 2702 statuendum
1332 2657 1369 2710 ait,
1378 2649 1425 2698 haul

381 2723 431 2774 tur,
453 2721 482 2762 ut
503 2721 540 2762 est
560 2716 586 2761 iu
608 2716 740 2764 Victorino.
780 2715 901 2774 Mancipia
934 2731 990 2764 sane
999 2717 1088 2776 liquet:
1107 2719 1154 2765 uisi
1164 2721 1271 2768 dicemus
1287 2721 1426 2768 sarmatiae

381 2781 515 2840 antiquitus
527 2781 729 2838 adscribebantur,
737 2781 826 2828 mutui.
855 2779 900 2826 Sed
934 2795 958 2840 se
968 2795 996 2828 ea
1007 2797 1059 2842 quae
1069 2791 1149 2845 coepta
1159 2786 1229 2844 strui,
1242 2787 1378 2848 inaedificata
1387 2792 1425 2841 que

382 2848 428 2894 boc
443 2860 532 2893 norum
550 2851 575 2892 et
591 2860 648 2892 saue
663 2859 742 2902 grave,
755 2847 818 2905 quod
834 2858 902 2892 man·
934 2848 1004 2907 plane
1015 2852 1135 2895 exstructa
1143 2856 1218 2896 eraut.
1255 2851 1315 2898 Sane
1326 2848 1425 2896 sarbiae

381 2912 453 2972 ulpia,
465 2926 517 2971 qua
533 2911 626 2957 minora
642 2911 807 2972 annisviginti
823 2916 902 2971 empta
933 2912 977 2959 liri
992 2926 1020 2958 es
1037 2913 1072 2958 ris
1090 2917 1136 2970 est,
1146 2916 1287 2976 utprimum
1306 2916 1335 2961 rei
1351 2912 1425 2959 initium

382 2983 461 3024 esseut
472 2978 551 3022 decem
562 2973 668 3022 millibus
679 2976 742 3032 seris,
755 2981 797 3022 sut
807 2990 835 3022 eo
847 2977 901 3035 piu·
934 2978 1048 3038 designet
1062 2979 1146 3041 virgil.
1157 2981 1215 3027 AEu.
1232 2982 1287 3030 vll.
1299 2979 1379 3028 Moliri
1385 2975 1425 3037 jau

383 3043 425 3099 ris,
435 3041 511 3088 decies
522 3046 591 3086 tanto
603 3042 677 3101 pluris
692 3041 836 3088 assumerem
847 3053 901 3087 ceu·
935 3049 998 3088 tecta
1006 3041 1075 3088 uidet.
1133 3073 1136 3088 .

383 3121 457 3164 sores,
477 3120 547 3167 quam
571 3106 655 3165 quauti
674 3110 755 3164 empta
776 3112 864 3158 essent,
878 3110 902 3152 et
967 3105 1122 3170 evherus]
1138 3110 1207 3159 Quos
1226 3111 1290 3159 Galli
1305 3107 1425 3178 appellamus
1483 3121 1484 3168 ]

374 3177 466 3222 ⁴ternos
477 3171 503 3218 iu
514 3171 588 3217 millia
604 3171 657 3218 aris
678 3171 750 3229 pendi
769 3171 901 3227 jusserunt.
934 3173 1079 3230 ubressom'rs,
1090 3174 1188 3222 iussim.
1345 3173 1351 3180 ”

384 3237 521 3298 Imquequi
538 3236 616 3282 decem
634 3235 739 3282 millibus
756 3235 827 3294 hujus
844 3241 902 3286 aeta·
967 3239 998 3284 69
1015 3237 1105 3286 Molem
1135 3239 1169 3284 ud
1193 3241 1329 3300 Neptunias
1350 3231 1423 3298 Aquas]

382 3303 415 3349 tis
432 3301 575 3361 mancipium
592 3301 698 3356 emisset,
710 3300 731 3346 ei
743 3306 839 3346 centum
850 3301 903 3346 mii·
936 3301 1073 3362 Neptunias
1090 3303 1174 3365 Aquas
1190 3307 1266 3354 Marc.
1283 3308 1383 3352 Donatus
1395 3311 1425 3345 uo·

383 3367 447 3414 libus
463 3381 478 3412 a
494 3365 631 3412 censoribus
650 3366 710 3412 iilud
726 3366 901 3412 estimabatur:
935 3380 990 3413 meu
1010 3381 1060 3413 esse
1078 3368 1123 3415 loci
1140 3370 1271 3431 existimat,
1283 3371 1322 3430 qui
1335 3363 1426 3414 hodied-

384 3446 412 3478 ac
428 3432 527 3492 proinde
546 3437 654 3476 trecenos
672 3431 725 3477 teris
740 3431 817 3487 gravis
829 3430 903 3476 domi·
935 3431 1120 3481 citurNettuno.

384 3511 430 3542 nus
457 3511 486 3544 eo
513 3496 609 3543 nomine
637 3496 737 3555 pandere
768 3496 901 3550 cogebatur.
967 3503 999 3545 70
1018 3495 1086 3543 Ultro
1097 3497 1201 3562 tributu]
1219 3502 1335 3562 impensas
1345 3502 1366 3543 et
1375 3488 1425 3540 stiri-

386 3563 500 3608 Oeusores
514 3561 554 3618 jus
567 3561 677 3606 babuisse
694 3561 827 3624 estimaudi
840 3561 902 3607 bona
934 3562 1045 3608 butioues
1056 3577 1152 3626 operum
1170 3567 1317 3625 publicorum
1331 3555 1425 3609 iaciendo·

385 3627 482 3682 civium,
503 3626 587 3685 quanti
607 3623 705 3681 vellent,
725 3626 774 3684 jam
797 3625 903 3672 ostendit
934 3641 997 3684 rum,
1015 3633 1040 3673 et
1062 3634 1180 3676 sartorum
1199 3633 1313 3677 tectorum
1331 3627 1423 3688 prastaa-

386 3691 479 3748 Liviua,
496 3690 512 3736 l.
522 3689 564 3735 tv.
577 3705 598 3736 e.
610 3695 651 3737 tt.
682 3690 737 3737 Hoc
747 3691 822 3752 igitur
832 3691 903 3736 modo
934 3693 1027 3749 dorum,
1047 3694 1197 3754 mancipibus
1217 3701 1243 3742 et
1265 3686 1424 3752 redemptoribus

387 3757 448 3803 Cato
472 3754 587 3800 luxuriam
608 3755 722 3814 castigare
744 3761 769 3801 et
797 3769 903 3802 coercere
934 3761 999 3804 carta
1017 3759 1122 3804 mercede
1142 3760 1286 3806 locatorum:
1303 3772 1349 3818 qua
1363 3749 1425 3813 ptvlss·

386 3833 508 3876 aggressus
523 3823 568 3874 est,
579 3834 609 3865 ue
627 3820 689 3879 quis,
702 3821 765 3879 quod
777 3821 826 3866 fieri
838 3835 903 3880 coep·
936 3823 988 3869 dec
1001 3837 1025 3868 ro
1036 3823 1088 3881 ejus
1099 3829 1134 3870 est
1146 3825 1187 3884 qui
1198 3826 1260 3872 locat
1272 3837 1337 3884 quam
1347 3815 1425 3866 minium

385 3891 438 3932 tum
455 3890 515 3941 erat,
529 3887 553 3928 in
566 3889 640 3940 reate,
661 3891 686 3930 et
705 3885 794 3932 mundo
818 3886 901 3932 mulie·
936 3888 1013 3948 pretio
1025 3889 1109 3935 locare.

386 3951 434 4003 bri,
453 3955 478 3996 et
489 3949 613 4004 vehiculis,
623 3955 675 3995 tum
695 3950 796 3995 seruitiis
815 3951 903 3996 teneris
972 3959 999 4001 71
1022 3948 1152 4016 Pollentia]
1168 3953 1222 4000 Vid.
1235 3957 1285 3999 not.
1303 3958 1325 3998 ii.
1340 3947 1364 3994 ad
1374 3941 1424 4002 Epli·

384 4030 413 4063 ae
430 4015 536 4062 delicatis
554 4014 668 4061 habendis
685 4015 910 4075 comparandisque,
940 4017 1082 4075 huiusiibri.
1398 4070 1402 4079 ¹

385 4081 479 4126 civilem
499 4081 594 4130 modum
617 4084 642 4124 et
660 4080 818 4139 frugalitatem
840 4095 904 4141 egre»
965 4088 995 4130 72
1014 4084 1045 4128 In
1070 4081 1189 4129 Gallicam
1212 4077 1308 4143 egram]
1338 4071 1425 4126 intelligo

386 4147 488 4192 deretur.
521 4147 610 4191 Decem
645 4145 719 4190 millia
746 4146 798 4190 aeris
826 4146 903 4204 gravis
937 4161 1019 4208 agrum
1041 4149 1103 4194 iuter
1120 4148 1193 4194 AEsim
1213 4153 1237 4193 et
1248 4143 1380 4194 Rubiconem
1394 4134 1425 4179 flu·

386 4216 444 4257 suut
456 4223 539 4257 maroe
550 4209 642 4270 urgenti
654 4209 796 4270 Parisienses
812 4216 848 4257 15.
860 4224 905 4258 uu·
937 4213 997 4269 rios,
1007 4214 1046 4272 qui
1056 4213 1130 4273 quum
1137 4213 1193 4259 olim
1201 4212 1319 4258 Gallorum
1327 4209 1423 4253 &aarum

387 4277 429 4322 eiae
442 4281 472 4320 oo
937 4278 1030 4333 fuisset,
1051 4284 1133 4337 postea
1154 4278 1183 4323 iis
1201 4277 1309 4339 expulsis,
1328 4273 1371 4324 leue
1385 4263 1424 4331 5¹⁸3

420 4344 450 4385 67
469 4341 500 4385 Ia
511 4341 562 4386 loco
579 4339 677 4400 publico
699 4339 843 4400 ineds‘sieato
861 4341 904 4386 tm·
938 4343 1011 4390 urinis
1030 4344 1118 4403 populo
1136 4343 1224 4390 viritim
1241 4340 1377 4392 distributus,
1386 4337 1423 4387 *ΚΠ
