3126 4978
326 147 386 204 282
704 138 816 204 TlTl
846 137 986 198 LlVll

170 316 305 364 uorem·
329 316 392 370 tora
406 306 540 369 atinum
554 302 640 367 rebus
653 305 761 368 seruis
775 312 829 368 est.
876 305 998 385 Quippe
1018 303 1085 366 siae
1102 303 1224 385 gratio,
1239 303 1306 366 siue
1319 301 1393 387 dig·¹

172 384 201 429 A·
210 380 239 428 ⁰·
252 384 308 428 ¹⁹*
329 393 439 468 nitate,
450 391 610 472 promitur
624 390 749 453 victoris
762 390 860 453 eritis.
1029 429 1032 437 ι
1318 460 1321 466 ,

375 473 414 542 L.
438 475 507 541 Nec
527 473 664 540 absurde
684 473 832 539 adversus
853 485 1003 560 utrosque
1021 473 1219 559 respondisse
1231 471 1317 536 visus
1331 485 1390 552 est,

331 576 363 630 et
375 561 467 627 facile
481 573 549 625 erat
562 561 736 624 orationem
760 559 846 645 apud
867 559 1006 625 faventes
1021 559 1119 644 aequis
1133 559 1261 624 auribus
1275 559 1389 644 accipi.

331 649 420 714 nulla
439 648 524 711 enim
539 667 600 712 nec
619 646 814 731 disceptatio,
830 667 889 710 nec
908 645 1066 711 dubitatio
1087 644 1155 722 fuit,
1170 646 1247 732 quin
1270 665 1390 720 omnes,

331 735 459 800 eosdem
481 733 571 820 genti
598 732 790 797 Achaeorum
816 734 918 797 hostes
943 745 976 797 et
997 731 1123 818 amieos,
1143 753 1222 818 quos
1252 731 1390 882 populus

333 823 497 886 &manus
517 819 695 896 censuisset,
713 819 904 904 judicarent,
920 817 1098 905 bellumque
1118 829 1150 884 et
1171 817 1290 883 Antioc
1313 841 1344 896 o,
1359 828 1393 882 et

153 953 156 970 .
332 905 771 991 AEtolisnuneiarijuberent.
803 904 936 970 Auxilia
946 908 1052 981 etiam,
1061 926 1127 989 quo
1137 904 1258 969 censuit
1269 903 1393 981 Quinc-

241 983 244 994 ’
333 993 408 1074 tius,
433 992 680 1079 quingentorum
700 990 835 1056 militum
860 990 1054 1067 Chalcidem,
1076 989 1323 1078 quingentorum
1338 989 1393 1054 Pi-

333 1100 452 1144 raeeum
471 1077 632 1162 extemplo
645 1073 815 1142 miserunt.
835 1123 838 1128 -
860 1076 939 1143 Erat
964 1076 1047 1140 enim
1069 1074 1158 1141 haud
1181 1077 1293 1161 procul
1314 1077 1395 1141 sedi-

333 1169 419 1230 tione
434 1163 568 1230 Athenis
582 1185 642 1240 res,
654 1162 850 1228 trahentibus
863 1163 904 1228 ad
922 1162 1117 1228 Antiochum
1133 1162 1320 1247 quibusdam
1336 1185 1394 1248 spe

333 1250 538 1337 largitionum
556 1252 696 1315 venalem
711 1250 815 1334 pretio
831 1247 1082 1324 multitudinem
1104 1247 1206 1313 donec
1220 1249 1261 1314 ab
1276 1249 1324 1327 iis,
1338 1249 1394 1335 qui

337 1338 491 1402 Romnum
502 1337 601 1422 partis
609 1348 709 1412 erant,
722 1334 893 1413 Quinctius
905 1334 1093 1415 estsdcitns,
1104 1347 1321 1411 succensente
1332 1335 1396 1400 Le·

295 1453 298 1461 ·
334 1438 409 1488 onte
417 1423 566 1509 quodam,
576 1421 794 1508 Apollodorus
804 1435 914 1486 auctor
923 1419 1104 1486 defectionis
1112 1421 1291 1499 damnatus,
1301 1434 1400 1508 atque

334 1510 367 1574 in
382 1508 528 1575 exsilium
543 1521 590 1573 est
603 1509 729 1594 ejectus.
774 1507 817 1572 Et
831 1508 872 1572 ab
884 1506 1012 1572 Achaeis
1022 1506 1148 1594 quidem
1160 1528 1233 1571 cum
1248 1507 1331 1574 tristi
1346 1531 1397 1572 re-

336 1618 452 1682 sponso
466 1595 582 1682 legatio
596 1596 636 1660 ad
650 1615 757 1682 regem
772 1593 876 1658 rediit.
919 1593 1026 1658 Boeoti
1042 1591 1122 1657 nihil
1136 1595 1213 1658 certi
1224 1593 1396 1680 responde-

334 1695 427 1748 runt:
450 1704 539 1767 quum
558 1683 725 1748 Antiochus
747 1682 783 1744 in
803 1681 957 1745 Boeotiaus
980 1681 1118 1780 unisset,
1140 1689 1213 1757 tum,
1237 1683 1314 1765 quid
1336 1681 1399 1746 sits·

323 1766 906 1938 settlltpttlttmllltltt
920 1763 1399 1942 ttultltlltttttl

336 1939 484 2017 audisset,
508 1939 731 2004 maturandum
753 1949 849 2014 ratus,
873 1949 961 2002 utet
981 1937 1193 2022 praevenirent
1214 1938 1273 2020 sui,
1293 1951 1325 2004 et
1346 1947 1399 2004 ve-

338 2027 468 2102 nientes,
485 2024 512 2088 si
527 2035 666 2110 possent,
682 2023 875 2108 exciperent,
892 2022 1082 2109 Menippum
1097 2045 1169 2089 cum
1185 2023 1287 2090 tribus
1300 2024 1401 2091 ferme

338 2110 477 2176 millibus
498 2109 646 2186 militum,
665 2122 697 2173 et
718 2130 791 2173 cum
814 2108 903 2173 omni
921 2108 1023 2174 veluisse
1038 2108 1266 2196 Polyxenidam
1290 2111 1400 2179 mittit.

340 2197 409 2282 ipse
423 2218 540 2282 paucos
551 2208 623 2281 post
636 2196 701 2262 dies
714 2217 769 2260 sex
783 2195 882 2260 millia
896 2214 1026 2262 suorum
1035 2195 1182 2275 militum,
1198 2210 1230 2263 et
1244 2220 1282 2262 ex
1298 2219 1336 2264 ea
1346 2219 1402 2263 co-

366 2285 406 2364 ia,
420 2305 492 2369 quae
505 2282 628 2348 Lamiae
642 2294 772 2368 repente
785 2281 891 2370 colligi
906 2282 1021 2368 potuit,
1037 2303 1102 2346 non
1117 2282 1160 2348 ita
1174 2283 1290 2348 multos
1304 2283 1400 2350 AEto-

182 2377 321 2456 raetiarum
342 2306 391 2434 los
406 2369 502 2435 ducit.
546 2368 659 2434 Aehaei
679 2369 855 2457 quingenti,
875 2383 908 2434 et
929 2370 969 2434 ab
991 2369 1135 2434 Eumene
1149 2391 1221 2457 rege
1240 2369 1402 2436 modicum

184 2444 320 2520 ⁰l¹⁸¹⁶¹⁶⁰¹¹¹
343 2456 498 2522 auxilium
511 2456 652 2532 missum,
672 2453 754 2520 duce
767 2454 941 2520 Xenoclide
956 2453 1167 2532 Chalcidensi,
1188 2457 1330 2521 nondum
1346 2457 1404 2522 ob·

181 2523 288 2560 mmm
345 2542 435 2608 sessis
457 2541 634 2618 itineribus,
649 2553 718 2605 tuto
733 2542 917 2627 transgressi
932 2541 1103 2626 Euripum,
1124 2538 1309 2607 Chalcidem
1331 2565 1404 2626 per-

345 2641 507 2693 venerunt.
553 2626 692 2692 Romani
715 2627 841 2708 milites,
862 2628 1027 2715 quingenti
1047 2627 1145 2691 ferme
1165 2642 1198 2692 et
1217 2629 1288 2714 ipsi,
1304 2651 1404 2716 quum

341 2716 408 2800 jam
431 2711 606 2799 Menippus
630 2725 733 2778 castra
761 2726 834 2778 ante
860 2713 1016 2802 Salganea
1043 2713 1084 2778 ad
1104 2713 1315 2792 Hermaeum,
1341 2736 1405 2802 qua

322 2803 327 2815 ’
345 2801 494 2866 transitus
507 2822 548 2864 ex
566 2799 693 2864 Boeotia
705 2800 737 2863 in
755 2797 914 2864 Euboeam
934 2801 1068 2864 insulam
1083 2813 1140 2875 est,
1155 2800 1295 2878 haberet,
1311 2823 1405 2866 vene·

347 2899 433 2953 runt.
479 2886 595 2951 Mictio
605 2897 672 2950 erat
680 2905 753 2959 cum
764 2885 812 2966 iis,
822 2885 945 2974 legatus
961 2884 1143 2950 aChaleide
1153 2884 1194 2950 ad
1206 2887 1405 2969 Quinctium,

347 2975 388 3040 ad
413 2974 445 3038 id
470 2973 573 3058 ipsum
596 2971 986 3057 praesidium'peteudum‚
1010 2972 1133 3036 missus.
1156 2972 1211 3058 qui
1236 2987 1404 3074 postquam

346 3061 487 3126 obsessas
520 3061 560 3123 ab
593 3057 740 3124 hostibus
776 3056 881 3122 sarrees
916 3057 1003 3136 vidit,
1029 3057 1147 3122 omisso
1181 3057 1223 3124 ad
1252 3059 1404 3124 Aulidem

347 3147 470 3223 itinere,
486 3144 617 3210 Delium
631 3143 796 3220 convertit,
812 3157 848 3207 ut
873 3142 947 3208 inde
967 3144 1000 3208 in
1023 3143 1179 3209 Euboeam
1206 3146 1407 3212 transmissu·
1487 3203 1493 3212 .

348 3255 412 3298 rus.

185 3325 331 3405 wilm
393 3319 451 3384 LI.
482 3316 654 3401 Templum
682 3329 729 3382 est
756 3315 917 3402 Apollinis
944 3316 1086 3394 Delium,
1115 3317 1272 3384 inminens
1307 3319 1407 3384 mari:

185 3393 334 3506 ff'mlfffl
349 3404 489 3507 quinque
505 3403 601 3468 millin
614 3423 763 3488 passuum
773 3426 792 3468 a
804 3402 956 3491 Tanagra
964 3402 1062 3470 abest.
1077 3403 1182 3468 minus
1192 3417 1328 3489 quatuor
1336 3405 1408 3470 mil-

222 3473 277 3509 ω
349 3491 427 3556 hum
441 3489 515 3553 inde
528 3489 561 3552 in
578 3489 724 3573 proxima
740 3489 872 3554 Euboeae
892 3501 939 3554 est
959 3488 1040 3554 mari
1058 3491 1216 3576 trajectus.
1261 3491 1328 3557 Ubi
1342 3491 1410 3558 ⁶¹et

349 3580 382 3642 in
405 3578 481 3640 fano
502 3575 646 3660 lucoque,
669 3596 707 3639 ea
728 3573 880 3661 religione
903 3589 935 3640 et
956 3597 995 3640 eo
1014 3575 1087 3662 jure
1109 3590 1228 3654 sancto,
1248 3599 1314 3666 quo
1327 3590 1410 3645 sunt

350 3662 477 3748 templa,
492 3683 564 3748 quae
573 3663 684 3747 ².asyla
699 3660 808 3726 Graeci
821 3659 995 3747 adpellant,
1009 3672 1042 3726 et
1055 3660 1197 3728 nondum
1219 3679 1275 3730 aut
1288 3661 1410 3730 indicto

726 3820 740 3848 ²
751 3833 803 3878 quo
813 3819 858 3868 dal·
869 3820 944 3868 Grau.
957 3821 1026 3868 Creu.

349 3962 473 4010 Victorino
479 3961 617 4022 praeterunt,
624 3977 671 4008 sou
680 3963 860 4024 rumpamus
895 3965 951 4011 dum
962 3972 1005 4014 out
1017 3964 1105 4011 inoleta
1115 3963 1184 4027 lello]
1204 3969 1264 4013 Duas
1275 3970 1344 4013 erant
1354 3980 1410 4016 cau·

322 4071 327 4078 ,
349 4029 390 4075 ubi
413 4041 505 4074 neeesse
527 4028 588 4074 forat
605 4026 705 4083 intelligi
727 4030 861 4088 emaum,
895 4031 1047 4089 aas,obqnas
1058 4030 1163 4077 Romani
1176 4032 1407 4092 securipalurentur:

349 4099 391 4140 aut
402 4093 491 4152 aliquid
501 4094 557 4140 tale.
574 4092 708 4140 Gronovius
720 4093 861 4151 quibusdum
895 4095 951 4154 quia
961 4107 1045 4154 nempe
1060 4099 1085 4140 et
1101 4101 1168 4141 erant
1188 4097 1213 4144 in
1234 4098 1289 4144 fano
1308 4097 1410 4157 lucoque

348 4158 426 4204 allatis
437 4158 550 4218 exemplis
560 4155 586 4204 id
596 4158 657 4204 tueri
669 4161 777 4205 conatur.
811 4159 862 4204 No·
894 4159 1051 4217 sanctissimo,
1066 4164 1090 4206 ct
1110 4159 1198 4212 bellum
1214 4163 1319 4212 nondum
1332 4162 1409 4212 indie.

350 4223 385 4270 bis
397 4224 481 4270 durum
493 4224 593 4270 videtur.
896 4229 948 4272 tum
959 4227 1016 4271 erat.
1310 4247 1312 4252 ·

381 4291 412 4336 62
429 4288 466 4336 Et
478 4290 504 4334 iu
514 4288 577 4350 surra
588 4287 684 4347 lucoque
700 4319 706 4332 .
725 4319 731 4342 ,
749 4319 755 4332 .
773 4292 863 4334 elnon·
930 4333 934 4341 ,
