<?xml version="1.0" encoding="UTF-8"?>
<!DOCTYPE html PUBLIC "-//W3C//DTD XHTML 1.0 Transitional//EN"
    "http://www.w3.org/TR/xhtml1/DTD/xhtml1-transitional.dtd">
<html xmlns="http://www.w3.org/1999/xhtml" xml:lang="en" lang="en">
 <head>
  <title>
</title>
<meta http-equiv="Content-Type" content="text/html;charset=utf-8" />
  <meta name='ocr-system' content='tesseract 3.04.00' />
  <meta name='ocr-capabilities' content='ocr_page ocr_carea ocr_par ocr_line ocrx_word'/>
</head>
<body>
  <div class='ocr_page' id='page_1' title='image "./tliviipatavinih04crevgoog_0455.png"; bbox 0 0 3082 4976; ppageno 0'>
   <div class='ocr_carea' id='block_1_1' title="bbox 389 119 1086 192">
    <p class='ocr_par' dir='ltr' id='par_1_1' title="bbox 389 119 1086 192">
     <span class='ocr_line' id='line_1_1' title="bbox 389 119 1086 192; baseline -0.003 -2"><span class='ocrx_word' id='word_1_1' title='bbox 389 138 447 192; x_wconf 79' lang='lat' dir='ltr'><strong>me</strong></span> <span class='ocrx_word' id='word_1_2' title='bbox 775 119 1086 190; x_wconf 65' lang='lat' dir='ltr'><strong>T1T1=L1vr12</strong></span> 
     </span>
    </p>
   </div>
   <div class='ocr_carea' id='block_1_2' title="bbox 226 293 1487 2876">
    <p class='ocr_par' dir='ltr' id='par_1_2' title="bbox 226 293 1487 2876">
     <span class='ocr_line' id='line_1_2' title="bbox 226 293 1431 382; baseline -0.003 -20"><span class='ocrx_word' id='word_1_3' title='bbox 226 313 295 362; x_wconf 71' lang='lat' dir='ltr'><strong>tto.</strong></span> <span class='ocrx_word' id='word_1_4' title='bbox 313 315 370 364; x_wconf 81' lang='lat' dir='ltr'><strong>sss.</strong></span> <span class='ocrx_word' id='word_1_5' title='bbox 430 293 527 360; x_wconf 83' lang='lat' dir='ltr'><strong>LIII.</strong></span> <span class='ocrx_word' id='word_1_6' title='bbox 548 293 638 360; x_wconf 88' lang='lat' dir='ltr'><strong>Dum</strong></span> <span class='ocrx_word' id='word_1_7' title='bbox 654 315 692 358; x_wconf 84' lang='lat' dir='ltr'><strong>ea</strong></span> <span class='ocrx_word' id='word_1_8' title='bbox 713 295 748 358; x_wconf 91' lang='lat' dir='ltr'><strong>in</strong></span> <span class='ocrx_word' id='word_1_9' title='bbox 769 294 1038 379; x_wconf 67' lang='lat' dir='ltr'><strong>Peloponneso‘(a</strong></span> <span class='ocrx_word' id='word_1_10' title='bbox 1058 294 1172 382; x_wconf 89' lang='lat' dir='ltr'><strong>quibus</strong></span> <span class='ocrx_word' id='word_1_11' title='bbox 1191 295 1316 362; x_wconf 83' lang='lat' dir='ltr'><strong>divertit</strong></span> <span class='ocrx_word' id='word_1_12' title='bbox 1332 293 1431 376; x_wconf 84' lang='lat' dir='ltr'><strong>oratio)</strong></span> 
     </span>
     <span class='ocr_line' id='line_1_3' title="bbox 226 379 1430 469; baseline -0.002 -23"><span class='ocrx_word' id='word_1_13' title='bbox 226 379 296 426; x_wconf 63' lang='grc' dir='ltr'><strong>Μ·</strong></span> <span class='ocrx_word' id='word_1_14' title='bbox 310 384 364 455; x_wconf 63' lang='grc' dir='ltr'><strong>ῑὲθ·</strong></span> <span class='ocrx_word' id='word_1_15' title='bbox 388 392 553 469; x_wconf 83' lang='lat' dir='ltr'><strong>geruntur,</strong></span> <span class='ocrx_word' id='word_1_16' title='bbox 580 379 700 445; x_wconf 88' lang='lat' dir='ltr'><strong>reditus</strong></span> <span class='ocrx_word' id='word_1_17' title='bbox 726 381 759 442; x_wconf 92' lang='lat' dir='ltr'><strong>in</strong></span> <span class='ocrx_word' id='word_1_18' title='bbox 787 379 1011 445; x_wconf 86' lang='lat' dir='ltr'><strong>Macedoniam</strong></span> <span class='ocrx_word' id='word_1_19' title='bbox 1035 381 1192 453; x_wconf 80' lang='lat' dir='ltr'>Demetrii</span> <span class='ocrx_word' id='word_1_20' title='bbox 1210 381 1430 469; x_wconf 85' lang='lat' dir='ltr'><strong>legatorumque</strong></span> 
     </span>
     <span class='ocr_line' id='line_1_4' title="bbox 226 445 1432 554; baseline -0.007 -19"><span class='ocrx_word' id='word_1_21' title='bbox 226 445 353 554; x_wconf 48' lang='lat' dir='ltr'><strong>aim,</strong></span> <span class='ocrx_word' id='word_1_22' title='bbox 389 468 480 534; x_wconf 87' lang='lat' dir='ltr'><strong>aliter</strong></span> <span class='ocrx_word' id='word_1_23' title='bbox 501 467 636 532; x_wconf 85' lang='lat' dir='ltr'><strong>aliorum</strong></span> <span class='ocrx_word' id='word_1_24' title='bbox 657 465 970 532; x_wconf 79' lang='lat' dir='ltr'><strong>adiecerat-animos.</strong></span> <span class='ocrx_word' id='word_1_25' title='bbox 993 465 1106 553; x_wconf 83' lang='lat' dir='ltr'><strong>vulgus</strong></span> <span class='ocrx_word' id='word_1_26' title='bbox 1129 465 1353 544; x_wconf 76' lang='lat' dir='ltr'><strong>Macedonum,</strong></span> <span class='ocrx_word' id='word_1_27' title='bbox 1367 488 1432 552; x_wconf 89' lang='lat' dir='ltr'><strong>quos</strong></span> 
     </span>
     <span class='ocr_line' id='line_1_5' title="bbox 228 552 1431 634; baseline -0.003 -17"><span class='ocrx_word' id='word_1_28' title='bbox 228 573 339 619; x_wconf 72' lang='lat' dir='ltr'><strong>miesco.</strong></span> <span class='ocrx_word' id='word_1_29' title='bbox 388 554 464 618; x_wconf 92' lang='lat' dir='ltr'><strong>belli</strong></span> <span class='ocrx_word' id='word_1_30' title='bbox 485 556 526 618; x_wconf 87' lang='lat' dir='ltr'><strong>ab</strong></span> <span class='ocrx_word' id='word_1_31' title='bbox 551 553 705 616; x_wconf 87' lang='lat' dir='ltr'><strong>Romanis</strong></span> <span class='ocrx_word' id='word_1_32' title='bbox 726 552 908 617; x_wconf 88' lang='lat' dir='ltr'><strong>inminentis</strong></span> <span class='ocrx_word' id='word_1_33' title='bbox 923 565 1024 618; x_wconf 87' lang='lat' dir='ltr'><strong>metus</strong></span> <span class='ocrx_word' id='word_1_34' title='bbox 1049 567 1216 634; x_wconf 88' lang='lat' dir='ltr'><strong>terruerat,</strong></span> <span class='ocrx_word' id='word_1_35' title='bbox 1238 553 1431 627; x_wconf 87' lang='lat' dir='ltr'><strong>Demetrium,</strong></span> 
     </span>
     <span class='ocr_line' id='line_1_6' title="bbox 227 637 1432 725; baseline -0.005 -21"><span class='ocrx_word' id='word_1_36' title='bbox 227 637 302 686; x_wconf 73' lang='lat' dir='ltr'><strong>niam.</strong></span> <span class='ocrx_word' id='word_1_37' title='bbox 392 651 426 704; x_wconf 93' lang='lat' dir='ltr'><strong>ut</strong></span> <span class='ocrx_word' id='word_1_38' title='bbox 440 639 525 725; x_wconf 87' lang='lat' dir='ltr'><strong>pacis</strong></span> <span class='ocrx_word' id='word_1_39' title='bbox 540 652 714 718; x_wconf 77' lang='lat' dir='ltr'><strong>auctorem,</strong></span> <span class='ocrx_word' id='word_1_40' title='bbox 729 660 802 702; x_wconf 92' lang='lat' dir='ltr'><strong>cum</strong></span> <span class='ocrx_word' id='word_1_41' title='bbox 826 639 946 725; x_wconf 83' lang='lat' dir='ltr'><strong>ingenti</strong></span> <span class='ocrx_word' id='word_1_42' title='bbox 958 638 1069 702; x_wconf 84' lang='lat' dir='ltr'><strong>favore</strong></span> <span class='ocrx_word' id='word_1_43' title='bbox 1083 639 1334 725; x_wconf 82' lang='lat' dir='ltr'><strong>conspiciebant:</strong></span> <span class='ocrx_word' id='word_1_44' title='bbox 1355 638 1432 700; x_wconf 84' lang='lat' dir='ltr'><strong>simul</strong></span> 
     </span>
     <span class='ocr_line' id='line_1_7' title="bbox 389 724 1432 811; baseline -0.004 -21"><span class='ocrx_word' id='word_1_45' title='bbox 389 741 422 790; x_wconf 93' lang='lat' dir='ltr'><strong>et</strong></span> <span class='ocrx_word' id='word_1_46' title='bbox 436 748 493 810; x_wconf 89' lang='lat' dir='ltr'><strong>spe</strong></span> <span class='ocrx_word' id='word_1_47' title='bbox 514 724 599 789; x_wconf 89' lang='lat' dir='ltr'><strong>haud</strong></span> <span class='ocrx_word' id='word_1_48' title='bbox 622 724 720 789; x_wconf 89' lang='lat' dir='ltr'><strong>dubia</strong></span> <span class='ocrx_word' id='word_1_49' title='bbox 740 746 875 811; x_wconf 88' lang='lat' dir='ltr'><strong>regnum</strong></span> <span class='ocrx_word' id='word_1_50' title='bbox 896 725 926 788; x_wconf 91' lang='lat' dir='ltr'><strong>ei</strong></span> <span class='ocrx_word' id='word_1_51' title='bbox 947 736 1019 810; x_wconf 90' lang='lat' dir='ltr'><strong>post</strong></span> <span class='ocrx_word' id='word_1_52' title='bbox 1042 739 1174 790; x_wconf 88' lang='lat' dir='ltr'><strong>mortem</strong></span> <span class='ocrx_word' id='word_1_53' title='bbox 1198 727 1296 811; x_wconf 87' lang='lat' dir='ltr'><strong>patris</strong></span> <span class='ocrx_word' id='word_1_54' title='bbox 1316 724 1432 789; x_wconf 84' lang='lat' dir='ltr'><strong>destina·</strong></span> 
     </span>
     <span class='ocr_line' id='line_1_8' title="bbox 389 809 1433 895; baseline -0.006 -19"><span class='ocrx_word' id='word_1_55' title='bbox 389 811 477 876; x_wconf 87' lang='lat' dir='ltr'><strong>bant.</strong></span> <span class='ocrx_word' id='word_1_56' title='bbox 522 811 619 890; x_wconf 81' lang='lat' dir='ltr'><strong>¹Illam,</strong></span> <span class='ocrx_word' id='word_1_57' title='bbox 643 809 848 876; x_wconf 75' lang='lat' dir='ltr'><strong>etsl⁶minor¹</strong></span> <span class='ocrx_word' id='word_1_58' title='bbox 871 821 974 890; x_wconf 77' lang='lat' dir='ltr'><strong>celate,</strong></span> <span class='ocrx_word' id='word_1_59' title='bbox 998 833 1091 895; x_wconf 82' lang='lat' dir='ltr'><strong>quam</strong></span> <span class='ocrx_word' id='word_1_60' title='bbox 1107 815 1243 890; x_wconf 80' lang='lat' dir='ltr'><strong>Perseus,</strong></span> <span class='ocrx_word' id='word_1_61' title='bbox 1267 822 1350 888; x_wconf 87' lang='lat' dir='ltr'><strong>esset,</strong></span> <span class='ocrx_word' id='word_1_62' title='bbox 1373 811 1433 872; x_wconf 73' lang='lat' dir='ltr'><strong>lium</strong></span> 
     </span>
     <span class='ocr_line' id='line_1_9' title="bbox 391 893 1433 981; baseline -0.007 -20"><span class='ocrx_word' id='word_1_63' title='bbox 391 895 585 981; x_wconf 80' lang='lat' dir='ltr'><strong>tamenjusta</strong></span> <span class='ocrx_word' id='word_1_64' title='bbox 598 897 611 936; x_wconf 82' lang='lat'><strong>⁶</strong></span> <span class='ocrx_word' id='word_1_65' title='bbox 622 893 875 978; x_wconf 73' lang='lat' dir='ltr'><strong>matrefamiliae&#39;,·</strong></span> <span class='ocrx_word' id='word_1_66' title='bbox 898 897 1005 959; x_wconf 81' lang='lat' dir='ltr'><strong>⁷illum</strong></span> <span class='ocrx_word' id='word_1_67' title='bbox 1015 897 1121 979; x_wconf 88' lang='lat' dir='ltr'><strong>pellice</strong></span> <span class='ocrx_word' id='word_1_68' title='bbox 1134 909 1232 962; x_wconf 83' lang='lat' dir='ltr'><strong>ortum</strong></span> <span class='ocrx_word' id='word_1_69' title='bbox 1254 919 1333 962; x_wconf 81' lang='lat' dir='ltr'><strong>esse:</strong></span> <span class='ocrx_word' id='word_1_70' title='bbox 1354 896 1433 970; x_wconf 85' lang='lat' dir='ltr'><strong>illan,</strong></span> 
     </span>
     <span class='ocr_line' id='line_1_10' title="bbox 389 982 1433 1067; baseline -0.005 -20"><span class='ocrx_word' id='word_1_71' title='bbox 389 994 425 1047; x_wconf 88' lang='lat' dir='ltr'><strong>ul</strong></span> <span class='ocrx_word' id='word_1_72' title='bbox 439 1005 479 1046; x_wconf 79' lang='lat' dir='ltr'><strong>ea·</strong></span> <span class='ocrx_word' id='word_1_73' title='bbox 496 983 621 1067; x_wconf 87' lang='lat' dir='ltr'><strong>uulgato</strong></span> <span class='ocrx_word' id='word_1_74' title='bbox 641 1003 763 1063; x_wconf 82' lang='lat' dir='ltr'><strong>corpore</strong></span> <span class='ocrx_word' id='word_1_75' title='bbox 775 983 924 1066; x_wconf 84' lang='lat' dir='ltr'><strong>genitum,</strong></span> <span class='ocrx_word' id='word_1_76' title='bbox 940 983 1056 1046; x_wconf 87' lang='lat' dir='ltr'><strong>nullam</strong></span> <span class='ocrx_word' id='word_1_77' title='bbox 1069 985 1142 1048; x_wconf 85' lang='lat' dir='ltr'><strong>certi</strong></span> <span class='ocrx_word' id='word_1_78' title='bbox 1163 987 1267 1066; x_wconf 87' lang='lat' dir='ltr'><strong>patris</strong></span> <span class='ocrx_word' id='word_1_79' title='bbox 1281 994 1379 1048; x_wconf 88' lang='lat' dir='ltr'><strong>notam</strong></span> <span class='ocrx_word' id='word_1_80' title='bbox 1390 982 1433 1042; x_wconf 83' lang='lat' dir='ltr'><strong>ln-</strong></span> 
     </span>
     <span class='ocr_line' id='line_1_11' title="bbox 390 1066 1435 1153; baseline -0.004 -21"><span class='ocrx_word' id='word_1_81' title='bbox 390 1069 457 1132; x_wconf 84' lang='lat' dir='ltr'><strong>dere</strong></span> <span class='ocrx_word' id='word_1_82' title='bbox 466 1103 478 1142; x_wconf 88' lang='lat'><strong>,·</strong></span> <span class='ocrx_word' id='word_1_83' title='bbox 503 1071 581 1141; x_wconf 70' lang='lat' dir='ltr'><strong>llario</strong></span> <span class='ocrx_word' id='word_1_84' title='bbox 593 1069 741 1153; x_wconf 73' lang='lat' dir='ltr'><strong>insignem</strong></span> <span class='ocrx_word' id='word_1_85' title='bbox 758 1069 894 1150; x_wconf 80' lang='lat' dir='ltr'><strong>Philippi</strong></span> <span class='ocrx_word' id='word_1_86' title='bbox 911 1070 1134 1132; x_wconf 82' lang='lat' dir='ltr'><strong>similitudinem</strong></span> <span class='ocrx_word' id='word_1_87' title='bbox 1154 1093 1217 1152; x_wconf 80' lang='lat' dir='ltr'><strong>pra</strong></span> <span class='ocrx_word' id='word_1_88' title='bbox 1231 1069 1361 1151; x_wconf 80' lang='lat' dir='ltr'><strong>referre.</strong></span> <span class='ocrx_word' id='word_1_89' title='bbox 1394 1066 1435 1130; x_wconf 78' lang='lat' dir='ltr'><strong>Aa</strong></span> 
     </span>
     <span class='ocr_line' id='line_1_12' title="bbox 392 1154 1433 1236; baseline -0.001 -19"><span class='ocrx_word' id='word_1_90' title='bbox 392 1156 455 1234; x_wconf 88' lang='lat' dir='ltr'><strong>lmc,</strong></span> <span class='ocrx_word' id='word_1_91' title='bbox 481 1155 636 1220; x_wconf 82' lang='lat' dir='ltr'><strong>Romanos</strong></span> <span class='ocrx_word' id='word_1_92' title='bbox 662 1155 853 1218; x_wconf 77' lang='lat' dir='ltr'><strong>Demetrium</strong></span> <span class='ocrx_word' id='word_1_93' title='bbox 880 1154 911 1216; x_wconf 87' lang='lat' dir='ltr'><strong>ia</strong></span> <span class='ocrx_word' id='word_1_94' title='bbox 932 1166 1057 1236; x_wconf 83' lang='lat' dir='ltr'><strong>paterno</strong></span> <span class='ocrx_word' id='word_1_95' title='bbox 1085 1155 1160 1219; x_wconf 84' lang='lat' dir='ltr'><strong>solio</strong></span> <span class='ocrx_word' id='word_1_96' title='bbox 1190 1157 1351 1232; x_wconf 66' lang='lat' dir='ltr'><strong>locaturum</strong></span> <span class='ocrx_word' id='word_1_97' title='bbox 1371 1156 1433 1218; x_wconf 86' lang='lat' dir='ltr'><strong>Per·</strong></span> 
     </span>
     <span class='ocr_line' id='line_1_13' title="bbox 230 1239 1433 1328; baseline -0.003 -24"><span class='ocrx_word' id='word_1_98' title='bbox 230 1253 361 1300; x_wconf 78' lang='lat' dir='ltr'><strong>Intereum</strong></span> <span class='ocrx_word' id='word_1_99' title='bbox 389 1242 434 1304; x_wconf 85' lang='lat' dir='ltr'><strong>sei</strong></span> <span class='ocrx_word' id='word_1_100' title='bbox 455 1241 572 1304; x_wconf 85' lang='lat' dir='ltr'><strong>nullom</strong></span> <span class='ocrx_word' id='word_1_101' title='bbox 597 1243 680 1322; x_wconf 86' lang='lat' dir='ltr'><strong>apud</strong></span> <span class='ocrx_word' id='word_1_102' title='bbox 705 1261 754 1305; x_wconf 89' lang='lat' dir='ltr'><strong>eos</strong></span> <span class='ocrx_word' id='word_1_103' title='bbox 778 1241 914 1324; x_wconf 84' lang='lat' dir='ltr'><strong>gratiam</strong></span> <span class='ocrx_word' id='word_1_104' title='bbox 936 1263 1007 1305; x_wconf 87' lang='lat' dir='ltr'><strong>esse.</strong></span> <span class='ocrx_word' id='word_1_105' title='bbox 1054 1239 1139 1306; x_wconf 87' lang='lat' dir='ltr'><strong>Haec</strong></span> <span class='ocrx_word' id='word_1_106' title='bbox 1162 1243 1259 1328; x_wconf 87' lang='lat' dir='ltr'><strong>vulgo</strong></span> <span class='ocrx_word' id='word_1_107' title='bbox 1283 1239 1433 1327; x_wconf 88' lang='lat' dir='ltr'><strong>loqueban-</strong></span> 
     </span>
     <span class='ocr_line' id='line_1_14' title="bbox 228 1319 1433 1429; baseline -0.009 -33"><span class='ocrx_word' id='word_1_108' title='bbox 228 1319 349 1429; x_wconf 54' lang='grc' dir='ltr'><strong>ΕἙΡὛ</strong></span> <span class='ocrx_word' id='word_1_109' title='bbox 390 1341 450 1392; x_wconf 85' lang='lat' dir='ltr'><strong>tur.</strong></span> <span class='ocrx_word' id='word_1_110' title='bbox 470 1326 587 1413; x_wconf 58' lang='lat' dir='ltr'><strong>sitaque</strong></span> <span class='ocrx_word' id='word_1_111' title='bbox 615 1339 647 1390; x_wconf 91' lang='lat' dir='ltr'><strong>et</strong></span> <span class='ocrx_word' id='word_1_112' title='bbox 679 1325 795 1390; x_wconf 86' lang='lat' dir='ltr'><strong>Persea</strong></span> <span class='ocrx_word' id='word_1_113' title='bbox 824 1347 900 1390; x_wconf 90' lang='lat' dir='ltr'><strong>cura</strong></span> <span class='ocrx_word' id='word_1_114' title='bbox 933 1325 1081 1414; x_wconf 87' lang='lat' dir='ltr'><strong>angebat,</strong></span> <span class='ocrx_word' id='word_1_115' title='bbox 1118 1349 1159 1392; x_wconf 91' lang='lat' dir='ltr'><strong>ne</strong></span> <span class='ocrx_word' id='word_1_116' title='bbox 1187 1349 1303 1412; x_wconf 87' lang='lat' dir='ltr'><strong>purum</strong></span> <span class='ocrx_word' id='word_1_117' title='bbox 1331 1348 1385 1410; x_wconf 91' lang='lat' dir='ltr'><strong>pro</strong></span> <span class='ocrx_word' id='word_1_118' title='bbox 1409 1345 1433 1385; x_wconf 89' lang='lat' dir='ltr'><strong>se</strong></span> 
     </span>
     <span class='ocr_line' id='line_1_15' title="bbox 245 1396 1434 1497; baseline -0.004 -20"><span class='ocrx_word' id='word_1_119' title='bbox 245 1397 306 1430; x_wconf 66' lang='lat'>&#39;⁸⁰⁰&#39;</span> <span class='ocrx_word' id='word_1_120' title='bbox 323 1396 359 1428; x_wconf 52' lang='grc' dir='ltr'><strong>ω’</strong></span> <span class='ocrx_word' id='word_1_121' title='bbox 390 1436 453 1479; x_wconf 87' lang='lat' dir='ltr'><strong>una</strong></span> <span class='ocrx_word' id='word_1_122' title='bbox 478 1425 555 1478; x_wconf 85' lang='lat' dir='ltr'><strong>aetas</strong></span> <span class='ocrx_word' id='word_1_123' title='bbox 585 1412 711 1492; x_wconf 87' lang='lat' dir='ltr'><strong>valeret,</strong></span> <span class='ocrx_word' id='word_1_124' title='bbox 740 1433 839 1497; x_wconf 91' lang='lat' dir='ltr'><strong>quum</strong></span> <span class='ocrx_word' id='word_1_125' title='bbox 869 1411 1016 1476; x_wconf 86' lang='lat' dir='ltr'><strong>omnibus</strong></span> <span class='ocrx_word' id='word_1_126' title='bbox 1045 1412 1115 1476; x_wconf 87' lang='lat' dir='ltr'><strong>aliis</strong></span> <span class='ocrx_word' id='word_1_127' title='bbox 1131 1413 1240 1490; x_wconf 43' lang='lat' dir='ltr'><strong>,rebus</strong></span> <span class='ocrx_word' id='word_1_128' title='bbox 1275 1413 1367 1478; x_wconf 86' lang='lat' dir='ltr'><strong>frater</strong></span> <span class='ocrx_word' id='word_1_129' title='bbox 1395 1431 1434 1472; x_wconf 91' lang='lat' dir='ltr'><strong>su·</strong></span> 
     </span>
     <span class='ocr_line' id='line_1_16' title="bbox 227 1497 1433 1584; baseline -0.001 -26"><span class='ocrx_word' id='word_1_130' title='bbox 227 1511 338 1570; x_wconf 76' lang='lat' dir='ltr'><strong>Philippo</strong></span> <span class='ocrx_word' id='word_1_131' title='bbox 390 1501 496 1584; x_wconf 89' lang='lat' dir='ltr'><strong>perior</strong></span> <span class='ocrx_word' id='word_1_132' title='bbox 518 1511 614 1564; x_wconf 85' lang='lat' dir='ltr'><strong>esset:</strong></span> <span class='ocrx_word' id='word_1_133' title='bbox 632 1509 670 1562; x_wconf 74' lang='lat' dir='ltr'><strong>‘et</strong></span> <span class='ocrx_word' id='word_1_134' title='bbox 694 1497 860 1583; x_wconf 88' lang='lat' dir='ltr'><strong>Philippus</strong></span> <span class='ocrx_word' id='word_1_135' title='bbox 884 1499 964 1583; x_wconf 88' lang='lat' dir='ltr'><strong>ipse,</strong></span> <span class='ocrx_word' id='word_1_136' title='bbox 980 1499 1032 1562; x_wconf 88' lang='lat' dir='ltr'><strong>vix</strong></span> <span class='ocrx_word' id='word_1_137' title='bbox 1047 1499 1095 1562; x_wconf 90' lang='lat' dir='ltr'><strong>sui</strong></span> <span class='ocrx_word' id='word_1_138' title='bbox 1118 1500 1243 1580; x_wconf 82' lang='lat' dir='ltr'><strong>arbitrii</strong></span> <span class='ocrx_word' id='word_1_139' title='bbox 1267 1500 1344 1580; x_wconf 86' lang='lat' dir='ltr'><strong>fore,</strong></span> <span class='ocrx_word' id='word_1_140' title='bbox 1357 1516 1433 1583; x_wconf 81' lang='lat' dir='ltr'><strong>quem</strong></span> 
     </span>
     <span class='ocr_line' id='line_1_17' title="bbox 228 1576 1433 1687; baseline -0.007 -35"><span class='ocrx_word' id='word_1_141' title='bbox 228 1576 547 1687; x_wconf 59' lang='lat' dir='ltr'><strong>q.¹¹⁰‘¹¹¹1²){}¹·haeredem</strong></span> <span class='ocrx_word' id='word_1_142' title='bbox 574 1585 665 1671; x_wconf 87' lang='lat' dir='ltr'><strong>regni</strong></span> <span class='ocrx_word' id='word_1_143' title='bbox 689 1584 891 1669; x_wconf 90' lang='lat' dir='ltr'><strong>relinqueret,</strong></span> <span class='ocrx_word' id='word_1_144' title='bbox 914 1583 1055 1662; x_wconf 90' lang='lat' dir='ltr'><strong>credens,</strong></span> <span class='ocrx_word' id='word_1_145' title='bbox 1087 1585 1149 1648; x_wconf 90' lang='lat' dir='ltr'><strong>sibi</strong></span> <span class='ocrx_word' id='word_1_146' title='bbox 1178 1608 1305 1673; x_wconf 89' lang='lat' dir='ltr'><strong>quoque</strong></span> <span class='ocrx_word' id='word_1_147' title='bbox 1328 1582 1433 1672; x_wconf 83' lang='lat' dir='ltr'><strong>gravio</strong></span> 
     </span>
     <span class='ocr_line' id='line_1_18' title="bbox 226 1655 1431 1757; baseline -0.007 -20"><span class='ocrx_word' id='word_1_148' title='bbox 226 1655 334 1755; x_wconf 50' lang='lat'><strong>23:10,</strong></span> <span class='ocrx_word' id='word_1_149' title='bbox 387 1693 454 1736; x_wconf 91' lang='lat' dir='ltr'><strong>rem</strong></span> <span class='ocrx_word' id='word_1_150' title='bbox 477 1695 553 1749; x_wconf 90' lang='lat' dir='ltr'><strong>esse,</strong></span> <span class='ocrx_word' id='word_1_151' title='bbox 577 1693 672 1757; x_wconf 92' lang='lat' dir='ltr'><strong>quam</strong></span> <span class='ocrx_word' id='word_1_152' title='bbox 696 1669 799 1747; x_wconf 87' lang='lat' dir='ltr'><strong>vellet,</strong></span> <span class='ocrx_word' id='word_1_153' title='bbox 823 1671 978 1734; x_wconf 87' lang='lat' dir='ltr'><strong>minorem</strong></span> <span class='ocrx_word' id='word_1_154' title='bbox 1000 1670 1101 1734; x_wconf 92' lang='lat' dir='ltr'><strong>filium</strong></span> <span class='ocrx_word' id='word_1_155' title='bbox 1129 1671 1288 1737; x_wconf 88' lang='lat' dir='ltr'><strong>censebat.</strong></span> <span class='ocrx_word' id='word_1_156' title='bbox 1333 1667 1431 1736; x_wconf 86' lang='lat' dir='ltr'><strong>Oblcn·</strong></span> 
     </span>
     <span class='ocr_line' id='line_1_19' title="bbox 387 1751 1431 1834; baseline -0.005 -12"><span class='ocrx_word' id='word_1_157' title='bbox 387 1757 523 1824; x_wconf 84' lang='lat' dir='ltr'><strong>debatur</strong></span> <span class='ocrx_word' id='word_1_158' title='bbox 546 1759 705 1822; x_wconf 90' lang='lat' dir='ltr'><strong>interdum</strong></span> <span class='ocrx_word' id='word_1_159' title='bbox 734 1777 890 1820; x_wconf 85' lang='lat' dir='ltr'><strong>concursu</strong></span> <span class='ocrx_word' id='word_1_160' title='bbox 918 1755 1135 1822; x_wconf 90' lang='lat' dir='ltr'><strong>Macedonum</strong></span> <span class='ocrx_word' id='word_1_161' title='bbox 1165 1758 1205 1822; x_wconf 89' lang='lat' dir='ltr'><strong>ad</strong></span> <span class='ocrx_word' id='word_1_162' title='bbox 1237 1781 1322 1834; x_wconf 92' lang='lat' dir='ltr'><strong>eum,</strong></span> <span class='ocrx_word' id='word_1_163' title='bbox 1345 1769 1374 1820; x_wconf 90' lang='lat' dir='ltr'><strong>et</strong></span> <span class='ocrx_word' id='word_1_164' title='bbox 1398 1751 1431 1816; x_wconf 89' lang='lat' dir='ltr'><strong>al·</strong></span> 
     </span>
     <span class='ocr_line' id='line_1_20' title="bbox 387 1839 1431 1929; baseline -0.008 -21"><span class='ocrx_word' id='word_1_165' title='bbox 387 1857 488 1908; x_wconf 89' lang='lat' dir='ltr'><strong>teram</strong></span> <span class='ocrx_word' id='word_1_166' title='bbox 505 1844 572 1928; x_wconf 87' lang='lat' dir='ltr'><strong>jam</strong></span> <span class='ocrx_word' id='word_1_167' title='bbox 595 1865 628 1906; x_wconf 84' lang='lat' dir='ltr'><strong>se</strong></span> <span class='ocrx_word' id='word_1_168' title='bbox 650 1843 721 1906; x_wconf 89' lang='lat' dir='ltr'><strong>vivo</strong></span> <span class='ocrx_word' id='word_1_169' title='bbox 743 1843 863 1928; x_wconf 88' lang='lat' dir='ltr'><strong>regiam</strong></span> <span class='ocrx_word' id='word_1_170' title='bbox 885 1865 951 1906; x_wconf 90' lang='lat' dir='ltr'><strong>esse</strong></span> <span class='ocrx_word' id='word_1_171' title='bbox 976 1843 1213 1929; x_wconf 81' lang='lat' dir='ltr'><strong>indignabatur.</strong></span> <span class='ocrx_word' id='word_1_172' title='bbox 1261 1844 1305 1908; x_wconf 87' lang='lat' dir='ltr'><strong>Et</strong></span> <span class='ocrx_word' id='word_1_173' title='bbox 1326 1839 1431 1928; x_wconf 89' lang='lat' dir='ltr'><strong>ipseju·</strong></span> 
     </span>
     <span class='ocr_line' id='line_1_21' title="bbox 387 1923 1432 2018; baseline -0.012 -23"><span class='ocrx_word' id='word_1_174' title='bbox 387 1931 473 1994; x_wconf 88' lang='lat' dir='ltr'><strong>venis</strong></span> <span class='ocrx_word' id='word_1_175' title='bbox 488 1929 575 1992; x_wconf 90' lang='lat' dir='ltr'><strong>haud</strong></span> <span class='ocrx_word' id='word_1_176' title='bbox 597 1928 693 1992; x_wconf 89' lang='lat' dir='ltr'><strong>dubie</strong></span> <span class='ocrx_word' id='word_1_177' title='bbox 708 1927 848 1991; x_wconf 90' lang='lat' dir='ltr'><strong>inflatior</strong></span> <span class='ocrx_word' id='word_1_178' title='bbox 862 1929 1009 2004; x_wconf 83' lang='lat' dir='ltr'><strong>redierat,</strong></span> <span class='ocrx_word' id='word_1_179' title='bbox 1025 1929 1172 1993; x_wconf 91' lang='lat' dir='ltr'><strong>subnisus</strong></span> <span class='ocrx_word' id='word_1_180' title='bbox 1193 1953 1272 2018; x_wconf 83' lang='lat' dir='ltr'><strong>erga</strong></span> <span class='ocrx_word' id='word_1_181' title='bbox 1285 1953 1317 1994; x_wconf 86' lang='lat' dir='ltr'><strong>se</strong></span> <span class='ocrx_word' id='word_1_182' title='bbox 1326 1923 1432 2014; x_wconf 89' lang='lat' dir='ltr'><strong>judiciis</strong></span> 
     </span>
     <span class='ocr_line' id='line_1_22' title="bbox 387 2013 1430 2101; baseline -0.007 -22"><span class='ocrx_word' id='word_1_183' title='bbox 387 2030 523 2091; x_wconf 88' lang='lat' dir='ltr'><strong>senatus,</strong></span> <span class='ocrx_word' id='word_1_184' title='bbox 539 2015 756 2098; x_wconf 86' lang='lat' dir='ltr'><strong>concessisque</strong></span> <span class='ocrx_word' id='word_1_185' title='bbox 769 2013 840 2090; x_wconf 91' lang='lat' dir='ltr'><strong>sibi,</strong></span> <span class='ocrx_word' id='word_1_186' title='bbox 857 2036 929 2099; x_wconf 89' lang='lat' dir='ltr'><strong>quae</strong></span> <span class='ocrx_word' id='word_1_187' title='bbox 951 2015 1036 2099; x_wconf 89' lang='lat' dir='ltr'><strong>patri</strong></span> <span class='ocrx_word' id='word_1_188' title='bbox 1057 2028 1171 2101; x_wconf 89' lang='lat' dir='ltr'><strong>negata</strong></span> <span class='ocrx_word' id='word_1_189' title='bbox 1194 2029 1316 2082; x_wconf 87' lang='lat' dir='ltr'><strong>essent:</strong></span> <span class='ocrx_word' id='word_1_190' title='bbox 1338 2027 1366 2078; x_wconf 91' lang='lat' dir='ltr'><strong>et</strong></span> <span class='ocrx_word' id='word_1_191' title='bbox 1379 2031 1430 2074; x_wconf 89' lang='lat' dir='ltr'><strong>om·</strong></span> 
     </span>
     <span class='ocr_line' id='line_1_23' title="bbox 386 2101 1430 2187; baseline -0.006 -23"><span class='ocrx_word' id='word_1_192' title='bbox 386 2101 436 2164; x_wconf 89' lang='lat' dir='ltr'><strong>nis</strong></span> <span class='ocrx_word' id='word_1_193' title='bbox 453 2101 571 2166; x_wconf 88' lang='lat' dir='ltr'><strong>mentio</strong></span> <span class='ocrx_word' id='word_1_194' title='bbox 588 2101 820 2176; x_wconf 87' lang='lat' dir='ltr'><strong>Romanorum,</strong></span> <span class='ocrx_word' id='word_1_195' title='bbox 838 2114 987 2184; x_wconf 89' lang='lat' dir='ltr'><strong>quantam</strong></span> <span class='ocrx_word' id='word_1_196' title='bbox 1005 2101 1193 2187; x_wconf 87' lang='lat' dir='ltr'><strong>dignitatem</strong></span> <span class='ocrx_word' id='word_1_197' title='bbox 1216 2104 1248 2166; x_wconf 91' lang='lat' dir='ltr'><strong>ei</strong></span> <span class='ocrx_word' id='word_1_198' title='bbox 1273 2101 1355 2186; x_wconf 91' lang='lat' dir='ltr'><strong>apud</strong></span> <span class='ocrx_word' id='word_1_199' title='bbox 1367 2107 1430 2162; x_wconf 89' lang='lat' dir='ltr'><strong>cete·</strong></span> 
     </span>
     <span class='ocr_line' id='line_1_24' title="bbox 387 2181 1430 2270; baseline -0.006 -20"><span class='ocrx_word' id='word_1_200' title='bbox 387 2208 438 2251; x_wconf 88' lang='lat' dir='ltr'><strong>ros</strong></span> <span class='ocrx_word' id='word_1_201' title='bbox 463 2186 667 2262; x_wconf 80' lang='lat' dir='ltr'><strong>Micedonas,</strong></span> <span class='ocrx_word' id='word_1_202' title='bbox 683 2198 804 2250; x_wconf 86' lang='lat' dir='ltr'><strong>tantem</strong></span> <span class='ocrx_word' id='word_1_203' title='bbox 827 2186 991 2266; x_wconf 87' lang='lat' dir='ltr'><strong>invidiam,</strong></span> <span class='ocrx_word' id='word_1_204' title='bbox 1007 2189 1072 2250; x_wconf 90' lang='lat' dir='ltr'><strong>non</strong></span> <span class='ocrx_word' id='word_1_205' title='bbox 1095 2187 1182 2270; x_wconf 87' lang='lat' dir='ltr'><strong>apud</strong></span> <span class='ocrx_word' id='word_1_206' title='bbox 1202 2187 1331 2252; x_wconf 88' lang='lat' dir='ltr'><strong>fratrem</strong></span> <span class='ocrx_word' id='word_1_207' title='bbox 1346 2181 1430 2253; x_wconf 84' lang='lat' dir='ltr'><strong>modo,</strong></span> 
     </span>
     <span class='ocr_line' id='line_1_25' title="bbox 387 2265 1487 2360; baseline -0.007 -26"><span class='ocrx_word' id='word_1_208' title='bbox 387 2273 560 2338; x_wconf 86' lang='lat' dir='ltr'><strong>sedetiam</strong></span> <span class='ocrx_word' id='word_1_209' title='bbox 583 2273 668 2356; x_wconf 87' lang='lat' dir='ltr'><strong>apud</strong></span> <span class='ocrx_word' id='word_1_210' title='bbox 693 2272 832 2349; x_wconf 86' lang='lat' dir='ltr'><strong>Patrem,</strong></span> <span class='ocrx_word' id='word_1_211' title='bbox 848 2270 1058 2336; x_wconf 86' lang='lat' dir='ltr'><strong>conciliabat:</strong></span> <span class='ocrx_word' id='word_1_212' title='bbox 1082 2273 1192 2359; x_wconf 92' lang='lat' dir='ltr'><strong>utique</strong></span> <span class='ocrx_word' id='word_1_213' title='bbox 1211 2288 1372 2360; x_wconf 89' lang='lat' dir='ltr'><strong>postquam</strong></span> <span class='ocrx_word' id='word_1_214' title='bbox 1391 2265 1430 2330; x_wconf 89' lang='lat' dir='ltr'><strong>alii</strong></span> <span class='ocrx_word' id='word_1_215' title='bbox 1486 2341 1487 2344; x_wconf 8' lang='grc' dir='ltr'><strong>Ἴ</strong></span> 
     </span>
     <span class='ocr_line' id='line_1_26' title="bbox 386 2353 1430 2446; baseline -0.005 -24"><span class='ocrx_word' id='word_1_216' title='bbox 386 2358 483 2444; x_wconf 81' lang='lat' dir='ltr'><strong>legati</strong></span> <span class='ocrx_word' id='word_1_217' title='bbox 509 2359 646 2422; x_wconf 86' lang='lat' dir='ltr'><strong>Romani</strong></span> <span class='ocrx_word' id='word_1_218' title='bbox 673 2373 836 2435; x_wconf 89' lang='lat' dir='ltr'><strong>venerunt,</strong></span> <span class='ocrx_word' id='word_1_219' title='bbox 860 2371 892 2422; x_wconf 94' lang='lat' dir='ltr'><strong>et</strong></span> <span class='ocrx_word' id='word_1_220' title='bbox 921 2357 1096 2446; x_wconf 88' lang='lat' dir='ltr'><strong>cogebatur</strong></span> <span class='ocrx_word' id='word_1_221' title='bbox 1125 2359 1281 2426; x_wconf 88' lang='lat' dir='ltr'><strong>decedere</strong></span> <span class='ocrx_word' id='word_1_222' title='bbox 1303 2353 1430 2428; x_wconf 84' lang='lat' dir='ltr'><strong>Thracia,</strong></span> 
     </span>
     <span class='ocr_line' id='line_1_27' title="bbox 387 2442 1429 2530; baseline -0.004 -22"><span class='ocrx_word' id='word_1_223' title='bbox 387 2445 597 2530; x_wconf 88' lang='lat' dir='ltr'><strong>praesidiaque</strong></span> <span class='ocrx_word' id='word_1_224' title='bbox 619 2444 785 2520; x_wconf 87' lang='lat' dir='ltr'><strong>deducere,</strong></span> <span class='ocrx_word' id='word_1_225' title='bbox 801 2458 832 2509; x_wconf 92' lang='lat' dir='ltr'><strong>et</strong></span> <span class='ocrx_word' id='word_1_226' title='bbox 847 2445 917 2521; x_wconf 84' lang='lat' dir='ltr'><strong>elia,</strong></span> <span class='ocrx_word' id='word_1_227' title='bbox 934 2457 990 2509; x_wconf 83' lang='lat' dir='ltr'><strong>aut</strong></span> <span class='ocrx_word' id='word_1_228' title='bbox 1004 2467 1044 2507; x_wconf 91' lang='lat' dir='ltr'><strong>ex</strong></span> <span class='ocrx_word' id='word_1_229' title='bbox 1060 2444 1187 2509; x_wconf 89' lang='lat' dir='ltr'><strong>decreto</strong></span> <span class='ocrx_word' id='word_1_230' title='bbox 1209 2448 1350 2530; x_wconf 89' lang='lat' dir='ltr'><strong>priorum</strong></span> <span class='ocrx_word' id='word_1_231' title='bbox 1365 2442 1429 2526; x_wconf 81' lang='lat' dir='ltr'><strong>lega·</strong></span> 
     </span>
     <span class='ocr_line' id='line_1_28' title="bbox 387 2529 1429 2608; baseline -0.007 -12"><span class='ocrx_word' id='word_1_232' title='bbox 387 2546 504 2608; x_wconf 89' lang='lat' dir='ltr'><strong>torum,</strong></span> <span class='ocrx_word' id='word_1_233' title='bbox 520 2544 575 2596; x_wconf 89' lang='lat' dir='ltr'><strong>aut</strong></span> <span class='ocrx_word' id='word_1_234' title='bbox 591 2553 632 2594; x_wconf 86' lang='lat' dir='ltr'><strong>ex</strong></span> <span class='ocrx_word' id='word_1_235' title='bbox 647 2552 730 2594; x_wconf 87' lang='lat' dir='ltr'><strong>nova</strong></span> <span class='ocrx_word' id='word_1_236' title='bbox 745 2531 970 2595; x_wconf 83' lang='lat' dir='ltr'><strong>constitutione</strong></span> <span class='ocrx_word' id='word_1_237' title='bbox 991 2545 1130 2608; x_wconf 86' lang='lat' dir='ltr'><strong>senatus,</strong></span> <span class='ocrx_word' id='word_1_238' title='bbox 1146 2531 1261 2598; x_wconf 85' lang='lat' dir='ltr'><strong>facere.</strong></span> <span class='ocrx_word' id='word_1_239' title='bbox 1283 2529 1366 2598; x_wconf 81' lang='lat' dir='ltr'><strong>⁸sed</strong></span> <span class='ocrx_word' id='word_1_240' title='bbox 1379 2545 1429 2590; x_wconf 90' lang='lat' dir='ltr'><strong>om·</strong></span> 
     </span>
     <span class='ocr_line' id='line_1_29' title="bbox 386 2610 1486 2704; baseline -0.012 -22"><span class='ocrx_word' id='word_1_241' title='bbox 386 2619 440 2682; x_wconf 88' lang='lat' dir='ltr'><strong>nia</strong></span> <span class='ocrx_word' id='word_1_242' title='bbox 455 2639 592 2682; x_wconf 91' lang='lat' dir='ltr'><strong>moerens</strong></span> <span class='ocrx_word' id='word_1_243' title='bbox 607 2616 735 2702; x_wconf 91' lang='lat' dir='ltr'><strong>quidem</strong></span> <span class='ocrx_word' id='word_1_244' title='bbox 752 2629 783 2680; x_wconf 88' lang='lat' dir='ltr'><strong>et</strong></span> <span class='ocrx_word' id='word_1_245' title='bbox 805 2639 946 2703; x_wconf 87' lang='lat' dir='ltr'><strong>gemens,</strong></span> <span class='ocrx_word' id='word_1_246' title='bbox 964 2621 1017 2700; x_wconf 89' lang='lat' dir='ltr'><strong>(eo</strong></span> <span class='ocrx_word' id='word_1_247' title='bbox 1040 2618 1150 2704; x_wconf 85' lang='lat' dir='ltr'><strong>magis,</strong></span> <span class='ocrx_word' id='word_1_248' title='bbox 1167 2621 1254 2704; x_wconf 94' lang='lat' dir='ltr'><strong>quod</strong></span> <span class='ocrx_word' id='word_1_249' title='bbox 1276 2619 1369 2683; x_wconf 88' lang='lat' dir='ltr'><strong>filium</strong></span> <span class='ocrx_word' id='word_1_250' title='bbox 1383 2610 1429 2673; x_wconf 79' lang='lat' dir='ltr'><strong>ire</strong></span> <span class='ocrx_word' id='word_1_251' title='bbox 1485 2627 1486 2699; x_wconf 56' lang='lat' dir='ltr'><strong>l</strong></span> 
     </span>
     <span class='ocr_line' id='line_1_30' title="bbox 411 2699 1428 2789; baseline -0.011 -21"><span class='ocrx_word' id='word_1_252' title='bbox 411 2704 583 2768; x_wconf 90' lang='lat' dir='ltr'><strong>uentiorem</strong></span> <span class='ocrx_word' id='word_1_253' title='bbox 607 2724 708 2788; x_wconf 89' lang='lat' dir='ltr'><strong>prope</strong></span> <span class='ocrx_word' id='word_1_254' title='bbox 730 2723 801 2766; x_wconf 90' lang='lat' dir='ltr'><strong>oum</strong></span> <span class='ocrx_word' id='word_1_255' title='bbox 825 2703 896 2783; x_wconf 90' lang='lat' dir='ltr'><strong>illis,</strong></span> <span class='ocrx_word' id='word_1_256' title='bbox 912 2725 1007 2789; x_wconf 90' lang='lat' dir='ltr'><strong>quam</strong></span> <span class='ocrx_word' id='word_1_257' title='bbox 1032 2725 1149 2780; x_wconf 85' lang='lat' dir='ltr'><strong>secum,</strong></span> <span class='ocrx_word' id='word_1_258' title='bbox 1174 2705 1336 2784; x_wconf 79' lang='lat' dir='ltr'><strong>cernebat)</strong></span> <span class='ocrx_word' id='word_1_259' title='bbox 1350 2699 1428 2761; x_wconf 59' lang='grc' dir='ltr'><strong>9οἱπε-</strong></span> 
     </span>
     <span class='ocr_line' id='line_1_31' title="bbox 386 2727 1429 2876; baseline -0.01 -24"><span class='ocrx_word' id='word_1_260' title='bbox 386 2727 511 2855; x_wconf 78' lang='lat' dir='ltr'><strong>dienter</strong></span> <span class='ocrx_word' id='word_1_261' title='bbox 526 2802 630 2856; x_wconf 85' lang='lat' dir='ltr'><strong>tamen</strong></span> <span class='ocrx_word' id='word_1_262' title='bbox 647 2789 796 2852; x_wconf 88' lang='lat' dir='ltr'><strong>adversus</strong></span> <span class='ocrx_word' id='word_1_263' title='bbox 812 2789 977 2854; x_wconf 86' lang='lat' dir='ltr'><strong>Romanos</strong></span> <span class='ocrx_word' id='word_1_264' title='bbox 996 2787 1141 2866; x_wconf 88' lang='lat' dir='ltr'><strong>faciebat,</strong></span> <span class='ocrx_word' id='word_1_265' title='bbox 1158 2812 1199 2853; x_wconf 87' lang='lat' dir='ltr'><strong>ne</strong></span> <span class='ocrx_word' id='word_1_266' title='bbox 1214 2814 1308 2876; x_wconf 89' lang='lat' dir='ltr'><strong>quam</strong></span> <span class='ocrx_word' id='word_1_267' title='bbox 1325 2803 1429 2851; x_wconf 84' lang='lat' dir='ltr'><strong>moven-</strong></span> 
     </span>
    </p>
   </div>
   <div class='ocr_carea' id='block_1_3' title="bbox 387 2865 1428 2960">
    <p class='ocr_par' dir='ltr' id='par_1_3' title="bbox 387 2865 1428 2960">
     <span class='ocr_line' id='line_1_32' title="bbox 387 2865 1428 2960; baseline -0.008 -20"><span class='ocrx_word' id='word_1_268' title='bbox 387 2875 421 2940; x_wconf 93' lang='lat' dir='ltr'><strong>di</strong></span> <span class='ocrx_word' id='word_1_269' title='bbox 435 2875 597 2960; x_wconf 89' lang='lat' dir='ltr'><strong>extemplo</strong></span> <span class='ocrx_word' id='word_1_270' title='bbox 612 2875 686 2938; x_wconf 92' lang='lat' dir='ltr'><strong>belli</strong></span> <span class='ocrx_word' id='word_1_271' title='bbox 701 2895 842 2938; x_wconf 88' lang='lat' dir='ltr'><strong>caussam</strong></span> <span class='ocrx_word' id='word_1_272' title='bbox 858 2879 1020 2960; x_wconf 87' lang='lat' dir='ltr'><strong>praeberet.</strong></span> <span class='ocrx_word' id='word_1_273' title='bbox 1067 2877 1269 2941; x_wconf 87' lang='lat' dir='ltr'><strong>Avertendos</strong></span> <span class='ocrx_word' id='word_1_274' title='bbox 1280 2878 1366 2941; x_wconf 88' lang='lat' dir='ltr'><strong>etiam</strong></span> <span class='ocrx_word' id='word_1_275' title='bbox 1379 2865 1428 2933; x_wconf 82' lang='lat' dir='ltr'><strong>ani·</strong></span> 
     </span>
    </p>
   </div>
   <div class='ocr_carea' id='block_1_4' title="bbox 583 2975 1264 3055">
    <p class='ocr_par' dir='ltr' id='par_1_4' title="bbox 583 2975 1264 3055">
     <span class='ocr_line' id='line_1_33' title="bbox 583 2975 1264 3055; baseline 0.001 -15"><span class='ocrx_word' id='word_1_276' title='bbox 583 2998 597 3026; x_wconf 85' lang='lat'><em>¹</em></span> <span class='ocrx_word' id='word_1_277' title='bbox 609 2975 698 3042; x_wconf 81' lang='lat' dir='ltr'><strong>minore</strong></span> <span class='ocrx_word' id='word_1_278' title='bbox 709 2995 784 3042; x_wconf 86' lang='lat' dir='ltr'><strong>Gron.</strong></span> <span class='ocrx_word' id='word_1_279' title='bbox 883 2999 896 3037; x_wconf 79' lang='lat' dir='ltr'><strong>l</strong></span> <span class='ocrx_word' id='word_1_280' title='bbox 908 2994 1094 3055; x_wconf 74' lang='lat' dir='ltr'><strong>matrefamilias</strong></span> <span class='ocrx_word' id='word_1_281' title='bbox 1106 2995 1181 3044; x_wconf 85' lang='lat' dir='ltr'><strong>Gron.</strong></span> <span class='ocrx_word' id='word_1_282' title='bbox 1194 2997 1264 3042; x_wconf 77' lang='lat' dir='ltr'><strong>Cres.</strong></span> 
     </span>
    </p>
   </div>
   <div class='ocr_carea' id='block_1_5' title="bbox 296 3102 1482 4342">
    <p class='ocr_par' dir='ltr' id='par_1_5' title="bbox 387 3102 1431 3430">
     <span class='ocr_line' id='line_1_34' title="bbox 420 3102 1431 3174; baseline -0.016 -15"><span class='ocrx_word' id='word_1_283' title='bbox 420 3119 435 3159; x_wconf 83' lang='lat'><strong>5</strong></span> <span class='ocrx_word' id='word_1_284' title='bbox 451 3111 536 3158; x_wconf 67' lang='grc' dir='ltr'><em>Μίνων</em></span> <span class='ocrx_word' id='word_1_285' title='bbox 547 3103 629 3170; x_wconf 78' lang='lat' dir='ltr'><strong>etate]</strong></span> <span class='ocrx_word' id='word_1_286' title='bbox 649 3108 688 3156; x_wconf 88' lang='lat' dir='ltr'><strong>Sic</strong></span> <span class='ocrx_word' id='word_1_287' title='bbox 699 3110 831 3168; x_wconf 89' lang='lat' dir='ltr'><strong>loquuntur</strong></span> <span class='ocrx_word' id='word_1_288' title='bbox 842 3109 906 3158; x_wconf 82' lang='lat' dir='ltr'><strong>Leti·</strong></span> <span class='ocrx_word' id='word_1_289' title='bbox 938 3121 1011 3154; x_wconf 85' lang='lat' dir='ltr'><strong>uxore</strong></span> <span class='ocrx_word' id='word_1_290' title='bbox 1022 3109 1083 3167; x_wconf 76' lang='lat' dir='ltr'><strong>eJus,</strong></span> <span class='ocrx_word' id='word_1_291' title='bbox 1097 3114 1209 3169; x_wconf 82' lang='lat' dir='ltr'><strong>tanquam</strong></span> <span class='ocrx_word' id='word_1_292' title='bbox 1222 3110 1350 3174; x_wconf 83' lang='lat' dir='ltr'><strong>legitimum</strong></span> <span class='ocrx_word' id='word_1_293' title='bbox 1364 3102 1431 3150; x_wconf 78' lang='lat' dir='ltr'><strong>unius·</strong></span> 
     </span>
     <span class='ocr_line' id='line_1_35' title="bbox 387 3168 1429 3235; baseline -0.007 -11"><span class='ocrx_word' id='word_1_294' title='bbox 387 3178 422 3230; x_wconf 85' lang='lat' dir='ltr'><strong>ni,</strong></span> <span class='ocrx_word' id='word_1_295' title='bbox 432 3191 481 3224; x_wconf 90' lang='lat' dir='ltr'><strong>non</strong></span> <span class='ocrx_word' id='word_1_296' title='bbox 493 3176 585 3221; x_wconf 84' lang='lat' dir='ltr'><strong>minore</strong></span> <span class='ocrx_word' id='word_1_297' title='bbox 595 3181 676 3232; x_wconf 82' lang='lat' dir='ltr'><strong>oetate,</strong></span> <span class='ocrx_word' id='word_1_298' title='bbox 687 3175 806 3234; x_wconf 89' lang='lat' dir='ltr'><strong>quomodo</strong></span> <span class='ocrx_word' id='word_1_299' title='bbox 817 3175 906 3220; x_wconf 84' lang='lat' dir='ltr'><strong>babent</strong></span> <span class='ocrx_word' id='word_1_300' title='bbox 939 3187 985 3233; x_wconf 88' lang='lat' dir='ltr'><strong>qne</strong></span> <span class='ocrx_word' id='word_1_301' title='bbox 998 3175 1082 3230; x_wconf 86' lang='lat' dir='ltr'><strong>lilium,</strong></span> <span class='ocrx_word' id='word_1_302' title='bbox 1093 3176 1201 3234; x_wconf 80' lang='lat' dir='ltr'><strong>agnitum</strong></span> <span class='ocrx_word' id='word_1_303' title='bbox 1221 3183 1247 3222; x_wconf 90' lang='lat' dir='ltr'><strong>et</strong></span> <span class='ocrx_word' id='word_1_304' title='bbox 1261 3175 1334 3235; x_wconf 81' lang='lat' dir='ltr'><strong>palam</strong></span> <span class='ocrx_word' id='word_1_305' title='bbox 1345 3168 1429 3217; x_wconf 66' lang='lat' dir='ltr'><strong>habitum</strong></span> 
     </span>
     <span class='ocr_line' id='line_1_36' title="bbox 387 3237 1430 3303; baseline 0 -14"><span class='ocrx_word' id='word_1_306' title='bbox 387 3243 547 3290; x_wconf 79' lang='lat' dir='ltr'><strong>Gronoriauer</strong></span> <span class='ocrx_word' id='word_1_307' title='bbox 569 3240 690 3286; x_wconf 83' lang='lat' dir='ltr'><strong>editiones.</strong></span> <span class='ocrx_word' id='word_1_308' title='bbox 724 3237 757 3284; x_wconf 85' lang='lat' dir='ltr'><strong>Et</strong></span> <span class='ocrx_word' id='word_1_309' title='bbox 778 3252 817 3284; x_wconf 79' lang='lat' dir='ltr'><strong>ear</strong></span> <span class='ocrx_word' id='word_1_310' title='bbox 837 3239 904 3285; x_wconf 88' lang='lat' dir='ltr'><strong>relel·</strong></span> <span class='ocrx_word' id='word_1_311' title='bbox 938 3253 998 3295; x_wconf 85' lang='lat' dir='ltr'><strong>esse,</strong></span> <span class='ocrx_word' id='word_1_312' title='bbox 1010 3253 1036 3285; x_wconf 84' lang='lat' dir='ltr'><strong>ac</strong></span> <span class='ocrx_word' id='word_1_313' title='bbox 1047 3240 1145 3299; x_wconf 87' lang='lat' dir='ltr'><strong>proinde</strong></span> <span class='ocrx_word' id='word_1_314' title='bbox 1156 3242 1320 3303; x_wconf 73' lang='lat' dir='ltr'><strong>prodegitimo</strong></span> <span class='ocrx_word' id='word_1_315' title='bbox 1338 3249 1380 3282; x_wconf 76' lang='lat' dir='ltr'><strong>sete</strong></span> <span class='ocrx_word' id='word_1_316' title='bbox 1393 3242 1430 3289; x_wconf 59' lang='grc' dir='ltr'><strong>ἔθ’·</strong></span> 
     </span>
     <span class='ocr_line' id='line_1_37' title="bbox 387 3297 1429 3364; baseline -0.007 -12"><span class='ocrx_word' id='word_1_317' title='bbox 387 3305 599 3354; x_wconf 85' lang='lat' dir='ltr'><strong>luntOxonienser</strong></span> <span class='ocrx_word' id='word_1_318' title='bbox 616 3303 793 3350; x_wconf 74' lang='lat' dir='ltr'><strong>Hearniicodd</strong></span> <span class='ocrx_word' id='word_1_319' title='bbox 809 3308 833 3350; x_wconf 89' lang='lat' dir='ltr'><strong>et</strong></span> <span class='ocrx_word' id='word_1_320' title='bbox 850 3319 904 3350; x_wconf 86' lang='lat' dir='ltr'><strong>uos·</strong></span> <span class='ocrx_word' id='word_1_321' title='bbox 938 3304 1008 3349; x_wconf 81' lang='lat' dir='ltr'><strong>sisse:</strong></span> <span class='ocrx_word' id='word_1_322' title='bbox 1034 3304 1074 3350; x_wconf 85' lang='lat' dir='ltr'><strong>red</strong></span> <span class='ocrx_word' id='word_1_323' title='bbox 1102 3310 1179 3350; x_wconf 85' lang='lat' dir='ltr'><strong>ortum</strong></span> <span class='ocrx_word' id='word_1_324' title='bbox 1208 3307 1260 3364; x_wconf 89' lang='lat' dir='ltr'><strong>ejus</strong></span> <span class='ocrx_word' id='word_1_325' title='bbox 1282 3303 1358 3350; x_wconf 89' lang='lat' dir='ltr'><strong>multis</strong></span> <span class='ocrx_word' id='word_1_326' title='bbox 1376 3297 1429 3342; x_wconf 81' lang='lat' dir='ltr'><strong>fuine</strong></span> 
     </span>
     <span class='ocr_line' id='line_1_38' title="bbox 387 3369 1427 3430; baseline -0.017 -12"><span class='ocrx_word' id='word_1_327' title='bbox 387 3378 424 3418; x_wconf 89' lang='lat' dir='ltr'><strong>ter</strong></span> <span class='ocrx_word' id='word_1_328' title='bbox 434 3373 498 3420; x_wconf 81' lang='lat' dir='ltr'><strong>vict.</strong></span> <span class='ocrx_word' id='word_1_329' title='bbox 510 3377 535 3416; x_wconf 89' lang='lat' dir='ltr'><strong>et</strong></span> <span class='ocrx_word' id='word_1_330' title='bbox 545 3371 647 3416; x_wconf 68' lang='lat' dir='ltr'><strong>Andreae</strong></span> <span class='ocrx_word' id='word_1_331' title='bbox 656 3369 737 3415; x_wconf 84' lang='lat' dir='ltr'><strong>editio.</strong></span> <span class='ocrx_word' id='word_1_332' title='bbox 939 3373 1085 3428; x_wconf 79' lang='lat' dir='ltr'><strong>suspectum,</strong></span> <span class='ocrx_word' id='word_1_333' title='bbox 1112 3371 1229 3430; x_wconf 82' lang='lat' dir='ltr'><strong>variisque</strong></span> <span class='ocrx_word' id='word_1_334' title='bbox 1260 3371 1369 3428; x_wconf 78' lang='lat' dir='ltr'><strong>J&#39;actatum</strong></span> <span class='ocrx_word' id='word_1_335' title='bbox 1392 3369 1427 3404; x_wconf 80' lang='lat' dir='ltr'><strong>esse</strong></span> 
     </span>
    </p>

    <p class='ocr_par' dir='ltr' id='par_1_6' title="bbox 386 3429 1482 3690">
     <span class='ocr_line' id='line_1_39' title="bbox 420 3429 1427 3496; baseline -0.008 -12"><span class='ocrx_word' id='word_1_336' title='bbox 420 3433 654 3496; x_wconf 75' lang='lat' dir='ltr'><strong>6Matresamlliar]</strong></span> <span class='ocrx_word' id='word_1_337' title='bbox 687 3432 774 3493; x_wconf 88' lang='lat' dir='ltr'><strong>Scripti</strong></span> <span class='ocrx_word' id='word_1_338' title='bbox 796 3439 820 3478; x_wconf 93' lang='lat' dir='ltr'><strong>et</strong></span> <span class='ocrx_word' id='word_1_339' title='bbox 848 3429 905 3479; x_wconf 80' lang='lat' dir='ltr'><strong>rell.</strong></span> <span class='ocrx_word' id='word_1_340' title='bbox 939 3434 1097 3490; x_wconf 83' lang='lat' dir='ltr'><strong>sermonibus,</strong></span> <span class='ocrx_word' id='word_1_341' title='bbox 1110 3435 1162 3480; x_wconf 87' lang='lat' dir='ltr'><strong>aliis</strong></span> <span class='ocrx_word' id='word_1_342' title='bbox 1180 3450 1194 3480; x_wconf 85' lang='lat' dir='ltr'><strong>a</strong></span> <span class='ocrx_word' id='word_1_343' title='bbox 1209 3435 1316 3495; x_wconf 87' lang='lat' dir='ltr'><strong>Philippo</strong></span> <span class='ocrx_word' id='word_1_344' title='bbox 1331 3443 1377 3476; x_wconf 82' lang='lat' dir='ltr'><strong>eunt</strong></span> <span class='ocrx_word' id='word_1_345' title='bbox 1391 3435 1427 3496; x_wconf 62' lang='lat'>³¹¹3·</span> 
     </span>
     <span class='ocr_line' id='line_1_40' title="bbox 386 3487 1428 3559; baseline -0.02 -10"><span class='ocrx_word' id='word_1_346' title='bbox 386 3502 444 3550; x_wconf 87' lang='lat' dir='ltr'><strong>editi</strong></span> <span class='ocrx_word' id='word_1_347' title='bbox 455 3500 643 3559; x_wconf 80' lang='lat' dir='ltr'><strong>matrefamilioe.</strong></span> <span class='ocrx_word' id='word_1_348' title='bbox 672 3499 705 3545; x_wconf 82' lang='lat' dir='ltr'><strong>lit</strong></span> <span class='ocrx_word' id='word_1_349' title='bbox 721 3504 825 3556; x_wconf 81' lang='lat' dir='ltr'><strong>constat,</strong></span> <span class='ocrx_word' id='word_1_350' title='bbox 836 3499 906 3544; x_wconf 88' lang='lat' dir='ltr'><strong>modo</strong></span> <span class='ocrx_word' id='word_1_351' title='bbox 938 3504 1032 3559; x_wconf 89' lang='lat' dir='ltr'><strong>ceptum</strong></span> <span class='ocrx_word' id='word_1_352' title='bbox 1049 3512 1099 3544; x_wconf 81' lang='lat' dir='ltr'><strong>esse</strong></span> <span class='ocrx_word' id='word_1_353' title='bbox 1111 3513 1139 3544; x_wconf 85' lang='lat' dir='ltr'><strong>ex</strong></span> <span class='ocrx_word' id='word_1_354' title='bbox 1150 3501 1233 3559; x_wconf 82' lang='lat' dir='ltr'><strong>pellice</strong></span> <span class='ocrx_word' id='word_1_355' title='bbox 1249 3497 1380 3548; x_wconf 83' lang='lat' dir='ltr'><strong>dicentibus,</strong></span> <span class='ocrx_word' id='word_1_356' title='bbox 1390 3487 1428 3532; x_wconf 78' lang='lat' dir='ltr'><strong>alin</strong></span> 
     </span>
     <span class='ocr_line' id='line_1_41' title="bbox 387 3561 1482 3626; baseline -0.01 -12"><span class='ocrx_word' id='word_1_357' title='bbox 387 3569 440 3620; x_wconf 88' lang='lat' dir='ltr'><strong>boc,</strong></span> <span class='ocrx_word' id='word_1_358' title='bbox 451 3564 820 3614; x_wconf 79' lang='lat' dir='ltr'><strong>medoilludmeluisseveterer.</strong></span> <span class='ocrx_word' id='word_1_359' title='bbox 835 3564 905 3610; x_wconf 80' lang='lat' dir='ltr'><strong>Gno-</strong></span> <span class='ocrx_word' id='word_1_360' title='bbox 938 3564 1008 3624; x_wconf 83' lang='lat' dir='ltr'><strong>plane</strong></span> <span class='ocrx_word' id='word_1_361' title='bbox 1044 3563 1165 3610; x_wconf 79' lang='lat' dir='ltr'><strong>subditum</strong></span> <span class='ocrx_word' id='word_1_362' title='bbox 1193 3580 1234 3626; x_wconf 84' lang='lat' dir='ltr'><strong>per</strong></span> <span class='ocrx_word' id='word_1_363' title='bbox 1269 3561 1373 3614; x_wconf 80' lang='lat' dir='ltr'><strong>fraudem,</strong></span> <span class='ocrx_word' id='word_1_364' title='bbox 1395 3561 1427 3595; x_wconf 69' lang='lat'><strong>⁰0⁶</strong></span> <span class='ocrx_word' id='word_1_365' title='bbox 1481 3609 1482 3615; x_wconf 9' lang='grc' dir='ltr'>ἵ</span> 
     </span>
     <span class='ocr_line' id='line_1_42' title="bbox 387 3626 1430 3690; baseline -0.012 -10"><span class='ocrx_word' id='word_1_366' title='bbox 387 3644 492 3680; x_wconf 78' lang='lat' dir='ltr'><strong>novius.</strong></span> <span class='ocrx_word' id='word_1_367' title='bbox 519 3628 822 3676; x_wconf 80' lang='lat' dir='ltr'><strong>Assentiturvict.oodcx.</strong></span> <span class='ocrx_word' id='word_1_368' title='bbox 938 3629 1064 3688; x_wconf 84' lang='lat' dir='ltr'><strong>quicquam</strong></span> <span class='ocrx_word' id='word_1_369' title='bbox 1084 3630 1241 3690; x_wconf 85' lang='lat' dir='ltr'><strong>pertinentem</strong></span> <span class='ocrx_word' id='word_1_370' title='bbox 1261 3630 1288 3676; x_wconf 79' lang='lat' dir='ltr'><strong>ad</strong></span> <span class='ocrx_word' id='word_1_371' title='bbox 1307 3627 1390 3683; x_wconf 80' lang='lat' dir='ltr'><strong>stirpen</strong></span> <span class='ocrx_word' id='word_1_372' title='bbox 1406 3626 1430 3657; x_wconf 65' lang='grc' dir='ltr'><strong>Ν·</strong></span> 
     </span>
    </p>

    <p class='ocr_par' dir='ltr' id='par_1_7' title="bbox 419 3688 1011 3755">
     <span class='ocr_line' id='line_1_43' title="bbox 419 3688 1011 3755; baseline -0.005 -15"><span class='ocrx_word' id='word_1_373' title='bbox 419 3703 433 3746; x_wconf 84' lang='grc'><strong>7</strong></span> <span class='ocrx_word' id='word_1_374' title='bbox 450 3693 525 3744; x_wconf 83' lang='lat' dir='ltr'><strong>Illam</strong></span> <span class='ocrx_word' id='word_1_375' title='bbox 532 3694 620 3754; x_wconf 77' lang='lat' dir='ltr'><strong>pellice</strong></span> <span class='ocrx_word' id='word_1_376' title='bbox 635 3699 712 3739; x_wconf 85' lang='lat' dir='ltr'><strong>ortum</strong></span> <span class='ocrx_word' id='word_1_377' title='bbox 723 3688 782 3755; x_wconf 82' lang='lat' dir='ltr'><strong>erse]</strong></span> <span class='ocrx_word' id='word_1_378' title='bbox 802 3692 868 3744; x_wconf 86' lang='lat' dir='ltr'><strong>Quin</strong></span> <span class='ocrx_word' id='word_1_379' title='bbox 884 3697 908 3737; x_wconf 90' lang='lat' dir='ltr'><strong>et</strong></span> <span class='ocrx_word' id='word_1_380' title='bbox 940 3693 1011 3754; x_wconf 79' lang='lat' dir='ltr'><strong>giam.</strong></span> 
     </span>
    </p>

    <p class='ocr_par' dir='ltr' id='par_1_8' title="bbox 386 3753 1429 3822">
     <span class='ocr_line' id='line_1_44' title="bbox 386 3753 1429 3822; baseline -0.005 -14"><span class='ocrx_word' id='word_1_381' title='bbox 386 3759 527 3808; x_wconf 83' lang='lat' dir='ltr'><strong>Plutarchus</strong></span> <span class='ocrx_word' id='word_1_382' title='bbox 546 3759 571 3804; x_wconf 95' lang='lat' dir='ltr'><strong>in</strong></span> <span class='ocrx_word' id='word_1_383' title='bbox 590 3759 686 3805; x_wconf 81' lang='lat' dir='ltr'><strong>AEmilio</strong></span> <span class='ocrx_word' id='word_1_384' title='bbox 704 3758 771 3806; x_wconf 85' lang='lat' dir='ltr'><strong>testis</strong></span> <span class='ocrx_word' id='word_1_385' title='bbox 791 3763 827 3804; x_wconf 80' lang='lat' dir='ltr'><strong>ert</strong></span> <span class='ocrx_word' id='word_1_386' title='bbox 846 3758 907 3803; x_wconf 81' lang='lat' dir='ltr'><strong>hanc</strong></span> <span class='ocrx_word' id='word_1_387' title='bbox 974 3765 987 3803; x_wconf 79' lang='grc'>8</span> <span class='ocrx_word' id='word_1_388' title='bbox 1006 3757 1055 3802; x_wconf 84' lang='lat' dir='ltr'><strong>Sed</strong></span> <span class='ocrx_word' id='word_1_389' title='bbox 1068 3760 1147 3804; x_wconf 82' lang='lat' dir='ltr'><strong>omnia</strong></span> <span class='ocrx_word' id='word_1_390' title='bbox 1162 3775 1262 3807; x_wconf 76' lang='lat' dir='ltr'><strong>merear</strong></span> <span class='ocrx_word' id='word_1_391' title='bbox 1273 3755 1359 3819; x_wconf 80' lang='lat' dir='ltr'><strong>quidem</strong></span> <span class='ocrx_word' id='word_1_392' title='bbox 1371 3753 1429 3822; x_wconf 66' lang='lat' dir='ltr'><strong>elif·</strong></span> 
     </span>
    </p>

    <p class='ocr_par' dir='ltr' id='par_1_9' title="bbox 296 3817 1481 4274">
     <span class='ocr_line' id='line_1_45' title="bbox 296 3817 1481 3883; baseline -0.016 -10"><span class='ocrx_word' id='word_1_393' title='bbox 296 3855 303 3866; x_wconf 76' lang='lat'><strong>.</strong></span> <span class='ocrx_word' id='word_1_394' title='bbox 386 3827 416 3872; x_wconf 87' lang='lat' dir='ltr'><strong>de</strong></span> <span class='ocrx_word' id='word_1_395' title='bbox 435 3827 519 3872; x_wconf 78' lang='lat' dir='ltr'><strong>Persea</strong></span> <span class='ocrx_word' id='word_1_396' title='bbox 540 3823 612 3870; x_wconf 74' lang='lat' dir='ltr'><strong>tuisne</strong></span> <span class='ocrx_word' id='word_1_397' title='bbox 634 3823 782 3883; x_wconf 82' lang='lat' dir='ltr'><strong>opinionem,</strong></span> <span class='ocrx_word' id='word_1_398' title='bbox 801 3836 855 3868; x_wconf 91' lang='lat' dir='ltr'><strong>eum</strong></span> <span class='ocrx_word' id='word_1_399' title='bbox 879 3837 908 3868; x_wconf 92' lang='lat' dir='ltr'><strong>ne</strong></span> <span class='ocrx_word' id='word_1_400' title='bbox 941 3817 1106 3883; x_wconf 78' lang='lat' dir='ltr'><strong>ntem]Totus</strong></span> <span class='ocrx_word' id='word_1_401' title='bbox 1121 3824 1160 3869; x_wconf 89' lang='lat' dir='ltr'><strong>hic</strong></span> <span class='ocrx_word' id='word_1_402' title='bbox 1175 3826 1241 3871; x_wconf 86' lang='lat' dir='ltr'><strong>lo&#39;cus</strong></span> <span class='ocrx_word' id='word_1_403' title='bbox 1256 3825 1279 3870; x_wconf 89' lang='lat' dir='ltr'><strong>in</strong></span> <span class='ocrx_word' id='word_1_404' title='bbox 1296 3819 1426 3866; x_wconf 80' lang='lat' dir='ltr'><strong>Gronorrmu</strong></span> <span class='ocrx_word' id='word_1_405' title='bbox 1480 3817 1481 3845; x_wconf 74' lang='lat' dir='ltr'><strong>l</strong></span> 
     </span>
     <span class='ocr_line' id='line_1_46' title="bbox 385 3883 1428 3950; baseline -0.016 -12"><span class='ocrx_word' id='word_1_406' title='bbox 385 3891 492 3950; x_wconf 74' lang='lat' dir='ltr'><strong>genitum</strong></span> <span class='ocrx_word' id='word_1_407' title='bbox 505 3887 598 3949; x_wconf 81' lang='lat' dir='ltr'><strong>quidem</strong></span> <span class='ocrx_word' id='word_1_408' title='bbox 610 3888 719 3948; x_wconf 81' lang='lat' dir='ltr'><strong>Philippo</strong></span> <span class='ocrx_word' id='word_1_409' title='bbox 731 3902 791 3944; x_wconf 83' lang='lat' dir='ltr'><strong>erre,</strong></span> <span class='ocrx_word' id='word_1_410' title='bbox 801 3888 841 3932; x_wconf 86' lang='lat' dir='ltr'><strong>red</strong></span> <span class='ocrx_word' id='word_1_411' title='bbox 852 3887 907 3933; x_wconf 86' lang='lat' dir='ltr'><strong>sub·</strong></span> <span class='ocrx_word' id='word_1_412' title='bbox 940 3887 1084 3934; x_wconf 85' lang='lat' dir='ltr'><strong>editionibus</strong></span> <span class='ocrx_word' id='word_1_413' title='bbox 1096 3889 1179 3935; x_wconf 81' lang='lat' dir='ltr'><strong>misere</strong></span> <span class='ocrx_word' id='word_1_414' title='bbox 1190 3892 1328 3937; x_wconf 82' lang='lat' dir='ltr'><strong>deformatus</strong></span> <span class='ocrx_word' id='word_1_415' title='bbox 1338 3883 1380 3926; x_wconf 81' lang='lat' dir='ltr'><strong>erat</strong></span> <span class='ocrx_word' id='word_1_416' title='bbox 1389 3885 1428 3950; x_wconf 57' lang='lat' dir='ltr'><strong>pros</strong></span> 
     </span>
     <span class='ocr_line' id='line_1_47' title="bbox 386 3945 1428 4014; baseline -0.022 -10"><span class='ocrx_word' id='word_1_417' title='bbox 386 3957 464 4004; x_wconf 84' lang='lat' dir='ltr'><strong>ditum</strong></span> <span class='ocrx_word' id='word_1_418' title='bbox 486 3955 516 4001; x_wconf 80' lang='lat' dir='ltr'><strong>ab</strong></span> <span class='ocrx_word' id='word_1_419' title='bbox 535 3953 639 4014; x_wconf 84' lang='lat' dir='ltr'><strong>Philippi</strong></span> <span class='ocrx_word' id='word_1_420' title='bbox 657 3967 745 4000; x_wconf 84' lang='lat' dir='ltr'><strong>uxore:</strong></span> <span class='ocrx_word' id='word_1_421' title='bbox 763 3956 909 4013; x_wconf 75' lang='lat' dir='ltr'><strong>matremque</strong></span> <span class='ocrx_word' id='word_1_422' title='bbox 940 3967 970 3999; x_wconf 83' lang='lat' dir='ltr'><strong>va</strong></span> <span class='ocrx_word' id='word_1_423' title='bbox 979 3953 1180 4013; x_wconf 85' lang='lat' dir='ltr'><strong>interpunctione.</strong></span> <span class='ocrx_word' id='word_1_424' title='bbox 1212 3957 1308 4002; x_wconf 79' lang='lat' dir='ltr'><strong>Earnex</strong></span> <span class='ocrx_word' id='word_1_425' title='bbox 1321 3945 1428 3992; x_wconf 80' lang='lat' dir='ltr'><strong>relustran-</strong></span> 
     </span>
     <span class='ocr_line' id='line_1_48' title="bbox 386 4017 1480 4082; baseline -0.005 -13"><span class='ocrx_word' id='word_1_426' title='bbox 386 4024 437 4082; x_wconf 79' lang='lat' dir='ltr'><strong>eJur</strong></span> <span class='ocrx_word' id='word_1_427' title='bbox 460 4018 569 4068; x_wconf 87' lang='lat' dir='ltr'><strong>nominat</strong></span> <span class='ocrx_word' id='word_1_428' title='bbox 591 4018 769 4074; x_wconf 80' lang='lat' dir='ltr'><strong>Gnathaeniam,</strong></span> <span class='ocrx_word' id='word_1_429' title='bbox 788 4017 907 4063; x_wconf 80' lang='lat' dir='ltr'><strong>sertricem</strong></span> <span class='ocrx_word' id='word_1_430' title='bbox 941 4017 1180 4066; x_wconf 82' lang='lat' dir='ltr'><strong>busemendarimur.</strong></span> <span class='ocrx_word' id='word_1_431' title='bbox 1479 4029 1480 4073; x_wconf 70' lang='lat' dir='ltr'><strong>l</strong></span> 
     </span>
     <span class='ocr_line' id='line_1_49' title="bbox 385 4057 1479 4148; baseline -0.009 -16"><span class='ocrx_word' id='word_1_432' title='bbox 385 4086 530 4148; x_wconf 75' lang='lat' dir='ltr'><strong>Argolicam.</strong></span> <span class='ocrx_word' id='word_1_433' title='bbox 546 4085 579 4130; x_wconf 89' lang='lat' dir='ltr'><strong>Et</strong></span> <span class='ocrx_word' id='word_1_434' title='bbox 591 4085 687 4130; x_wconf 84' lang='lat' dir='ltr'><strong>Perseus</strong></span> <span class='ocrx_word' id='word_1_435' title='bbox 697 4083 759 4142; x_wconf 84' lang='lat' dir='ltr'><strong>apud</strong></span> <span class='ocrx_word' id='word_1_436' title='bbox 767 4081 858 4128; x_wconf 85' lang='lat' dir='ltr'><strong>Livium</strong></span> <span class='ocrx_word' id='word_1_437' title='bbox 871 4083 905 4142; x_wconf 82' lang='lat' dir='ltr'><strong>ip·</strong></span> <span class='ocrx_word' id='word_1_438' title='bbox 971 4083 1144 4131; x_wconf 65' lang='lat' dir='ltr'><strong>solemmter</strong></span> <span class='ocrx_word' id='word_1_439' title='bbox 1161 4085 1307 4132; x_wconf 66' lang='lat' dir='ltr'><strong>..adum</strong></span> <span class='ocrx_word' id='word_1_440' title='bbox 1321 4057 1426 4124; x_wconf 54' lang='grc' dir='ltr'><strong>ΜΝ]</strong></span> <span class='ocrx_word' id='word_1_441' title='bbox 1478 4119 1479 4122; x_wconf 75' lang='grc'>,</span> 
     </span>
     <span class='ocr_line' id='line_1_50' title="bbox 386 4141 1425 4213; baseline -0.008 -15"><span class='ocrx_word' id='word_1_442' title='bbox 386 4149 499 4198; x_wconf 82' lang='lat' dir='ltr'><strong>suanL.</strong></span> <span class='ocrx_word' id='word_1_443' title='bbox 512 4157 535 4200; x_wconf 86' lang='lat'><strong>9.</strong></span> <span class='ocrx_word' id='word_1_444' title='bbox 548 4150 581 4194; x_wconf 84' lang='lat' dir='ltr'><strong>ric</strong></span> <span class='ocrx_word' id='word_1_445' title='bbox 593 4149 622 4194; x_wconf 86' lang='lat' dir='ltr'><strong>de</strong></span> <span class='ocrx_word' id='word_1_446' title='bbox 632 4163 656 4194; x_wconf 82' lang='lat' dir='ltr'><strong>se</strong></span> <span class='ocrx_word' id='word_1_447' title='bbox 666 4146 788 4206; x_wconf 86' lang='lat' dir='ltr'><strong>loquitur:</strong></span> <span class='ocrx_word' id='word_1_448' title='bbox 806 4162 844 4192; x_wconf 89' lang='lat' dir='ltr'><strong>me</strong></span> <span class='ocrx_word' id='word_1_449' title='bbox 853 4147 907 4192; x_wconf 81' lang='lat' dir='ltr'><strong>rul-</strong></span> <span class='ocrx_word' id='word_1_450' title='bbox 939 4147 1094 4196; x_wconf 80' lang='lat' dir='ltr'><strong>obedientem</strong></span> <span class='ocrx_word' id='word_1_451' title='bbox 1117 4163 1141 4196; x_wconf 89' lang='lat' dir='ltr'><strong>se</strong></span> <span class='ocrx_word' id='word_1_452' title='bbox 1167 4151 1271 4213; x_wconf 76' lang='lat' dir='ltr'><strong>prebent</strong></span> <span class='ocrx_word' id='word_1_453' title='bbox 1292 4141 1425 4194; x_wconf 67' lang='lat' dir='ltr'><strong>llemwtfflffi</strong></span> 
     </span>
     <span class='ocr_line' id='line_1_51' title="bbox 387 4212 1051 4274; baseline -0.009 -10"><span class='ocrx_word' id='word_1_454' title='bbox 387 4218 466 4264; x_wconf 76' lang='lat' dir='ltr'><strong>ditum</strong></span> <span class='ocrx_word' id='word_1_455' title='bbox 489 4221 512 4260; x_wconf 88' lang='lat' dir='ltr'><strong>et</strong></span> <span class='ocrx_word' id='word_1_456' title='bbox 532 4215 617 4274; x_wconf 76' lang='lat' dir='ltr'><strong>pellice</strong></span> <span class='ocrx_word' id='word_1_457' title='bbox 642 4214 755 4273; x_wconf 79' lang='lat' dir='ltr'><strong>genitum</strong></span> <span class='ocrx_word' id='word_1_458' title='bbox 777 4212 912 4272; x_wconf 71' lang='lat' dir='ltr'><strong>appellant·</strong></span> <span class='ocrx_word' id='word_1_459' title='bbox 939 4213 1051 4274; x_wconf 85' lang='lat' dir='ltr'><strong>imperiis.</strong></span> 
     </span>
    </p>

    <p class='ocr_par' dir='ltr' id='par_1_10' title="bbox 388 4276 907 4342">
     <span class='ocr_line' id='line_1_52' title="bbox 388 4276 907 4342; baseline -0.008 -15"><span class='ocrx_word' id='word_1_460' title='bbox 388 4281 426 4328; x_wconf 83' lang='lat' dir='ltr'><strong>Ex</strong></span> <span class='ocrx_word' id='word_1_461' title='bbox 439 4281 476 4328; x_wconf 81' lang='lat' dir='ltr'><strong>bis</strong></span> <span class='ocrx_word' id='word_1_462' title='bbox 488 4279 608 4342; x_wconf 78' lang='lat' dir='ltr'><strong>colligitur</strong></span> <span class='ocrx_word' id='word_1_463' title='bbox 619 4280 728 4325; x_wconf 79' lang='lat' dir='ltr'><strong>Perseum</strong></span> <span class='ocrx_word' id='word_1_464' title='bbox 739 4291 753 4324; x_wconf 80' lang='lat' dir='ltr'><strong>e</strong></span> <span class='ocrx_word' id='word_1_465' title='bbox 763 4276 872 4338; x_wconf 84' lang='lat' dir='ltr'><strong>Philippa</strong></span> <span class='ocrx_word' id='word_1_466' title='bbox 883 4282 907 4323; x_wconf 91' lang='lat' dir='ltr'><strong>et</strong></span> 
     </span>
    </p>
   </div>
   <div class='ocr_carea' id='block_1_6' title="bbox 0 0 1546 4976">
    <p class='ocr_par' dir='ltr' id='par_1_11' title="bbox 0 0 1546 4976">
     <span class='ocr_line' id='line_1_53' title="bbox 0 0 1546 4976; baseline 0 0"><span class='ocrx_word' id='word_1_467' title='bbox 0 0 1546 4976; x_wconf 95' lang='lat' dir='ltr'><strong> </strong></span> 
     </span>
    </p>
   </div>
  </div>
 </body>
</html>
