3126 4978
356 169 417 224 28⁰
746 163 859 225 Tl'l'l
887 165 1031 226 LlVll

195 337 334 386 umus·
401 326 466 394 Ill.
490 323 681 414 Priusquam
703 327 847 394 consules
873 329 907 393 in
931 329 1111 414 pmvinciss
1130 328 1422 416 persuasimus,

195 403 266 478 *⁰2
280 407 334 452 '⁹⁰'
357 413 506 503 prodigia
524 433 584 498 par
605 413 770 498 pontifices
790 415 955 500 procurari
975 415 1106 501 placuit.
1152 415 1272 481 Romae
1284 413 1424 479 Junonis

195 467 313 532 mii*
359 501 494 566 Lucinas
515 514 578 566 tem
602 499 669 564 lum
694 501 736 566 de
757 502 845 566 ooelo
867 515 987 566 tactum
1012 515 1090 579 arat,
1111 502 1157 567 ita
1179 513 1218 567 ut
1236 499 1423 585 'fastigium

357 587 457 652 valva
479 609 520 652 ue
625 601 797 653 morentur.
842 587 983 654 Puteolis
1003 587 1146 674 pluribus
1166 587 1246 653 locis
1265 605 1376 650 marus
1390 595 1425 649 et

358 609 597 760 portaiulmine
618 675 691 752 icta,
707 687 738 739 et
755 674 821 740 duo
841 673 987 739 homines
1003 675 1185 741 exanimati.
1230 672 1359 738 Nursiae
1373 693 1423 735 se·

357 783 437 826 reno
460 761 536 826 satia
555 760 719 826 constabat
737 760 905 828 ''nimbusu
927 773 1050 840 ortumr
1072 761 1118 826 ibi
1139 781 1267 848 quoque
1280 760 1363 824 daos
1384 757 1424 821 li-

357 847 451 912 beroa
464 846 611 912 homiues
623 848 833 912 exanimatos*
851 847 955 912 Terra
968 847 1053 936 apud
1069 871 1103 912 ae
1116 846 1233 932 pluisse
1246 843 1424 910 Tusculani

358 933 563 1011 nunciabant,
578 945 611 998 ct
633 933 761 1000 Reatini
782 933 901 999 mulam
923 936 957 998 in
979 955 1059 1021 agro
1079 957 1137 999 suo
1161 934 1329 1019 peperisse.
1372 931 1425 998 Es

358 1033 539 1108 procurata,
555 1019 743 1106 Latinaeque
765 1021 966 1097 instanratae3
988 1020 1075 1108 quod
1097 1018 1313 1085 Laurentibus
1333 1018 1424 1082 ⁸car-

221 1151 225 1154 ’
358 1105 1123 1270 stut01t⁸t„sttirsst2stst:
1160 1106 1424 1258 bitini?

358 1281 424 1344 bris
451 1290 506 1345 ute
526 1215 626 1356 get,
652 1280 828 1345 ediderunt.
872 1216 994 1345 Duilius
1025 1280 1165 1366 ingenui,
1187 1280 1298 1343 decens
1323 1278 1422 1364 virgi·

359 1388 425 1445 nes,
440 1367 569 1452 patrimi
589 1388 700 1431 omnen
721 1366 930 1454 matrimique,
947 1366 988 1432 ad
1007 1365 1040 1430 id
1055 1365 1244 1430 sacnhcitun
1266 1363 1421 1430 adhibiti:

357 1465 390 1518 et
407 1453 579 1518 decemviri
602 1465 696 1518 nocte
719 1453 909 1520 lactentibus
930 1475 997 1517 rem
1023 1451 1163 1517 divinam
1183 1451 1349 1517 merant.-
1384 1449 1421 1514 P.

359 1539 527 1604 Cornelius
537 1539 646 1624 Scipio
657 1538 835 1617 Africanus,
851 1541 1035 1626 priusquam
1047 1537 1311 1624 proficisceretur,
1326 1535 1422 1600 ι*ἰστ-

357 1626 460 1692 uicem
484 1627 516 1690 in
534 1625 695 1711 Capitolio
717 1626 867 1692 adversm
888 1628 984 1707 viam,
1002 1648 1066 1712 qua
1090 1625 1124 1688 in
1147 1622 1344 1709 Capitolium
1366 1621 1421 1687 ad·

357 1713 529 1790 scanditur,
545 1733 618 1776 cum
644 1714 668 1776 si
714 1712 741 1777 is
765 1727 884 1798 septem
907 1713 1036 1792 auratis,
1056 1715 1108 1775 ct*¹
1127 1710 1254 1776 duobus
1275 1711 1376 1798 cquis,
1391 1721 1423 1774 ct

358 1821 538 1865 marmorea
562 1798 628 1863 duo
652 1798 684 1862 la
706 1821 742 1864 ra
766 1812 840 1864 ante
865 1798 1017 1863 foramem
1043 1797 1160 1881 posuit.
1206 1798 1267 1862 Per
1295 1796 1421 1864 eosdem

356 1885 425 1950 dies
440 1885 599 1970 principes
613 1883 794 1950 AEtolorusn
811 1900 873 1949 tres
887 1881 918 1948 et
932 1883 1153 1972 quadraginta,
1164 1883 1248 1949 iuter
1261 1905 1343 1969 quos
1354 1881 1423 1948 Da·

357 1973 511 2035 mocritus
533 1981 565 2034 et
587 1972 686 2034 trater
708 1972 774 2057 ejsn
794 1984 894 2047 erant,
911 1973 953 2036 ab
966 1970 1090 2036 duabus
1111 1969 1307 2048 cohortibus,
1322 1969 1424 2033 missis

358 2055 462 2121 sM'.
481 2055 596 2132 Acilio,
619 2056 756 2122 Romm
787 2057 925 2136 deducti,
948 2069 980 2122 et
1007 2058 1041 2122 in
1072 2057 1259 2122 Lautumias
1287 2055 1422 2143 conjecti

358 2155 443 2208 aunt.
458 2141 702 2226 cohortesfindc
715 2143 755 2208 ad
779 2144 952 2209 exercitum
975 2143 1089 2222 redire,
1106 2143 1146 2207 L.
1164 2141 1335 2208 Cornelius
1347 2163 1423 2206 con·

357 2228 408 2294 sul
423 2229 526 2316 jussit.
564 2228 678 2316 Legati
693 2229 735 2294 ab
749 2229 771 2272 ¹¹
785 2229 960 2296 Ptolemaeo
973 2243 1005 2295 et
1021 2227 1202 2318 Cleopatra,
1218 2229 1348 2316 regibus
1363 2227 1424 2296 ΙΕ-

357 2316 459 2402 gypti‚
481 2315 677 2404 gratulantes
701 2317 788 2418 quod
812 2317 871 2382 Μ’.
883 2317 1004 2383 Acilius
1025 2315 1139 2381 consul
1154 2315 1352 2381 Antiochum
1374 2337 1424 2379 ra·

357 2401 1370 2555 isitiiittltttttzt‘tttt‘ltttt‘tt„tt
1389 2401 1424 2554 {3

358 2576 437 2640 Asia
451 2578 548 2652 modo,
563 2578 618 2640 secl
630 2578 723 2640 ctiam
736 2511 772 2640 in
782 2535 961 2662 Syrin’esss
968 2611 981 2650 ,·
1003 2512 1090 2660 regii
1097 2575 1234 2662 AEgypts‘
1243 2577 1287 2640 cd
1299 2599 1349 2652 ea,
1358 2595 1427 2660 qna

327 2720 331 2728 .
358 2663 519 2726 censuisset
532 2671 663 2738 senatus,
675 2673 807 2745 paratos
808 2665 896 2748 sore.
939 2662 1061 2727 Gratiae
1076 2661 1203 2749 regibus
1217 2673 1316 2726 actoet
1338 2661 1425 2750 lega-

358 2747 560 2848 tismunera
588 2748 659 2813 dari
682 2750 782 2835 jussa,
808 2749 841 2813 in
867 2749 1007 2837 singulos
1032 2748 1258 2834 ”quaternum
1287 2748 1423 2814 millium

359 2855 443 2900 aerra.

404 2920 462 2985 IV.
488 2919 527 2984 L.
544 2919 711 2986 Cornelius
737 2921 859 2998 consul,
886 2922 1031 3008 peractis,
1056 2941 1128 3006 quae
1156 2919 1273 2988 mma
1299 2920 1423 3009 agenda
1538 2961 1539 3011 p

358 3019 459 3084 erant,
475 3029 537 3093 pro
557 3009 711 3074 concione
728 3007 839 3084 edixit,
857 3020 891 3073 ut
913 3007 1035 3084 milites,
1051 3029 1131 3092 quos
1152 3007 1220 3092 ipse
1238 3007 1273 3070 in
1296 3007 1424 3095 supple·

359 3106 503 3159 mentum
517 3095 700 3180 scripsisset,
712 3094 830 3181 quique
844 3094 878 3158 in
893 3093 1028 3160 Bruttiis
1041 3114 1114 3158 cum
1130 3093 1173 3160 A.
1184 3091 1337 3158 Cornelio
1350 3115 1426 3179 pro·

359 3191 499 3264 praetore
512 3193 625 3260 essent,
642 3193 677 3246 ut
691 3181 725 3244 hi
738 3201 848 3246 omnes
863 3179 974 3246 Idibus
986 3179 1202 3258 Quinctilibus
1217 3179 1425 3246 Brundisium

216 3283 223 3304 ⁸
360 3267 575 3331 convenirent.
620 3267 702 3332 Item
729 3279 792 3332 tres
816 3265 936 3354 legatos
959 3267 1143 3343 nominavit,
1161 3267 1237 3334 Sex.
1253 3266 1424 3355 Digitium,
1537 3275 1538 3293 ¹

437 3390 488 3435 ‘st
499 3389 544 3435 del.
556 3390 632 3436 Gron.
644 3390 711 3436 Cras.
777 3387 790 3426 d
801 3395 825 3436 et
835 3390 880 3437 dal.
892 3389 959 3437 Cres.
1023 3393 1036 3421 θ
1048 3391 1182 3438 traduceret
1193 3391 1268 3437 Gron.
1279 3387 1349 3440 cm.

360 3499 444 3546 Prima
464 3501 517 3546 (lusa
535 3515 604 3548 voces
622 3502 690 3548 nobis
705 3502 823 3564 glossema
838 3517 874 3550 sa·
943 3509 971 3550 to
988 3504 1114 3552 Foess'ceas
1133 3505 1160 3550 s'ss
1177 3504 1296 3564 Capitalia
1314 3505 1425 3564 adrasus
1536 3531 1537 3575 p

273 3621 277 3632 ¹
360 3565 438 3626 piant.
868 3604 870 3610 ,
907 3569 973 3614 ciam
994 3584 1041 3630 qna
1063 3571 1090 3615 s'u
1110 3570 1257 3630 Capitolium
1278 3565 1425 3634 asceads'tssr]

364 3629 366 3636 ’
393 3627 588 3693 6⁸1'astigiusn]
603 3631 866 3681 Vid.not.stL.t.
910 3634 958 3680 llic
985 3635 1099 3695 capitolii
1125 3649 1211 3683 nomcu
1239 3635 1328 3696 duplici
1353 3649 1424 3683 nutu

393 3692 564 3758 mitratum]
580 3696 681 3744 Imbraso
700 3698 806 3746 subitum
821 3711 877 3746 onas
908 3699 1024 3747 sanitari
1042 3699 1119 3760 prino
1136 3715 1179 3761 pro
1194 3706 1263 3761 pasta
1278 3701 1384 3762 planiora
1399 3706 1425 3748 st
1535 3753 1536 3760 χ

359 3761 459 3808 tonitru
908 3764 1048 3825 spatiosiora
1063 3766 1269 3824 monbndsiode,
1282 3767 1424 3828 protempla
1535 3769 1536 3857 p

393 3821 524 3886 semu]
556 3826 621 3873 Nota
646 3828 726 3874 carnis
755 3829 782 3875 in
811 3835 875 3876 racto
907 3831 960 3890 ipso
975 3831 1125 3890 insinuasti
1143 3831 1169 3877 in
1186 3845 1280 3880 summo
1293 3840 1423 3878 montana·

359 3905 430 3938 casos
452 3891 515 3950 quod
534 3895 559 3936 ct
577 3892 687 3938 ohaarrat
706 3894 839 3942 Priscianus
859 3895 875 3942 l.
908 3901 1094 3942 smaetamarss.

359 3956 402 4002 vl.
420 3956 458 4002 De
469 3955 521 4016 ipsa
532 3971 556 4002 rc
566 3957 614 4003 rid.
625 3964 676 4003 not.
686 3960 797 4008 thado.
810 3965 847 4010 17.
859 3960 875 4008 l.
943 3966 969 4006 11
988 3959 1127 4021 Ptclcnsaec]
1155 3960 1293 4022 Epiphanes
1318 3962 1348 4008 de
1375 3975 1421 4024 qno

358 4021 390 4070 V.
406 4023 453 4067 *et
464 4027 515 4067 not.
527 4025 551 4066 4.
563 4023 593 4068 sd
604 4021 753 4070 xxx11.r.
906 4025 1182 4086 suprimimus.
1198 4032 1217 4070 1.
1534 4069 1535 4074 ,

392 4087 874 4148 awsmsssscmmrrmnnua.
942 4095 971 4135 ιο
991 4092 1140 4148 marsana
1165 4092 1271 4138 aarum
1297 4087 1366 4156 aa]
1397 4091 1420 4139 st
1534 4075 1535 4139 l

358 4157 405 4210 ret,
422 4153 559 4214 ediderant]
581 4153 641 4198 Hac
660 4166 732 4214 prava
749 4155 873 4200 verboram
906 4167 976 4210 grave
997 4171 1028 4202 aa
1053 4157 1225 4219 intelligamus,
1245 4158 1305 4203 bant
1323 4171 1364 4204 sax
1385 4168 1419 4204 ss-

321 4208 326 4229 ‘
359 4213 484 4263 collocatio
506 4231 556 4263 non
579 4217 672 4280 ridetur
691 4232 706 4265 a
724 4219 792 4265 Livio
816 4233 873 4266 essa
907 4220 972 4281 genti
984 4235 1068 4269 marne
1079 4225 1196 4270 nostrates
1207 4235 1261 4270 cans
1272 4223 1420 4271 dualrusuu·

359 4281 472 4340 Rapooer
490 4283 582 4339 Quibus
598 4283 644 4329 illis
653 4283 733 4346 flaret,
750 4285 876 4332 decemuiri
907 4285 958 4332 ciis.
1439 4317 1444 4326 ·

359 4347 609 4394 testamentarius.
1533 4341 1534 4421 l
