3136 4982
354 211 426 266 342.
668 235 670 244 ·
735 154 1043 270 ,⁶T1T1L21vtl‘
1116 260 1156 274 .,

197 384 263 430 uc.
276 389 333 438 ma
353 382 426 436 tum
447 361 634 436 fodientium
653 368 835 452 captabant
879 367 986 444 Quem
1004 365 1063 438 ,ubi
1080 367 1328 452 ”aeceperuntt
1343 384 1430 450 epe.

194 451 224 496 Δ·
238 451 265 498 ⁰⁶
281 457 333 502 ¹⁸⁹·
358 455 458 522 riunt·
473 467 593 522 rectam
620 454 654 520 in
683 451 865 521 cuniculum
886 455 981 520 uiam.
1009 475 1067 521 nec
1084 453 1154 524 ,fuit
1175 455 1282 536 magni
1296 455 1419 538 ²operis.

358 555 521 606 momento
539 540 635 608 ¹enim
665 541 707 606 ed
735 541 840 618 inane,
870 560 1022 626 suspenso
1049 538 1178 606 furculis
1206 540 1248 606 ab
1277 538 1421 615 hostibus

357 650 460 707 muro,
476 637 699 710 pervenerunt.
720 627 764 692 ibi
779 627 954 695 commissis
968 625 1275 714 operibusquume
1289 625 1372 692 fosta
1385 626 1421 690 iu
1430 630 1442 686 .’

196 719 325 782 nepetluu·
358 713 540 782 cuniculum
564 726 685 798 pateret
709 713 779 789 iter,
802 715 907 797 primo
922 713 1006 797 ,ipsis
1031 712 1236 790 ferramentis,
1251 712 1365 798 quibus
1387 712 1432 779 in.

195 792 242 832 ⁸¹¹¹·
358 823 454 886 opere
468 801 632 877 usierant,
645 799 720 864 dein
735 799 878 866 celeriter
890 800 1004 866 armati
1019 800 1118 872 etiam,
1128 799 1296 864 subeuntes
1315 797 1422 862 occul·

357 902 422 954 tom
438 887 498 952 sub
518 900 634 952 terram
655 885 824 952 ediderunt
845 907 996 972 pugnam.
1019 887 1145 974 segnior
1159 885 1276 950 deiude
1289 907 1326 950 ea
1340 884 1423 950 facta

357 987 422 1050 est-3
444 972 719 1058 intersepieutibus
741 972 933 1048 cuniculum,
954 971 1013 1038 ubi
1031 972 1156 1048 vellent,
1178 993 1266 1036 nuuc
1279 971 1423 1044 ²⁰ciliciis

357 1060 530 1146 praetentis,
547 1081 631 1124 nunc
646 1057 766 1124 foribus
781 1058 897 1146 raptim
920 1057 1062 1144 objectis.
1109 1059 1200 1130 Nova
1221 1058 1316 1122 etiam
1335 1057 1421 1122 haud

357 1147 467 1232 magni
481 1146 586 1230 operis
599 1145 750 1210 adversus
764 1167 827 1223 eos,
843 1145 897 1230 qui
912 1145 946 1210 iu
966 1144 1112 1212 cuniculo
1125 1158 1226 1222 erant,
1242 1144 1424 1244 excogitata

358 1257 407 1298 res
421 1245 477 1297 est.
499 1231 620 1297 dolium
631 1255 662 1296 ‚a
681 1230 781 1296 fundo
795 1245 966 1316 pertusum,
983 1253 1046 1316 qua
1058 1231 1171 1297 fistula
1187 1231 1312 1296 modica
1325 1231 1422 1298 mseri

358 1332 475 1404 posset,
491 1333 522 1383 et
545 1317 681 1384 fistulam
703 1316 838 1386 ferream
860 1316 1107 1402 operculumque
1128 1317 1207 1382 dolii
1228 1317 1376 1394 ferreum,
1392 1331 1424 1382 ct

359 1407 464 1492 ipsum
480 1405 623 1490 pluribus
638 1402 715 1469 locis
735 1403 942 1490 perforatum,
957 1402 1109 1468 fecerunt.
1130 1403 1193 1468 hoc
1211 1404 1298 1468 tenui
1313 1402 1423 1488 plume

359 1491 554 1576 completum
570 1490 690 1556 dolium
706 1512 761 1558 ore
776 1490 808 1554 in
823 1491 1005 1556 cuniculum
1019 1511 1108 1560 verso
1122 1503 1304 1574 posuerunt.
1326 1489 1353 1529 ²²
1360 1490 1423 1556 Per
1537 1543 1538 1552 ,

359 1579 500 1664 operculi
515 1569 671 1642 foramina
686 1577 860 1664 praelongae
883 1578 992 1652 hastae,
1009 1599 1087 1662 quas
1101 1578 1227 1642 sarissas
1241 1589 1364 1654 vocant,
1380 1577 1433 1649 sd¹
1531 1589 1536 1598 '

360 1665 601 1730 submovendos.
614 1663 720 1728 hostes
742 1663 933 1737 eminebant.
956 1662 1125 1728 scintillam
1149 1663 1247 1728 levem
1270 1663 1353 1750 ignis
1374 1664 1423 1727 in·'

360 1753 459 1818 ditem
475 1751 604 1836 plumae‚
619 1749 694 1816 folle
715 1749 818 1814 fabrili
842 1750 882 1817 ad
904 1762 1001 1834 ceput
1014 1749 1131 1814 fistulae
1153 1750 1303 1834 inposito,
1317 1750 1435 1814 flando-

360 1839 580 1904 uccenderunt.
607 1837 681 1900 intle
705 1858 770 1906 uon
794 1835 896 1902 solum
924 1857 1037 1921 magna
1058 1839 1104 1900 vis
1129 1834 1219 1916 furni,
1242 1837 1296 1900 sed
1320 1837 1434 1912 senor,

290 1964 294 1969 -
360 1926 455 1989 etiam
478 1921 729 2007 fu÷d0·quodam
759 1921 872 1986 nidore
893 1944 936 1986 ex
958 1921 1076 1996 ,adusta
1101 1921 1220 2006 pluma,
1245 1944 1343 2006 quum
1374 1935 1424 1988 to·

362 2027 429 2074 tum
460 2008 643 2074 cuniculum
665 2007 894 2093 ²2complesset,
921 2008 974 2072 vix
1003 2007 1120 2076 ‹lura're
1149 2009 1316 2095 quisquam
1338 2008 1423 2074 intus

373 2109 495 2160 tolerat.
699 2155 701 2160 .

361 2119 373 2180 I
407 2182 503 2247 Vlll.
527 2181 636 2258 Quum
653 2184 686 2248 in
701 2179 764 2248 hoc
778 2193 862 2247 statu
877 2195 926 2248 res
945 2181 984 2249 ad
1003 2181 1204 2250 Ambraciam
1221 2193 1312 2263 esset,
1326 2181 1437 2269 legati

361 2270 399 2332 ab
424 2268 541 2333 AEtolis
569 2269 724 2334 Phaeneas
749 2282 781 2334 et
804 2269 996 2346 Damoteles,
1020 2291 1094 2336 cum
1116 2269 1222 2334 liberis
1253 2269 1422 2346 mandatis,

360 2359 486 2420 decreto
510 2357 679 2443 gentis-ad
701 2355 863 2420 consulem
880 2368 1043 2420 venerunt.
1066 2377 1139 2422 nam
1160 2367 1279 2440 praetor
1301 2377 1423 2433 eorum,

360 2465 459 2529 quum
473 2441 536 2508 alie
551 2455 640 2529 parte
654 2442 857 2508 Ambraciam
879 2441 1057 2529 obpugnari
1079 2455 1231 2518 cerneret,
1247 2441 1309 2506 alia
1329 2441 1437 2509 inies-i

359 2549 424 2593 tem
446 2551 534 2592 orsm
559 2529 691 2592 navibus
712 2528 850 2592 hostium
872 2550 947 2605 esse,
964 2527 1026 2593 alia
1042 2527 1271 2612 Amphilochos
1286 2527 1425 2612 Dolopi-

360 2637 475 2700 amque
501 2613 772 2680 eMecedonibus
798 2613 922 2689 vastari,
945 2636 1004 2680 nec
1019 2613 1148 2680 AEtolos
1173 2614 1268 2680 simul
1296 2614 1338 2681 ad
1363 2616 1425 2680 tris

359 2703 483 2766 diversa
497 2699 579 2765 bella
600 2700 803 2770 obcursantes
826 2700 989 2777 subiicere,
1005 2713 1181 2764 convocato
1199 2700 1346 2777 concilio,
1363 2699 1425 2766 ΖΕ·

359 2789 442 2854 tolos
454 2789 622 2874 principes,
639 2787 715 2872 quid
730 2786 994 2873 egendumesset,
1011 2786 1178 2852 consuluit.
1217 2786 1371 2854 Omnium
1388 2811 1426 2852 eo

198 2887 325 2946 AEtolim·
361 2871 524 2940 seutentiae
546 2873 767 2948 decurrerunt,
789 2883 823 2938 at
839 2896 918 2955 pan,
941 2875 969 2940 si
986 2883 1098 2957 posset,
1121 2876 1235 2957 ecquis·
1262 2875 1292 2938 si
1316 2876 1424 2950 mines,

107 2980 123 2992 *
198 2967 247 3001 “¹¹²
260 2955 532 3028 vtum-toleratos
556 2960 781 3024 conditionibus
803 2969 967 3041 peteretur.
1011 2961 1161 3024 Antiochi
1174 2961 1298 3044 fiducia
1318 2961 1426 3030 bellum

360 3058 536 3132 susceptum.
580 3048 734 3112 Antiocho
754 3055 841 3109 terra
858 3048 996 3128 morique
1015 3057 1170 3128 superato,
1185 3057 1214 3110 et
1221 3067 1323 3129 prope
1337 3056 1427 3110 estro

360 3136 460 3200 orbern
471 3143 564 3198 terrra
574 3135 658 3222 ultae
658 3132 743 3216 juga
760 3131 858 3195 Tauri
867 3141 982 3207 enecta,
995 3153 1084 3216 quam
1095 3154 1176 3213 spem
1187 3154 1248 3198 esse
1257 3134 1428 3210 sustinendi
1537 3131 1538 3160 ³

360 3223 456 3285 belli?
481 3221 633 3284 Phaeneas
648 3229 678 3282 et
692 3215 878 3293 Damoteles,
895 3220 976 3301 quod
989 3240 1005 3281 e
1019 3240 1053 3282 re
1067 3218 1254 3296 AEtolommz,
1269 3229 1304 3284 nt
1318 3221 1354 3282 in
1368 3220 1428 3282 toli

360 3307 573 3389 cusmfideque
587 3327 642 3370 saio
657 3327 718 3370 esse
733 3313 897 3380 censeant,
914 3313 1050 3388 egerent.
1097 3306 1187 3378 Quod
1197 3308 1275 3368 enim
1287 3305 1349 3370 sibi
1358 3327 1428 3368 coa·

360 3396 474 3468 silium,
489 3403 544 3456 aut
558 3389 642 3474 cujus
662 3393 711 3456 rei
725 3391 897 3458 electionem
912 3391 1078 3470 ofortuna
1092 3393 1255 3454 relictam?
1280 3390 1364 3468 Cum
1376 3389 1427 3454 his

363 3477 518 3542 mandatis
532 3477 627 3564 legati
642 3476 729 3540 missi
749 3496 839 3540 orare
854 3475 1026 3552 consulem,
1042 3486 1075 3539 ut
1088 3486 1234 3558 parceret
1247 3475 1326 3552 arbi,
1340 3479 1427 3542 mise-

361 3575 481 3630 reretur
500 3565 603 3648 gentis
623 3565 775 3647 quondum
795 3564 895 3638 socie,
912 3563 993 3625 colle
1013 3564 1114 3626 dicere
1138 3562 1273 3646 injuriis,
1296 3565 1427 3628 meniis

773 3675 1018 3746 *amorraeorum

362 3802 399 3852 rel
410 3815 457 3848 ωε
467 3801 569 3848 admoto.
602 3801 648 3850 Sed
664 3803 719 3860 hoc,
730 3807 757 3852 ut
774 3802 824 3862 ipre
837 3813 880 3850 an-
911 3802 992 3850 eodem
1004 3801 1046 3850 illo
1056 3803 1197 3864 tenemento.

363 3874 442 3924 notat,
464 3868 557 3914 brevius
571 3869 639 3928 justo
657 3873 729 3925 estet,
746 3881 789 3914 uec
809 3868 887 3926 plane¹
945 3873 976 3914 22
994 3863 1147 3930 conspiraret]
1174 3868 1259 3929 scripti
1279 3866 1426 3916 Gronovicni

363 3947 411 3982 rem
423 3933 557 3994 explicaret.
911 3937 936 3978 et
955 3939 1036 3980 noster
1051 3934 1113 3980 vict.
1132 3933 1288 3994 adimplesset.
1320 3933 1426 3980 Verbum

398 4006 427 4048 19
443 3994 605 4059 deceperunt]
621 3997 660 4046 Sic
672 3998 812 4047 vetustiores
822 3999 879 4046 editi
912 3995 1066 4056 rarissimum,
1085 3999 1153 4058 eujus
1168 4003 1194 4044 et
1211 3999 1276 4046 aliud
1293 3998 1425 4058 exemplum

363 4069 389 4110 et
404 4065 477 4110 codex
494 4063 559 4110 Vict.
577 4065 737 4110 Gronovianre
752 4064 878 4120 editiones,
912 4064 1070 4123 reperiebatur
1088 4065 1150 4124 apud
1170 4065 1231 4110 Pria
1252 4063 1426 4122 l.X1.c.3t.

363 4143 393 4174 ex
409 4141 533 4188 operarum
552 4129 657 4190 profecto
673 4129 774 4184 incuria,
791 4129 879 4176 habeut
913 4129 1017 4183 Coehteip
1028 4129 1360 4188 oeetarumaiaemcornicstn
1371 4127 1426 4174 biso

364 4198 509 4253 acceperant.
907 4195 1201 4256 proermtataattmptem.
1217 4240 1220 4250 ,
1234 4195 1280 4242 sad
1289 4193 1315 4239 in
1323 4193 1426 4240 editione

397 4266 429 4306 to
446 4255 551 4322 Ciliciis]
568 4259 657 4304 Cilicia
666 4263 722 4304 runt
731 4262 818 4304 textae
830 4259 879 4318 pilo
910 4274 925 4304 n
936 4259 998 4304 Clar.
1011 4259 1137 4306 Herduiuo
1153 4261 1268 4314 adornata
1284 4259 1370 4320 legitur
1381 4259 1425 4302 ina·

266 4365 269 4370 ,
364 4326 460 4384 caprino
472 4325 539 4382 quan
551 4325 658 4383 quedam
671 4325 733 4368 vela.
906 4325 988 4384 plant.-
1019 4327 1085 4374 nulla
1113 4331 1193 4372 tumen
1222 4324 1303 4384 addito
1324 4323 1423 4376 nocue,

397 4395 424 4436 21
445 4389 494 4435 Per
505 4383 753 4450 opereuts'foramiao]
770 4389 841 4448 sins,
849 4403 888 4446 ex:
910 4391 1059 4450 curaseteri
1070 4391 1175 4464 lectione
1185 4390 1353 4454 recmtcm'slt.
