3126 4978
443 212 539 304 tra,
560 212 704 274 xxxvi.
732 208 836 272 cnr.
858 207 954 274 xxu
1144 255 1146 262 >
1177 223 1243 286 2⁵9·

167 379 243 445 dum
265 377 492 457 dilucescebat,
508 383 607 466 quum'
629 378 755 466 signum
780 377 889 462 consul
913 377 1019 443 deditr
1037 391 1073 446 et
1086 380 1154 446 sine
1171 380 1384 450 ollonnam.

168 467 343 532 certamine
352 465 377 508 ⁹¹
386 467 502 552 partim
513 487 571 550 per
580 468 742 542 semiruta,
752 464 868 550 partim
880 463 970 529 scalis
981 465 1121 552 integros
1130 488 1237 532 muros
1245 464 1276 511 Α·
1287 465 1315 512 ⁰·
1329 472 1384 544 Ψ·

169 552 403 617 transcendere.
421 553 523 620 Simul
532 552 663 630 clamor,
674 552 769 616 index
778 553 864 636 capti
873 551 995 637 oppidi,
1002 567 1049 616 est
1056 554 1237 636 exauditus,
1245 530 1278 576 ut
1290 544 1333 592 ‘⁸¹'
1335 537 1362 580 ¹⁸⁰

168 638 313 726 undique
326 637 440 717 AEtoli‚
456 638 587 703 desertis
598 637 799 716 stationibus,
808 639 842 701 in
854 659 958 703 arcem
971 637 1108 726 fugiunt.
1132 637 1237 726 Oppi-

168 727 244 789 dum
257 727 389 791 victores
402 725 556 810 permissu
568 724 705 790 consulis
714 724 871 808 diripiunt
876 749 886 804 3
903 746 967 788 non
980 739 1044 790 tam
1055 725 1097 790 ab
1105 727 1164 802 ira,
1177 747 1236 791 nec

168 810 210 876 ab
225 812 312 893 odio,
321 833 417 899 quarn
427 823 465 876 ut
479 811 579 888 miles,
591 811 746 876 co'e'rcitus
755 811 820 874 ”in
838 825 885 875 tot
899 812 1033 897 receptis
1047 835 1087 876 ex
1098 826 1235 897 potesta·

167 909 224 963 tem
237 897 377 964 hostium
400 897 543 976 urbibus,
559 897 667 985 aliquo
688 897 816 962 tandem
838 896 910 961 loco
931 895 1069 962 fructum
1092 898 1234 965 victoriae

154 985 308 1050 sentiret.
354 985 531 1049 Revocatos
541 983 645 1049 indes
659 983 764 1048 medio
777 982 876 1048 ferme
890 982 943 1047 die
957 985 1071 1050 milites
1079 1007 1183 1074 quum
1199 987 1234 1051 in

167 1071 247 1136 dues
256 1071 535 1157 divisissetpartes,
545 1092 640 1135 unam
651 1070 809 1136 radicibus
819 1070 973 1136 montium
983 1071 1180 1137 circumduci
1191 1071 1235 1138 ad

167 1178 283 1243 rupem
300 1158 402 1244 jussit,
418 1179 502 1244 quae,
516 1155 643 1244 fastigio
663 1157 839 1224 altitudinis
854 1178 921 1242 par,
935 1157 1040 1224 media
1054 1156 1135 1223 valle
1148 1159 1236 1226 velut

168 1244 306 1330 abrupta
327 1244 367 1308 ab
389 1265 462 1310 arce
486 1257 571 1320 erat;
594 1243 649 1309 sed
673 1244 752 1310 adeo
775 1264 874 1327 prope
894 1245 1052 1330 geminata
1067 1246 1235 1312 cacumina

167 1353 280 1396 eorum
303 1330 459 1396 montium
480 1343 563 1405 sunt,
580 1343 616 1396 ut
630 1353 668 1395 ex
684 1331 799 1395 vertice
813 1331 913 1395 altero
927 1331 1042 1417 conjici
1057 1331 1119 1396 tela
1133 1332 1166 1396 in
1182 1355 1234 1398 ar-

169 1437 240 1482 cem
264 1417 402 1502 possint:
425 1438 499 1482 cum
521 1416 653 1481 dimidia
676 1429 765 1501 parte
786 1414 940 1481 militum¹¹
954 1417 1075 1496 consul,
1091 1417 1132 1485 ab
1152 1419 1234 1484 urbe
1316 1467 1319 1475 ,

168 1512 371 1568 escensurus⁰
384 1503 417 1566 in
433 1525 548 1580 arcem,
565 1503 690 1588 signum
705 1501 747 1566 ab
762 1503 809 1578 iis,
826 1503 881 1589 qui
896 1501 937 1566 ab
952 1517 1042 1592 tergo
1065 1507 1097 1568 in
1120 1527 1233 1591 rupem

167 1591 293 1658 evasuri
307 1604 409 1668 erant,
425 1588 637 1676 exspectabat.
684 1589 757 1654 Non
774 1588 884 1666 tulere,
900 1589 955 1673 qui
976 1591 1011 1653 in
1036 1612 1110 1655 arce
1130 1607 1233 1672 erant,

166 1676 275 1742 -AEtoli
309 1676 449 1762 primum
485 1696 607 1756 eorum,
636 1675 692 1762 qui
720 1697 832 1760 rupem
862 1687 1022 1758 ceperant,
1051 1675 1233 1756 clamorem,

168 1761 286 1828 deinde
307 1764 450 1847 inpetum
472 1762 513 1829 ab
535 1763 614 1827 urhe
636 1761 866 1838 Romanorum,
894 1776 926 1828 et
947 1761 1054 1828 fractis
1074 1765 1088 1850 j
1164 1765 1234 1828 ani·

168 1849 240 1927 mis,
256 1861 288 1914 et
302 1849 389 1914 nulla
411 1848 455 1913 ibi
476 1861 656 1936 praeparata
677 1870 711 1912 re
733 1847 774 1913 ad
794 1848 991 1913 obsidionem
1012 1848 1131 1914 diutius
1153 1850 1233 1916 tole-

169 1936 320 2002 tandem:
353 1947 463 2021 utpote
487 1934 687 2023 congregatis
711 1933 845 2013 feminis,
868 1935 1047 2022 puerisque,
1070 1947 1103 2000 et
1125 1936 1234 2002 inbelli

169 2024 234 2088 alia
248 2022 341 2088 turba
355 2023 388 2086 in
403 2043 518 2096 arcem,
535 2043 608 2108 quae
630 2021 683 2100 rix
704 2043 826 2107 capere,
841 2021 958 2086 nedum
981 2022 1073 2100 tueri,
1090 2021 1233 2089 multitu·

169 2109 279 2174 dinem
297 2121 418 2174 tantam
439 2121 556 2193 posset.
580 2109 697 2195 itaque,
711 2111 751 2172 ad
774 2107 913 2193 primum
936 2109 1080 2194 inpetum
1102 2109 1234 2197 abjectis

170 2197 277 2273 armis,
308 2195 497 2262 dediderunt
520 2217 597 2259 sese.
641 2193 794 2265 Traditus
826 2195 909 2259 inter
936 2211 1057 2260 ceteros
1087 2197 1234 2284 princeps

169 2281 355 2348 AEtolorum
380 2281 585 2347 Damocritus
609 2293 676 2346 est:
706 2283 760 2366 qui
784 2280 942 2366 p'rincipio
970 2280 1045 2346 belli
1071 2280 1235 2364 decretum

171 2367 368 2447 AEtolorum,
395 2389 460 2454 quo
488 2366 708 2434 arcessendum
735 2365 931 2432 Antiochum
962 2383 1160 2446 censuerant,
1192 2370 1234 2435 T.

172 2453 330 2530 Quinctio
357 2455 501 2540 poscenti
530 2452 753 2538 responderat:
786 2455 827 2518 In
851 2455 950 2518 Italic
973 2457 1126 2534 datrrrum,
1147 2479 1236 2541 quum

170 2551 275 2606 casem
291 2543 338 2608 ibi
351 2543 457 2608 AEtolr'
473 2543 656 2626 posuissent.
679 2541 807 2608 obeam
828 2538 977 2610 ferociam
993 2542 1095 2629 majus
1108 2542 1236 2610 victori-

171 2628 233 2694 bus
246 2628 399 2715 gaudium
416 2626 549 2694 traditus
563 2627 632 2693 fuit.

216 2715 332 2780 XXV.
353 2714 477 2780 Eodem
492 2727 720 2800 temporaque
737 2714 876 2779 Romani
893 2714 1096 2794 Heracleam,
1114 2715 1237 2802 Philip·
1304 2761 1308 2770 ·

168 2823 233 2888 pus
248 2801 393 2870 lamium
415 2823 457 2866 ex
478 2801 656 2887 composito
670 2800 887 2886 obpugnabat,
904 2803 989 2868 circs
1003 2801 1238 2888 Thermopylas

170 2910 246 2953 cum
267 2887 406 2966 consule,
421 2887 576 2952 redeunte
596 2909 635 2952 ex
650 2886 785 2962 Boeotia,
808 2901 844 2950 ut
868 2886 1032 2952 victoriam
1053 2888 1113 2974 ipsi
1135 2909 1239 2976 popu-

170 2975 267 3061 loque
283 2976 432 3040 Romano
452 2974 677 3063 gratularetur,
698 2985 937 3059 excusaretque,
953 2969 1170 3074 quod'morbo
1189 2974 1239 3038 in-

169 3061 298 3150 peditus
323 3061 408 3126 bello
428 3083 495 3126 non
521 3059 723 3135 interfuisset,
744 3081 942 3148 congressus.
966 3060 1041 3125 rude
1066 3061 1181 3126 diversi
1196 3061 1237 3126 ad

171 3148 252 3212 duas
267 3147 361 3212 simul
375 3147 607 3234 obpugnandas
631 3145 725 3210 urbes
747 3145 891 3232 profecti.
935 3146 1100 3213 intersunt
1117 3159 1235 3234 septem

172 3234 274 3300 m'illia
293 3234 392 3300 ferme
412 3257 572 3320 passuum.
593 3232 660 3298 πει
674 3233 749 3320 quia
771 3232 885 3298 Lamia
907 3256 1005 3320 quum
1025 3235 1129 3319 posita
1142 3247 1189 3302 est
1203 3234 1351 3362 inthqsism

189 3392 248 3436 mex
255 3396 375 3452 potestate
385 3358 429 3438 del
443 3387 514 3438 Cres.
555 3389 848 3450 ”militumpnrteGrou
862 3391 930 3437 Grer.
971 3395 1134 3438 ⁰ascertsurrrr
1146 3391 1222 3442 Grcnt
1244 3318 1377 3444 {hildim

206 3543 236 3585 91
255 3536 355 3584 Partim
368 3547 413 3598 per
433 3534 561 3598 remirma]
582 3536 688 3596 Plerique
704 3524 707 3550 ¹
721 3541 827 3586 mentum
838 3536 969 3598 inelegans,
981 3537 1044 3596 quod
1054 3542 1172 3598 respuunt
1189 3538 1238 3588 duo

163 3601 228 3660 ¹libri
239 3603 359 3650 omittunt
369 3603 416 3650 tria
428 3603 479 3650 hec
489 3602 568 3650 verba.
599 3601 689 3659 Adjec·
721 3602 790 3650 Mss.
810 3602 919 3661 licarnii,
929 3607 954 3649 et
968 3602 1032 3648 Vict.
1049 3603 1131 3663 codex,
1148 3609 1174 3651 et
1183 3604 1235 3652 Au·

172 3674 200 3714 ts
212 3675 271 3714 snut
286 3669 328 3714 illa
338 3683 353 3714 ι
364 3668 471 3716 Gelonis.
503 3667 600 3714 Modica
615 3671 689 3713 testa·
721 3667 796 3714 dress.

171 3739 214 3780 tur
225 3733 250 3780 ia
259 3731 320 3780 libro
331 3747 375 3779 suo
387 3734 433 3794 legi
445 3734 687 3793 parttmperrrstor,
754 3739 785 3782 98
802 3731 840 3778 Et
851 3735 909 3794 qula
925 3728 1027 3795 Lamia]
1047 3733 1183 3793 lutumst,
1200 3735 1238 3784 iu·

172 3801 237 3858 quod
257 3804 282 3846 et
300 3799 392 3858 aliquot
411 3799 530 3845 editiones
548 3810 688 3857 expressero·
722 3799 775 3858 quit
796 3797 887 3855 Livius,
907 3787 1013 3845 barritum
1033 3800 1096 3846 inter
1116 3807 1142 3847 ct
1162 3802 1238 3848 Hert·

171 3864 232 3912 lude
243 3865 380 3911 Gronovius
391 3863 463 3912 efficit
466 3863 560 3924 partlm
570 3869 689 3924 prorator-
722 3864 795 3908 oleam
806 3868 895 3922 reptem
905 3865 985 3909 millia
996 3879 1128 3924 partuum:
1145 3871 1169 3912 er
1180 3867 1239 3928 qula

172 3931 252 3978 Locus
264 3930 338 3992 igitur
348 3932 414 3976 totus
425 3929 459 3975 ric
470 3942 496 3974 ss
507 3928 616 3976 hebebit:
632 3941 690 3996 parf
722 3928 811 3974 umis
822 3942 894 3990 quum
901 3929 984 3989 posita
992 3931 1020 3974 ta
1030 3931 1122 3977 rumulo
1132 3937 1176 3984 err,
1187 3938 1240 3976 tum

173 3996 222 4042 rim
239 4001 360 4055 prorutas,
378 3996 471 4054 partim
489 3995 561 4040 realis
584 3996 691 4053 integros
722 3994 845 4053 regionem
855 4008 907 4040 eam
921 3995 1033 4052 marimo,
1048 3995 1093 4055 (ric
1103 3996 1166 4041 euim
1178 3995 1238 4043 mel-

171 4074 265 4122 mae,
279 4059 464 4107 semiesum
497 4059 616 4106 Nimirum
648 4057 690 4103 uhi
722 4054 808 4118 lemur)
828 4072 881 4118 que
895 4060 925 4104 sd
940 4059 1079 4106 Heracleam
1099 4059 1182 4116 vergit,
1199 4057 1238 4106 dr·

172 4125 238 4174 muri
252 4127 347 4187 prorntl
356 4131 434 4183 eraut,
445 4123 479 4171 ibi
495 4124 556 4172 nihil
572 4137 633 4185 opus
643 4121 691 4169 rurs
722 4129 822 4184 spectat,
829 4124 914 4184 oppido
925 4124 1041 4184 quomid
1052 4129 1098 4181 est,
1108 4123 1176 4169 valde
1186 4124 1238 4169 ire·

173 4189 253 4238 stelit.
722 4204 750 4236 ce
770 4189 923 4236 intervallum
946 4188 1049 4245 viderur,
1069 4195 1093 4234 er
1111 4189 1192 4234 maria
1209 4189 1237 4234 ln

206 4261 239 4304 92
257 4255 290 4301 Is
300 4259 337 4300 tot
346 4255 446 4316 receptis
459 4255 564 4302 larium
578 4251 686 4316 urhlbtrr]
723 4261 847 4314 cosspsrtu
855 4259 920 4300 sunt.
946 4252 1100 4298 Intervallum
1109 4251 1237 4299 interdum

172 4320 413 4382 vulgarimetioresz
431 4321 532 4379 receptis
540 4325 690 4379 “potestate
724 4319 792 4366 urbes
803 4327 828 4367 et
839 4333 880 4380 per
890 4333 915 4364 se
926 4317 996 4363 breve
1011 4323 1058 4375 est,
1071 4319 1157 4377 quippe
1174 4319 1236 4378 quod

172 4387 279 4433 hortium
293 4385 399 4434 sorbilia.
431 4385 584 4432 Retecuimus
600 4383 690 4432 addite·
724 4383 756 4428 sit
774 4390 864 4443 septem
884 4383 1050 4430 tantummodo
1067 4379 1177 4442 millium,
1189 4383 1238 4429 sive

769 4453 818 4509 se
