3082 4976
299 201 391 272 *aas
579 243 615 258 ..
710 195 832 276 ‚ntur
860 199 1042 262 nivii-¹

172 375 311 438 ticeni.
334 359 459 431 Hostes
479 373 628 440 uentae,
651 365 943 455 antiquamtcedem
966 366 1122 452 majorum
1145 385 1285 442 suornm,
1301 383 1400 449 cepe·

170 443 241 502 Mi·
256 446 309 490 ¹⁸⁵·
331 461 426 512 runt:
449 461 481 516 ct
500 449 586 528 inde,
609 467 754 536 superata
767 453 917 518 'locorum
944 453 1118 553 iniquitate,
1140 451 1255 537 proelio
1280 449 1399 536 dejecti

332 547 418 598 sunt.
462 535 506 600 Et
520 538 582 621 Ap.
599 537 757 603 Claudius
776 537 955 603 felicitatem
978 550 1188 624 virtutemque
1210 535 1343 624 collegae
1361 537 1396 600 in

332 619 504 708 Liguribus
527 621 679 710 Ingaunis
700 625 838 712 tequavit
862 623 1006 689 secttndis
1029 625 1150 711 aliquot
1172 623 1307 709 proeliis.
1334 643 1395 686 sex

330 721 484 792 praeterea
498 710 616 794 oppida
627 731 740 774 eorum
755 711 965 799 expugnavits
992 710 1091 776 multa
1107 707 1203 774 millia
1226 707 1396 774 hominum

325 795 366 858 in
381 793 426 857 iis
441 795 545 878 cepit:
568 794 643 860 belli
664 810 806 862 auctores
828 813 891 884 tres
913 810 945 863 et
964 797 1172 885 quadraginta
1196 796 1296 861 securi
1319 815 1396 878 per·

331 879 439 944 cussit.
481 879 554 944 sinin
584 883 783 948 comitiorum
812 883 980 969 adpetebat
1005 897 1138 970 tempus.
1166 883 1255 968 prior
1283 897 1395 946 tamen

307 993 311 1002 ·
333 963 500 1046 Claudius,
513 989 608 1054 quam
630 967 845 1054 Sempronius,
860 969 912 1034 cui
934 991 1001 1034 sors
1021 969 1158 1035 comitia·
1172 967 1310 1032 habendi
1332 969 1396 1032 ob-

207 1085 210 1098 .
260 1107 264 1114 i
331 1052 456 1139 tigerat,
472 1057 607 1120 Romam
627 1055 734 1132 ¹uenit3
756 1056 831 1144 quia
852 1057 884 1120 P.
901 1053 1054 1121 Claudius
1070 1054 1168 1122 frater
1190 1056 1255 1141 ejus
1276 1075 1396 1120 consu·

325 1139 431 1226 latum
494 1141 588 1206 tebet.
633 1141 882 1226 competitoresq
903 1142 1040 1207 habebat
1065 1141 1213 1227 patricios
1231 1140 1271 1204 L.
1283 1139 1396 1204 AEmi·

327 1223 423 1303 lium,
476 1227 660 1308 .Fabiuut',
684 1229 752 1294 Ser.
771 1228 1114 1311 Sulpiciuvaalbam,
1136 1241 1255 1292 veteres
1280 1226 1395 1290 candi-

326 1310 434 1389 datos,
450 1325 483 1378 et
495 1316 536 1378 ab
558 1313 689 1399 repulsis
703 1337 740 1379 eo
760 1317 860 1404 magis
874 1314 1027 1391 debitum,
1043 1314 1118 1399 quia
1137 1311 1243 1400 primo
1256 1325 1395 1400 negatus

327 1409 409 1475 erat,
425 1399 577 1464 honorem
598 1414 782 1485 repetentes.
804 1402 908 1478 etiarn,
924 1398 999 1487 quia
1020 1401 1205 1488 plusquam
1229 1421 1327 1464 unum
1349 1421 1396 1463 ex

327 1485 470 1570 patriciis
491 1486 590 1550 creari
611 1491 675 1550 non
699 1485 822 1564 licebat,
845 1487 944 1551 artior
964 1488 1076 1573 petitio
1096 1499 1233 1574 quatuor
1254 1486 1394 1571 petenti·
1505 1529 1506 1545 ,

325 1571 390 1636 -bus
415 1585 491 1636 erat.
537 1571 656 1636 Plebeii
681 1595 807 1658 quoque
831 1574 959 1661 gratiosi
987 1571 1130 1637 homines
1159 1572 1320 1656 petebant,
1348 1571 1394 1636 L.
1506 1601 1507 1616 ι

332 1657 472 1739 Porcius,
487 1660 528 1728 Q.
545 1658 715 1725 Terentius
731 1659 853 1738 Culleo,
872 1659 932 1723 Cn.
950 1657 1078 1724 Baebius
1100 1657 1300 1744 Tamphilus.
1321 1657 1394 1724 ¹³et

329 1741 384 1810 hi·
399 1746 527 1830 repulsi,
543 1747 574 1809 in
598 1767 685 1830 spem
708 1745 898 1830 impetrandi
920 1745 1047 1810 tandem
1069 1744 1237 1831 aliquando
1257 1743 1394 1810 honoris
1508 1744 1510 1826 ζ

329 1831 430 1896 dilati.
474 1830 624 1896 Claudius
646 1853 728 1898 nnus
747 1853 789 1896 ex
812 1831 959 1896 omnibus
981 1853 1081 1896 novus
1102 1830 1288 1896 candidatus
1309 1843 1392 1896 erat.
1509 1831 1510 1838 ἶ

325 1917 492 2002 Opinione
518 1918 682 1982 homiuum
695 1917 814 1982 ¹*haud
837 1917 932 1983 dubie
952 1916 1252 1993 destinabanturQ.
1269 1916 1392 1982 Fabius

330 2004 441 2070 Labeo
461 2014 492 2067 et
507 2003 548 2069 L.
565 2003 696 2069 Porcius
712 2003 854 2082 Licinus,
867 2003 921 2069 sed
938 2003 1090 2070 Claudius
1111 2003 1221 2068 consul
1243 2002 1310 2068 sine
1332 2001 1392 2068 lic·

329 2088 451 2156 toribus
481 2086 671 2154 cumfratre
696 2097 764 2156 toto
786 2090 855 2156 foro
875 2091 1046 2175 volitando,
1068 2089 1314 2155 clamitantibus*
1333 2089 1393 2154 ad-

329 2173 533 2240 versariiset
563 2176 680 2262 majore
707 2191 797 2263 parte
825 2191 959 2256 senatus,
989 2178 1157 2242 meminisse
1186 2197 1250 2240 eum
1279 2175 1392 2240 debere

323 2264 425 2348 prius,
440 2285 472 2326 se
492 2264 638 2326 consulem
654 2266 763 2346 populi
779 2265 922 2344 Romani,
937 2285 1025 2350 quum
1034 2264 1175 2349 fratrem
1189 2265 1237 2327 P.
1248 2264 1390 2339 Claudii,

327 2371 405 2416 esse:
424 2351 498 2434 quin
513 2349 577 2425 ille,
591 2352 695 2414 sedens
702 2371 766 2434 pro
779 2351 940 2428 tribunali,
954 2360 1010 2414 aut
1023 2350 1180 2427 arbitrum,
1196 2359 1251 2413 aut
1264 2349 1391 2414 tacitum

327 2441 523 2518 ‘spectatorem
538 2437 723 2500 comitiorum
737 2457 770 2502 se
777 2437 945 2520 preberetf
961 2435 1101 2500 co'erceri
1117 2449 1221 2500 tamen
1236 2434 1277 2499 ab
1288 2433 1391 2500 effuso

327 2521 434 2588 studio
445 2521 576 2607 nequiit.
620 2520 752 2609 Magnis
772 2521 1026 2586 contentionibus
1044 2521 1246 2610 tribunorum
1260 2543 1390 2608 quoque

351 2607 441 2686 lebei,
458 2610 512 2692 qui
528 2623 581 2672 aut
594 2622 705 2672 contra
722 2607 894 2686 consulem,
910 2623 964 2673 aut
984 2629 1045 2694 pro
1059 2608 1165 2674 studio
1179 2609 1245 2694 ejus
1266 2629 1391 2695 pugna-

327 2629 415 2771 liant,
446 2693 572 2758 comitia
601 2693 766 2776 aliquoties
795 2695 936 2759 turbata:
966 2695 1066 2758 donec
1095 2694 1226 2780 pervicit
1252 2694 1389 2778 Appius,

329 2794 373 2858 ut,
389 2779 511 2866 dejecto
527 2779 636 2856 Fabio,
651 2779 812 2845 ”fratrem
835 2779 982 2846 traheret.
1028 2781 1162 2846 Crestus
1184 2780 1222 2844 P.
1235 2779 1389 2859 Claudius

328 2867 468 2933 Pulcher
488 2880 606 2949 praeter
620 2888 706 2951 spem
730 2889 818 2930 suam
838 2881 870 2932 et
889 2879 1075 2931 ceterorum.
1097 2867 1203 2931 locum
1225 2887 1317 2930 auum
1341 2879 1390 2931 te·

327 2954 411 3018 uuit,
426 2955 462 3018 L.
481 2952 611 3018 Polcius
638 2953 780 3035 Licinus,
797 2955 871 3040 quia
895 2952 1066 3017 moderatis
1091 2952 1214 3030 studiis,
1231 2973 1294 3016 nou
1317 2950 1345 2992 ’Β
1357 2953 1390 3016 vi

329 3039 516 3115 Claudiana,
543 3039 624 3103 inter
651 3038 972 3125 plebeioscertatum
1003 3052 1066 3104 est.¹
1103 3038 1282 3103 Praetorum
1312 3038 1392 3118 inde

327 3126 454 3190 connais
476 3139 550 3190 suut
571 3123 688 3208 habita.
733 3125 771 3190 C.
787 3125 952 3190 Decimius
975 3123 1102 3202 Flavus,
1126 3123 1162 3188 P.
1181 3125 1391 3209 Sempronius

327 3212 472 3298 Longus,
503 3209 540 3275 P.
564 3211 728 3275 Cornelius
757 3212 926 3299 Cethegus,
961 3209 1004 3288 Q.
1030 3211 1159 3275 Naevius
1188 3209 1315 3288 Matho,
1346 3211 1388 3276 C.

238 3357 242 3365 .
328 3296 536 3384 Sempronius
564 3296 698 3375 Elissae,
727 3301 766 3362 A.
785 3297 954 3361 Terentius
980 3295 1095 3374 Varro,
1120 3310 1273 3382 praetores
1300 3295 1389 3360 facti.

236 3419 238 3426 s
329 3385 414 3449 Haec
435 3407 474 3449 eo
496 3387 590 3460 anno,
606 3387 670 3471 q'no
686 3387 748 3468 Ap.
766 3382 929 3461 Claudius,
947 3381 997 3447 M.
1014 3383 1220 3467 Sempronius
1242 3381 1390 3448 consules

216 3483 218 3492 ’
326 3471 465 3552 fuerant,
481 3470 567 3534 domi
584 3470 765 3556 militiaeque
779 3485 877 3557 gesta.
958 3513 961 3522 ·
1325 3481 1327 3488 ’

327 3615 332 3627 ·
358 3607 698 3668 s,eompettt0mquecron.
711 3607 779 3653 Cres.
822 3605 1036 3654 redd-habeam·
1046 3605 1112 3653 Eaed.
1150 3607 1278 3654 ⁸a't'Gtcn.
1318 3607 1392 3656 'sla-

327 3673 448 3718 nsaatitur
459 3672 535 3718 Grau.
543 3669 615 3718 'Creu

360 3791 390 3831 98
408 3785 443 3830 Et
454 3785 483 3831 hi
492 3780 592 3848 repulsi]
603 3785 681 3848 Vulgo
690 3792 714 3832 et
723 3788 752 3834 ii.
768 3786 842 3834 Dedi·
906 3793 937 3833 94
953 3788 1031 3834 Haud
1044 3782 1124 3848 dahis]
1141 3787 1210 3834 Unus
1221 3801 1235 3834 c
1246 3785 1314 3844 MSS.
1326 3787 1390 3834 Gra·

325 3852 413 3897 mus'et
425 3851 459 3906 iti,
470 3857 565 3896 anctore
576 3850 665 3897 Victor.
678 3852 765 3899 codice.
782 3851 841 3899 San·
874 3854 990 3905 noviante,
1008 3851 1152 3900 assentiente
1170 3859 1251 3899 nonno
1263 3851 1328 3899 Vict.
1340 3867 1391 3912 pro

326 3923 427 3963 anteat:
446 3916 788 3976 hiquoque,quodrepnlsam
799 3929 841 3964 an·
873 3931 919 3963 non
941 3918 1016 3963 dubie.
1049 3916 1120 3964 Unde
1143 3917 1266 3979 legendnm
1288 3917 1390 3964 iorum

325 3989 365 4027 tea
384 3982 533 4028 consulatum
553 3987 659 4042 petentes
678 3982 793 4039 tulerant,
805 3983 841 4028 ‹ii-
873 3982 979 4032 rideatur
988 3995 1032 4043 pra
1042 3995 1089 4028 aaa
1100 3981 1185 4029 dubiis.

325 4047 370 4095 lati
385 4051 489 4094 emutat
504 4047 583 4104 rejecti
601 4047 701 4106 inspem
714 4048 842 4108 impetran-
905 4055 936 4093 95
951 4049 1064 4094 Fratrem
1086 4045 1199 4111 vainei]
1226 4047 1331 4093 Fratrem
1356 4047 1389 4093 ul

327 4112 456 4159 ditandam
473 4111 600 4171 aliquando
616 4111 720 4158 honoria.
752 4113 841 4172 Repul-
872 4110 1131 4174 consuiatnmpcrrim
1145 4112 1317 4173 quodammodo
1333 4126 1389 4173 pro·

326 4192 364 4223 sos
379 4178 487 4224 absolute
503 4178 548 4223 dici
565 4191 612 4226 ecs.
622 4177 662 4236 qui
675 4190 748 4235 quum
766 4177 840 4225 hono-
873 4178 975 4223 veheret.

326 4255 375 4302 rear
393 4243 495 4302 aliquem
511 4256 526 4288 a
543 4243 632 4303 populo
651 4245 768 4302 peterent,
787 4257 840 4289 eum
906 4243 1004 4287 96·νί
1024 4241 1168 4304 Claudiana]
1192 4241 1313 4290 violentia
1333 4253 1389 4301 pra·

326 4308 438 4366 consequi
464 4321 513 4353 non
532 4312 787 4367 potuerant,‚conatat
812 4321 840 4363 ex
874 4309 924 4368 pria
938 4301 1041 4353 Claudite
1057 4309 1181 4369 gentium
1195 4320 1242 4369 qna
1257 4305 1322 4351 velut
1339 4305 1387 4351 ha-

325 4371 391 4418 Orat.
405 4373 454 4419 Cic.
466 4373 494 4420 de
506 4372 566 4420 Har.
578 4373 649 4433 neap.
660 4386 685 4420 n.
696 4376 733 4418 ⁵6.
874 4371 982 4420 reditaria
992 4379 1043 4420 erat
1052 4373 1177 4437 imperiosa
1186 4371 1341 4422 coutumacia.
