3126 4978
179 379 211 432 u.
223 380 251 427 c.
260 361 316 428 sss'.

178 449 209 495 a
221 445 249 494 c.
262 451 316 495 rso.

340 200 399 265 aaa
721 183 842 248 ‘rrrr
871 187 1005 248 nrvrr

339 347 485 422 naeorun'r
500 347 664 441 mpeditus
682 353 807 418 'urenae
822 351 916 417 misit.
962 347 1001 430 Ii,
1016 351 1093 418 dum
1107 347 1286 418 missilibus
1295 351 1402 438 primo

340 455 372 509 et
382 435 530 508 adversus
543 461 660 527 paucos
687 439 795 504 eribus
806 438 1049 506 excursionibus
1065 439 1276 505 lacessebatur
1290 439 1401 527 magis,

340 551 435 618 quam
460 525 694 603 conserebatur,
720 547 763 610 pu
789 547 839 603 na,
867 525 1083 590 sustinuerunt
1110 539 1287 590 certamen:
1313 536 1402 610 post·

342 638 436 702 quam
458 615 565 699 plures
584 613 627 678 'ab
649 615 728 700 urbe
749 547 940 689 adfluebant,
963 623 994 677 et
1014 612 1081 699 jam
1106 611 1209 676 omnis
1233 611 1403 676 multitudo

342 701 572 776 effundebatur,
596 701 692 763 timor
717 699 843 762 incessit
866 698 1004 776 Livium,
1026 703 1067 762 n'e
1091 709 1124 762 et
1152 697 1317 763 auxiliares
1343 696 1404 762 cir-

340 787 613 861 cumvenirentur,
625 798 657 849 et
679 785 811 849 navibus
833 779 927 848 etiam
946 784 986 848 ab
1002 796 1087 849 terra
1107 784 1283 870 periculum
1305 795 1403 848 essetr

341 877 387 940 ita
401 869 467 937 non
487 872 601 936 milites
623 870 736 950 solum,
751 869 805 935 sed
828 871 924 938 etiarn
937 869 1098 935 ⁵⁰navales
1120 871 1230 948 socios,
1246 872 1403 953 remigum

341 960 478 1038 turbam,
519 959 611 1023 uibus
632 957 765 1044 quisque
789 969 914 1042 poterat
935 956 1022 1035 telis,
1035 961 1173 1026 arniotos
1195 958 1228 1020 in
1252 956 1403 1043 proelium

342 1047 464 1112 eduxit.
542 1067 595 1109 um
612 1041 739 1130 quoque
753 1065 867 1129 anceps
877 1065 995 1132 vpugna
1009 1042 1086 1120 luit3
1108 1064 1212 1131 neque
1225 1043 1341 1108 milites
1354 1065 1405 1106 so-

342 1132 410 1197 lum
435 1132 566 1219 aliquot,
590 1130 645 1195 sed
672 1130 711 1194 L.
729 1131 881 1214 Apustius
906 1129 1111 1194 tumultuario
1138 1129 1255 1216 proelio
1280 1128 1405 1194 cecidit.

343 1232 503 1305 postremo
517 1231 622 1283 tamen
644 1214 705 1280 fusi
727 1215 889 1304 fugatique
910 1230 983 1281 sunt
1004 1215 1104 1302 Lycii,
1121 1229 1214 1299 atque
1235 1217 1269 1280 in
1290 1215 1404 1281 urbem

342 1305 514 1391 compulsi:
538 1302 725 1369 et'Rornani
739 1323 812 1366 cum
827 1301 914 1366 haud
928 1302 1094 1366 incruenta
1109 1305 1239 1384 victorio
1254 1302 1295 1367 ad
1309 1324 1406 1366 naves

312 1458 315 1465 ,
342 1391 514 1474 redierunt.
560 1391 638 1455 Inde
657 1389 690 1453 in
706 1387 1092 1474 Telmissicum'profecti
1106 1390 1220 1465 sinum,
1237 1390 1292 1476 qui
1309 1389 1407 1454 latere

301 1567 304 1576 “
343 1565 426 1650 plius
452 1562 596 1629 tentandi
617 1585 688 1648 spe,
713 1562 741 1625 R

182 2185 293 2233 AEmillus

345 1498 410 1543 uno
433 1478 573 1556 Cariam,
594 1476 694 1541 altero
717 1475 848 1624 chiam
874 1475 1039 1562 contingit,
1060 1475 1174 1560 omissa
1196 1475 1313 1540 Patara
1337 1497 1405 1539 am·

767 1562 832 1625 odii
855 1561 985 1626 domurn
1009 1561 1129 1626 dimissi
1154 1577 1237 1627 sunt.
1283 1561 1406 1639 Livius,

342 1662 567 1736 praetervectus
589 1651 709 1725 Asiam,
734 1647 765 1710 in
790 1648 950 1713 Graeciam
973 1649 1154 1726 transmisit,
1175 1665 1221 1726 ut,
1244 1648 1407 1713 conventis

344 1737 556 1823 Scipionibus,
573 1735 628 1821 qui
645 1749 712 1810 tum
724 1733 814 1805 'circa
827 1733 1020 1800 Thessaliam
1037 1747 1138 1814 erant,
1154 1735 1185 1797 in
1203 1734 1332 1801 Italiam
1343 1745 1407 1799 trs·

343 1824 460 1888 ‘iceret
1001 1827 1003 1830 ’

336 1847 352 1910 J
388 1909 504 1974 XVIl.
527 1909 689 1987 AEmilius,
712 1921 879 1995 postquam
902 1908 1032 1974 omissas
1054 1909 1087 1972 in
1108 1909 1207 1996 Lycia
1228 1930 1287 1987 res,
1303 1921 1336 1973 et
1351 1907 1408 1972 Li-

344 1997 430 2061 vium
445 1994 622 2081 profectum
639 1997 671 2059 in
687 1995 812 2060 ltaliam
829 1995 988 2082 cognovit,
1004 2017 1103 2081 quum
1126 1997 1192 2081 ipse
1206 1995 1247 2061 ab
1263 1995 1405 2080 Epheso,

343 2083 488 2168 repulsus
509 2094 704 2167 tempestate,
719 2083 810 2147 irrito
825 2084 951 2166 incepto
967 2082 1096 2146 Samum
1112 2082 1297 2159 revertisset,
1313 2094 1409 2166 turpe

342 2182 442 2249 ratus,
456 2181 576 2234 tentata
589 2167 706 2234 frustra
721 2168 836 2233 Patara
850 2173 926 2246 esse,
942 2167 1100 2254 proficisci
1114 2191 1153 2233 eo
1172 2181 1239 2234 tots
1254 2167 1360 2245 classe,
1375 2179 1410 2232 et

180 2258 234 2298 2⁰2⁸
244 2252 317 2298 ⁶¹⁸⁸st
344 2275 468 2320 summa
481 2255 511 2318 vi
527 2254 659 2342 adgredi
673 2257 785 2321 urbem
801 2254 920 2320 statuit.
954 2253 1104 2320 Miletum
1118 2266 1151 2319 et
1164 2267 1300 2320 ceteram
1317 2275 1407 2320 oram

179 2317 337 2375 proficiscitur

181 2379 205 2427 in
217 2381 320 2442 Lyciam.

343 2341 502 2408 sociorum
528 2343 737 2427 praetervecti,
762 2341 795 2405 in
823 2341 1053 2429 Bargylietico·
1074 2341 1145 2405 sinu
1171 2343 1411 2407 exscensionem

342 2429 383 2496 ad
407 2428 534 2493 Jassum
560 2427 711 2492 fecerunt.
757 2427 882 2493 Urbem
907 2428 1031 2515 regium
1054 2428 1179 2493 tenebat
1203 2427 1408 2514 praesidium:

342 2537 457 2602 agrum
487 2515 570 2579 circa
602 2515 741 2578 Romani
771 2512 925 2578 hostiliter
954 2514 1136 2600 depopulati
1166 2527 1251 2579 sunt.
1296 2513 1408 2580 Missis

340 2601 467 2682 deinde,
483 2602 537 2687 qui
558 2621 615 2685 per
629 2600 798 2686 conloquia
818 2600 998 2686 principum
1022 2613 1053 2666 et
1074 2601 1315 2688 magistratuum
1337 2611 1409 2664 tans

341 2701 445 2753 tarent
460 2688 593 2767 animos,
610 2701 777 2773 postquam
793 2687 874 2750 nibil
888 2689 920 2752 in
937 2699 1091 2772 potestate
1104 2709 1161 2752 sua
1175 2686 1411 2772 responderunt

341 2797 418 2853 esse,
434 2775 473 2839 ad
492 2774 602 2838 urbem
618 2771 866 2874 obpugnandam
882 2772 980 2838 ducit.
1026 2773 1128 2838 Erant
1141 2773 1336 2839 Jsssensium
1351 2795 1410 2838 ex-

341 2860 424 2926 sules
439 2881 512 2926 cum
529 2862 698 2926 Romanis:
716 2861 737 2924 ri
753 2859 930 2946 frequentes
947 2859 1093 2924 Rhodios
1107 2882 1199 2926 orare
1212 2861 1408 2938 institerunt,

318 3010 319 3020 ,
341 2949 394 3012 Ne
406 2949 519 3027 urbam,
536 2958 567 3012 et
580 2949 711 3012 uicinam
725 2947 796 3024 sibi,
812 2957 841 3010 et
855 2957 1024 3032 cognatam,
1037 2948 1195 3011 iunoniam
1203 2948 1314 3031 perire
1325 2949 1409 3012 sine-

340 3045 419 3100 rent.
464 3034 533 3099 sthi
557 3035 661 3098 exsilii
688 3035 804 3098 nullum
829 3035 924 3096 alium
950 3054 1084 3098 coruram
1109 3055 1181 3114 esse,
1204 3055 1294 3118 quam
1305 3036 1409 3119 fidem

341 3143 416 3207 erga
431 3122 596 3185 Romanos.
619 3122 739 3184 Eodem
750 3123 782 3184 ri
796 3121 958 3204 regiorum,
971 3141 1031 3202 qua
1047 3120 1109 3202 ipsi
1116 3121 1205 3203 pulsi
1216 3122 1292 3204 sict,
1307 3122 1409 3186 teneri

340 3229 400 3285 eos,
417 3208 470 3292 qni
492 3209 526 3270 in
545 3207 618 3270 urbe
639 3216 793 3282 maneant.
816 3208 945 3270 omnium
959 3207 1147 3274 Jossensium
1168 3227 1259 3271 unam
1281 3218 1411 3273 mentem

177 3263 179 3273 ⁴
245 3301 246 3304 ’
341 3317 413 3370 esse,
428 3304 463 3358 ut
476 3295 649 3358 seruitutem
663 3294 780 3376 regiam
795 3293 974 3380 ffrgerent.
1009 3291 1139 3369 Rhodii,
1156 3294 1233 3357 moti
1248 3295 1408 3379 precibus,

342 3379 487 3443 Eumene
516 3379 610 3443 etiam
639 3399 714 3480 rege
743 3377 900 3456 adsumto,
931 3376 1024 3442 simul
1056 3399 1127 3442 suas
1161 3381 1407 3446 necessitudines

230 3478 232 3484 ’
341 3465 630 3544 commemorando,
645 3465 738 3530 srmul
753 3463 923 3529 ⁵1obsessae
938 3465 1028 3552 regio
1048 3464 1196 3550 praesidio
1209 3465 1332 3531 ⁶²urbis
1353 3489 1409 3533 ca-

340 3571 411 3616 sum
435 3552 622 3629 miserando,
645 3552 855 3636 pervicerunt,
876 3564 912 3616 nt
936 3552 1172 3637 obpugnatione
1195 3552 1410 3619 absisteretur.

527 3679 537 3706 ἲ
550 3674 717 3721 Telmessicum
728 3675 803 3722 Gron.
816 3676 884 3722 Crer-
949 3675 1136 3738 ⁸Bargylletico
1148 3677 1218 3726 Crer.

374 3793 406 3834 50
423 3788 527 3835 Neocles
553 3791 637 3847 socios,
657 3791 780 3851 remigum
804 3797 857 3836 tur·
890 3791 952 3838 lam.

342 3851 406 3914 lam]
437 3854 498 3900 Duae
524 3861 646 3914 postrema
669 3869 738 3901 voces
759 3855 857 3915 sapiunt
922 3861 950 3902 st
968 3849 1409 3918 Obsessaregiopraesidiourbis]Ur-

340 3919 466 3979 glossema,
482 3923 545 3978 quod
562 3936 575 3966 e
594 3921 699 3976 margine
715 3922 741 3966 in
758 3927 857 3968 eontex-
889 3921 935 3976 bis,
947 3935 999 3980 que
1011 3921 1047 3967 sui
1062 3922 1123 3980 J'uris
1135 3936 1184 3969 nou
1196 3923 1299 3968 essetab
1315 3921 1409 3982 regium

339 3991 391 4030 tum
408 3985 535 4045 irrepserit.
569 3986 691 4032 'Neocles
706 3987 766 4032 socii
782 3983 868 4033 inter?
888 3987 1030 4048 presidium.

339 4050 395 4095 dum
407 4057 464 4097 sunt
483 4057 560 4097 nautea
576 4065 603 4096 sc
618 4052 726 4111 remiges,
737 4051 856 4098 interdum
922 4059 953 4098 52
973 4041 1042 4098 Urbis
1057 4045 1149 4114 cmm]
1166 4051 1204 4098 stc
1219 4052 1343 4108 legendnm
1355 4063 1410 4097 esse

338 4115 426 4162 milites
440 4117 534 4162 tuendis
552 4117 651 4163 naribus
668 4117 785 4162 attributi.
801 4117 857 4164 vid.
888 4118 1031 4165 monstravit
1052 4118 1104 4163 Jac.
1121 4117 1256 4164 Gronovius
1278 4129 1307 4163 ex
1329 4116 1409 4163 tribus

339 4181 620 4230 nnt.27.edXXl.49·
653 4181 678 4226 Si
695 4182 759 4241 prior
772 4195 855 4228 sensus
888 4183 997 4242 seriptia3
1016 4182 1101 4242 quibus
1117 4179 1408 4238 acceditunusllearnii,

338 4245 377 4290 hic
398 4248 475 4293 locum
495 4247 576 4303 babet,
596 4245 641 4292 hoc
660 4245 801 4304 membnrm,
819 4261 856 4292 re·
888 4254 913 4294 et
923 4248 985 4294 Vict
998 4249 1080 4304 codex,
1091 4253 1116 4292 et
1127 4249 1227 4296 Andreae
1238 4248 1320 4296 editio.
1344 4245 1406 4292 Vul-

332 4312 432 4370 ms'gum
448 4311 551 4367 turbans,
565 4312 650 4358 inutile
669 4312 855 4358 additamentum
888 4327 918 4370 go
931 4315 998 4360 urbis
1008 4327 1112 4360 causam.

338 4373 390 4433 δεῖς
403 4378 428 4421 si
442 4377 566 4436 posterior,
579 4375 629 4433 lege
641 4385 663 4423 et
673 4379 793 4438 remigum
805 4385 856 4424 tur·
