3104 4976
433 207 526 294 Lm.
548 229 692 293 xxxiv.
720 233 824 293 cnr.
846 233 917 292 xn.
1149 241 1212 320 ne

134 411 193 463 tuo
211 387 395 482 otpoaaari,
411 411 465 462 neo
483 419 566 482 spem
585 400 682 462 uilem
702 417 765 464 esre
785 397 959 484 tremendi,
973 398 1036 462 nisi
1050 398 1349 479 pressionem.

136 487 297 550 Romano
321 485 408 548 miles
430 495 513 549 esset.
561 485 656 548 tneo
677 486 778 548 millio
799 486 928 548 miiitum
949 486 1027 549 sotis
1048 505 1125 548 esse.-
1148 471 1349 550 mamm·

134 573 245 648 hostes,
264 571 294 634 si
321 579 413 634 tanto
436 591 543 636 monus
564 574 703 648 mnisset,
728 591 894 636 mansuros.
939 569 994 635 Ad
1019 593 1056 634 ea
1080 570 1201 656 consul,

134 656 163 696 ¹⁰
172 654 298 722 Moneri,
309 658 429 740 quiden
443 667 493 722 se*
507 660 555 722 oei
563 659 703 742 periodo
716 677 828 737 eorum,
840 659 888 721 nel
901 666 989 734 motu,
1002 656 1126 720 dicere:
1149 660 1203 722 sed

133 743 200 808 sibi
222 765 413 827 nequaquam
437 752 555 808 tontum
576 745 733 826 copiomm
758 765 829 818 esse,
845 753 889 818 ut,
909 764 998 827 quum
1016 764 1130 828 magno
1156 745 1203 811 vis

134 831 265 894 hostium
280 831 365 892 ioud
372 831 484 912 proed
504 829 594 905 obsit,
609 828 707 893 ⁵⁰crem
723 851 784 913 quo
798 840 882 892 mon·
893 831 992 914 signis
1006 831 1139 894 contotis
1152 832 1201 896 di·

129 918 307 986 micandum
321 916 382 980 sibi
402 918 437 979 in
457 917 521 980 dies
534 925 692 1000 exspectet,
708 917 873 980 dividendo
886 917 1048 980 exercitum
1068 916 1203 982 minuero

134 1013 201 1066 tuto
220 1005 302 1066 vires
317 1012 429 1083 posset.
476 1002 599 1088 Legati,
614 1002 668 1066 ubi
683 1000 753 1066 haec
766 1001 945 1087 audierunt,
960 1001 1069 1066 flentes
1083 1001 1125 1065 ad
1147 1025 1203 1090 ge·

135 1111 201 1152 noa
215 1088 354 1152 consulis
365 1087 602 1172 provolvuntur.
648 1087 762 1166 Orant,
780 1087 830 1152 Ne
842 1111 874 1152 se
888 1090 923 1152 in
936 1088 1023 1152 reboo
1033 1091 1202 1171 tomtrepi-

134 1177 185 1240 dis
199 1177 329 1240 deserat.
369 1173 437 1250 Quo
451 1177 530 1238 enim
544 1197 586 1253 se,
600 1177 735 1258 repulsos
748 1175 788 1239 ob
802 1175 962 1252 Romorns,
974 1177 1095 1240 ituros?
1119 1175 1202 1240 Nuz-

131 1264 180 1326 los
193 1283 226 1326 se
238 1263 344 1338 socios,
358 1262 441 1324 nihii
453 1281 578 1345 usquam
589 1263 623 1324 in
636 1263 731 1326 terris
744 1263 834 1324 atiud
841 1263 908 1345 spei
915 1262 1037 1326 tabae.
1059 1262 1202 1328 Potuisse
1268 1321 1270 1331 .

132 1370 167 1413 se
179 1358 269 1412 estro
285 1349 320 1411 id
326 1349 497 1430 periculum
511 1369 581 1424 esse,
593 1350 622 1412 si
636 1349 857 1430 decederefide‚
870 1350 899 1411 si
908 1347 1070 1432 conjurare
1078 1369 1143 1414 orm
1154 1370 1200 1414 ce·

132 1437 212 1499 teris
225 1435 397 1498 noluissent.
418 1435 512 1498 nullis
525 1436 627 1509 minis,
639 1435 732 1496 nuliis
742 1435 897 1510 terriculis
911 1455 943 1498 se
956 1444 1059 1511 motos,
1072 1457 1200 1516 meron-

131 1531 180 1586 tes
192 1523 271 1586 sotis
282 1521 350 1604 opis
363 1530 394 1584 et
407 1522 522 1584 ausilii
534 1519 596 1583 cidi
610 1522 644 1582 in
655 1520 806 1584 Romanis
819 1541 888 1583 esse.
925 1521 1006 1584 Idri
1018 1522 1133 1584 nullum
1146 1523 1199 1598 sit,

130 1608 162 1672 si
174 1607 237 1672 ribi
251 1629 272 1670 o
285 1609 404 1670 conada
417 1615 552 1691 negetur,
569 1606 655 1670 Deos
667 1606 858 1689 hominesque
870 1626 902 1669 se
915 1615 1003 1670 testes
1009 1606 1133 1690 soem,
1150 1609 1203 1676 ia·,

130 1695 212 1758 vitos
230 1703 261 1757 et
281 1703 399 1758 coactos
411 1715 452 1770 se,
468 1714 507 1756 oe
520 1693 633 1768 eodem,
650 1712 718 1775 qnae
731 1691 899 1775 Saguntini
907 1694 997 1773 possi
1010 1694 1099 1769 sinti,
1108 1695 1199 1774 poti-

131 1790 237 1858 antur,
254 1780 437 1866 defictmos:
459 1788 490 1844 et
503 1799 567 1842 nem
581 1779 689 1842 ceteris
701 1775 988 1860 potimHisponis,
1005 1799 1095 1862 quom
1107 1781 1198 1860 solos,

125 1868 286 1951 perituros
296 1887 367 1934 esse.
470 1895 474 1902 ·

168 1949 254 2018 ΧΠ.
279 1951 323 2017 Et
333 1951 387 2016 illo
399 1951 526 2038 quidem
542 1952 595 2018 die
605 1953 650 2018 sic
661 1953 728 2016 sine
738 1973 893 2037 responso
907 1951 1035 2018 dimissi.
1075 1952 1198 2016 Consu·

130 2039 194 2104 lem
213 2052 317 2116 nocte,
334 2061 406 2126 quae
428 2040 567 2104 insecuta
588 2051 644 2116 est,
663 2061 778 2124 anceps
792 2060 870 2104 cura
883 2039 1021 2126 agitare:
1043 2038 1128 2104 nolle
1142 2039 1198 2103 de-

131 2147 234 2191 serere
260 2125 373 2207 socios,
394 2125 479 2190 nolle
503 2125 645 2190 minuere
669 2125 862 2201 exercitum
886 2124 972 2209 quod
998 2138 1053 2190 aut
1074 2142 1198 2190 moram

131 2213 191 2276 sibi
216 2212 258 2277 ad
283 2211 511 2288 dimicandum,
535 2212 645 2277 autin
667 2210 849 2276 dimicando
873 2211 1050 2296 periculum
1074 2211 1199 2278 adferre

130 2312 245 2384 posset.
292 2299 362 2365 Stat
376 2298 618 2376 sententianon
633 2299 776 2362 minuere
789 2296 909 2382 copias,
924 2319 966 2363 ne
979 2298 1059 2384 quid¹
1071 2299 1196 2364 interim
1234 2297 1235 2306 ’

130 2387 237 2451 hostes
248 2384 386 2450 inierant
396 2386 600 2472 ignominiae:
623 2385 715 2449 sociis
727 2405 814 2468 spem
827 2405 886 2468 pro
901 2407 936 2448 re
951 2384 1199 2450 ostendendamc

129 2485 245 2544 censet.
292 2473 387 2558 Soepe
398 2492 478 2536 vana
492 2493 551 2556 pro
565 2472 654 2547 veris,
671 2473 805 2535 maxime
827 2475 861 2534 in
882 2470 975 2548 bello,
991 2471 1141 2536 valuisse:
1166 2486 1198 2536 et

129 2559 312 2624 credentem
326 2581 360 2623 se
373 2558 492 2645 aliquid
515 2557 627 2622 auxilii
649 2556 776 2636 habere,
793 2557 926 2642 perinde
936 2572 1039 2644 ,atque
1054 2558 1194 2637 haberet,

129 2647 198 2732 ipsa
212 2645 343 2724 fiducie,
358 2658 390 2710 et
404 2645 562 2730 sperando
575 2657 670 2730 atque
685 2644 833 2710 audendo
847 2657 1016 2710 servatum.
1062 2645 1195 2712 Postero

126 2733 180 2798 die
190 2732 304 2820 legatis
317 2731 492 2816 respondit,
510 2730 699 2816 Quamquam
714 2741 1001 2806 normannorum
1015 2735 1105 2814 vires,
1120 2735 1195 2798 aliie
1204 2753 1303 2799 catoni·

127 2841 179 2884 eos
192 2820 418 2895 commodando,
434 2820 554 2882 minuat
558 2853 570 2890 ,·
594 2827 695 2880 tomen
717 2819 839 2880 illoram
851 2838 883 2880 se
896 2820 1041 2899 temporis
1055 2841 1092 2880 oc
1105 2821 1352 2899 ρενί-ῦῑῐῡῑῦεθω·

124 2907 188 2971 cuii
207 2907 318 2990 magis,
333 2927 422 2989 quom
436 2907 494 2980 soi,
509 2906 660 2970 rationem
680 2903 800 2966 hahere.
846 2902 1041 2966 Denunciari
1056 2904 1194 2968 militum

125 2991 210 3078 parti
229 2991 334 3056 tertiae
356 3013 398 3055 ex
421 2989 568 3054 omnibus
590 2987 775 3053 cohortibus
790 2987 893 3074 jubet,
910 3001 945 3052 ut
966 2988 1084 3069 cibum,
1100 3011 1194 3074 quem

126 3079 160 3142 in
181 3097 279 3143 naves
300 3077 466 3162 inponant,
483 3089 608 3142 mature
627 3086 783 3162 coquant:
806 3096 963 3160 navesque
976 3075 1010 3138 in
1025 3076 1108 3140 diem
1131 3089 1194 3140 ter-

126 3165 207 3230 tium
229 3163 374 3248 expediri
390 3164 492 3250 jussit.
535 3163 629 3228 Duos
644 3184 684 3226 ex
702 3161 813 3250 legatis
834 3160 981 3262 Bilistagi
1002 3175 1096 3250 atque
1115 3162 1193 3228 Iler·

125 3251 253 3338 getibns
276 3250 430 3314 nunciare
442 3273 481 3314 ea
496 3251 604 3334 jubet;
627 3249 728 3314 filium
757 3247 859 3331 reguli
878 3246 1013 3314 ¹connter
1034 3249 1192 3326 habendo,
1270 3292 1275 3302 »

125 3351 157 3403 et
179 3337 365 3402 muneribus
389 3336 476 3420 apud
498 3359 531 3400 se
554 3336 677 3400 retinet.
722 3334 837 3422 Legati
862 3357 928 3404 non
951 3347 1025 3400 ante
1048 3335 1193 3421 profecti,

124 3424 393 3512 quam-inpositos
408 3423 440 3486 in
456 3444 551 3486 naves
566 3421 680 3486 milites
696 3421 861 3486 viderunt:
884 3422 915 3486 id
932 3445 989 3507 pro
999 3421 1083 3488 haud
1094 3423 1193 3490 dubio

156 3569 170 3608 t
178 3562 325 3626 presidium
335 3561 441 3611 Romani
450 3563 575 3610 misissent·
611 3561 943 3619 QoioomillioGron.Crer.
1008 3565 1193 3611 zsodetGron.

124 3625 374 3692 *ammantica
384 3627 626 3692 etqoammoocrev.
658 3625 819 3674 beusteten.
832 3627 899 3702 Crer.
933 3630 1115 3676 costentandom
1124 3631 1193 3676 Crer.

156 3767 190 3810 49
206 3761 302 3808 Movet
317 3762 412 3824 quidem
430 3757 466 3824 se]
483 3759 642 3808 Gronorisnn
675 3773 800 3820 proquam
815 3759 986 3821 pmiertquod.
1020 3762 1109 3808 Eodem
1121 3764 1192 3810 modo

124 3826 241 3872 editiones
252 3829 374 3888 emente&
383 3842 416 3873 re.
450 3825 501 3874 Nor
512 3830 643 3872 ceterorum
675 3825 769 3870 locutus
787 3830 824 3870 est
840 3825 930 3880 Livius,
948 3827 963 3870 1.
981 3825 1027 3872 111.
1043 3842 1062 3872 c.
1075 3833 1116 3876 37.
1137 3829 1191 3874 Ea-

123 3903 279 3949 contentum,
300 3893 386 3952 quibu!
416 3893 507 3939 accedit
536 3904 599 3938 unus
629 3905 644 3936 e
675 3889 821 3950 metebant,
837 3905 908 3950 quom
923 3905 979 3936 mor
994 3891 1127 3938 consulibus
1141 3907 1191 3938 cre·

124 3956 194 4004 MSS.
214 3957 326 4016 Hesion,
344 3964 369 4005 et
387 3965 468 4006 noster
487 3956 549 4004 Vnt.
568 3957 643 4003 secuti
676 3955 746 4002 anda
758 3956 856 4002 comitio
868 3955 1022 4003 edicerentur.
1054 3957 1190 4004 Etl.V.c.
1253 3985 1256 3992 ‚

123 4035 213 4068 simne.
356 4015 361 4029 ¹
675 4026 715 4070 ⁴5.
733 4019 835 4074 latenti.
851 4036 921 4082 qnam
937 4037 993 4068 moa
1009 4024 1107 4084 rignum
1123 4021 1191 4066 dore-

156 4092 188 4133 ὅθ
204 4085 643 4150 Er,qoammoostgntsco11aendt-
675 4092 724 4133 tur.
757 4085 866 4132 'Sensus
884 4091 958 4146 patet,
990 4085 1023 4134 Et
1034 4089 1153 4146 exspectet
1164 4086 1190 4131 in

123 4151 314 4211 mandamns,
324 4154 354 4200 in
364 4149 554 4213 dissaepserat]
571 4151 643 4198 Hane
674 4152 724 4198 dies
735 4152 864 4198 instantem
878 4152 928 4208 jnm
940 4167 994 4198 eum
1011 4153 1041 4198 iis
1058 4149 1190 4196 dimicatio·

122 4217 255 4277 elegantem
290 4218 418 4265 lectionem
448 4220 548 4265 redonet
575 4217 642 4264 Livio
675 4229 738 4264 nem.
770 4213 898 4280 †Vutgsti
914 4218 959 4264 hoc
978 4219 1030 4264 tooo
1050 4213 1118 4261 libri:
1135 4227 1191 4258 oum

122 4281 176 4328 ine·
187 4282 324 4338 Gronovius
342 4297 370 4329 cx
388 4283 483 4330 Thoan.
500 4283 590 4342 codice,
603 4281 641 4329 cui
674 4297 721 4344 qnia
739 4295 796 4328 moe
814 4283 894 4342 signi-r
912 4283 1006 4328 cottone
1027 4277 1191 4326 dimicandum

122 4347 286 4396 urentinntur
297 4350 346 4395 duo
357 4348 448 4396 eMSS.
461 4348 568 4396 Hetrnii.
596 4349 641 4394 Fc-
673 4348 721 4394 stoi
732 4347 759 4393 in
770 4347 820 4394 dier
830 4353 956 4407 exspectet.

123 4417 163 4458 vet
185 4426 278 4474 qnoque
300 4421 383 4464 noster
400 4413 491 4462 Victor.
512 4414 558 4460 nisi
578 4415 640 4472 quod
824 4421 827 4426 '

166 4496 241 4544 vot..
259 4499 316 4542 111.
720 4495 740 4540 L
