3042 4954
332 191 371 250 rs
736 176 849 240 urrr
879 177 1037 260 cmm,

170 371 202 419 u.
214 369 307 416 uses.
374 343 507 414 XXIV.
530 343 620 410 Dum
641 342 774 410 haec-ub
794 344 897 410 nnvnli
919 342 1061 412 exercitu
1081 349 1248 430 geruntur,
1269 340 1399 428 concub

171 438 202 482 Δ·
213 435 243 511 ⁰:
253 438 307 486 ¹⁹*
332 434 366 498 in
383 430 525 498 Phocide
539 433 579 497 sd
594 429 731 498 Elatisin
747 431 860 496 cestris
879 429 1002 518 positis,
1016 429 1121 514 primo
1133 425 1313 514 'conloquiis
1327 449 1398 492 rem

169 498 324 612 ³¹⁸3ss
331 540 390 606 per
405 518 563 604 principes
578 515 786 584 Eletiensium
800 521 950 584 tentavit:
971 505 1151 604 postqulm,
1173 513 1255 578 nihil
1276 537 1343 580 esse
1360 514 1399 580 in

170 579 219 628 Μ
317 595 325 610 ’
408 623 518 682 u‘sus,
533 617 565 670 et
609 603 693 670 lures
708 603 938 689 validioresque
959 625 1028 668 esse
1049 601 1163 690 regios,
1186 621 1282 689 qusm
1303 601 1398 686 oppi-

324 625 721 778 dlilrnosnespond'ebetur,
742 703 810 756 tum
836 689 932 756 simul
956 689 999 754 sb
1022 688 1111 754 omni
1137 700 1227 773 parte
1248 687 1399 774 operibus

332 779 493 865 §nmisque
507 777 617 844 urbem
640 792 689 844 est
703 776 879 866 adgressus.
924 775 1036 857 Ariete
1051 773 1192 852 admoto,
1206 773 1399 861 ”quantum

334 863 416 932 inter
435 879 539 930 turres
560 864 644 930 muri
664 878 733 930 erat
754 876 933 950 prorutum,
958 882 1056 948 quum
1078 861 1200 948 ingenti
1220 860 1347 948 srsgore
1360 883 1401 926 sc

333 952 468 1038 strepitu
482 949 632 1019 nudnssst
645 951 769 1028 urbem,
784 949 878 1014 simul
892 963 923 1016 et
937 948 1057 1035 cohors
1070 948 1214 1013 Romane
1229 969 1285 1032 per
1306 963 1401 1034 sper·

334 1052 403 1104 tum
418 1037 539 1104 recenti
561 1050 666 1126 struge
686 1038 747 1102 iter
767 1036 896 1113 inussit3
920 1048 1006 1102 etex
1027 1034 1176 1101 omnibus
1190 1034 1303 1121 oppidi
1324 1056 1401 1120 psr·

334 1125 430 1203 tibus,
453 1124 570 1190 relictis
590 1126 655 1189 suis
673 1123 742 1211 quis
767 1145 805 1188 ue
827 1122 1025 1199 stationibus,
1041 1122 1074 1186 in
1094 1143 1181 1202 eum,
1196 1122 1253 1208 qui
1275 1131 1402 1207 preme·

334 1212 429 1278 batur
454 1212 573 1296 inpetu
587 1146 863 1286 humaniorum
889 1219 1128 1276 concurrerunt.
1173 1205 1297 1274 Eodem
1320 1221 1402 1275 tem·

334 1319 414 1384 pore
442 1297 581 1363 Romani
605 1309 639 1362 et
663 1295 770 1361 ruinas
791 1295 872 1361 muri
894 1293 1156 1382 supervadebant,
1181 1307 1213 1360 et
1238 1295 1338 1362 scales
1359 1293 1402 1360 sd

336 1385 452 1450 stantia
465 1383 585 1450 moenis
605 1382 789 1449 inserebant.
813 1395 854 1460 et,
870 1383 945 1448 dum
968 1383 1000 1447 in
1023 1402 1120 1458 unam
1141 1393 1265 1468 partem
1291 1379 1403 1448 oculos

144 1515 146 1532 .
237 1479 239 1484 '
336 1473 522 1559 animosque
534 1468 673 1540 hostium
688 1482 848 1535 certamen
869 1481 1035 1548 everterat,
1050 1467 1196 1553 pluribus
1216 1467 1296 1534 locis
1310 1467 1403 1534 scalis

335 1559 461 1644 capitur
476 1578 598 1636 murus,
610 1556 789 1642 armatique
802 1555 836 1620 in
849 1555 961 1623 urbem
974 1555 1247 1621 transcenderunt.
1270 1578 1335 1641 quo
1351 1570 1403 1622 tu·
1496 1555 1498 1564 ’

335 1645 439 1712 multu
461 1644 582 1722 audito,
603 1643 705 1709 territi
726 1641 841 1721 hostes,
862 1642 983 1724 relicto,
998 1663 1092 1728 quem
1113 1640 1246 1724 conferti
1268 1643 1403 1708 tueban-

281 1782 283 1800 .
335 1746 400 1810 tur,
415 1732 498 1809 loco,
512 1731 546 1797 in
569 1748 674 1794 urcem
697 1751 807 1794 omnes
830 1743 926 1809 metu,
940 1728 1054 1792 inermi
1069 1749 1195 1816 quoque
1216 1729 1402 1814 insequente

334 1819 440 1896 turbs,
456 1816 680 1904 confugerunt.
725 1817 774 1880 lts
795 1815 873 1880 urbe
894 1815 1016 1900 potitur
1035 1815 1158 1880 consul.
1180 1838 1245 1901 qun
1264 1814 1403 1902 direpto,

335 1905 439 1970 missis
457 1904 490 1968 in
514 1923 631 1977 srcem,
647 1901 703 1986 qui
719 1904 814 1966 ritum
838 1903 944 1990 regiis,
964 1903 990 1966 si
1013 1902 1101 1966 abire
1115 1901 1232 1968 vellent
1249 1902 1402 1980 inermes,

335 1990 514 2056 libertatem
538 1987 751 2054 Elstiensibus
773 1987 1010 2073 pollicerentur,
1025 1987 1151 2076 fideque
1172 1988 1207 2054 in
1228 1987 1299 2055 hren
1312 1988 1401 2069 dats,

335 2088 408 2161 post
422 2097 541 2160 paucos
555 2074 622 2140 dies
635 2069 741 2140 src‘cm
753 2075 883 2162 recepit.
1049 2095 1053 2102 ’

376 2162 491 2234 XXV.
516 2161 666 2227 Ceterum
683 2160 820 2228 adventu
840 2163 874 2226 in
890 2161 1045 2229 Achsism
1061 2163 1210 2230 Philoclis
1218 2165 1304 2254 regii
1317 2185 1403 2250 prte-

335 2249 409 2316 fecti
429 2271 493 2314 uon
510 2247 685 2314 Corinthus
708 2259 840 2337 tantum,
855 2249 984 2340 liherats
1006 2250 1181 2329 obsidione,
1197 2252 1252 2316 sed
1267 2252 1404 2339 Argivo·

173 2351 274 2420 rutum
283 2350 409 2402 nr-rum
422 2358 550 2423 quoque
564 2335 673 2408 civitas
695 2357 753 2420 per
775 2337 929 2423 quosdam
951 2337 1110 2423 principes
1125 2336 1261 2404 Philocli
1275 2339 1404 2424 proditu

172 2433 216 2530 ἕο·
228 2419 306 2480 prou·
336 2437 393 2502 est,
409 2423 536 2489 tentatis
550 2422 639 2514 prius
653 2423 767 2488 animis
781 2423 894 2508 plebis.
939 2423 1016 2490 Mos
1037 2437 1116 2502 erat,
1132 2425 1334 2496 comitiorum
1352 2425 1403 2492 die

187 2497 223 2533 ”¹⁰
336 2511 442 2598 primo
465 2509 551 2576 velut
576 2509 691 2574 ominis
716 2530 827 2574 caussa
855 2523 1008 2595 praetores
1060 2511 1248 2578 ronuncisre
1275 2512 1401 2589 Jovern,

336 2596 595 2684 Apollinemque,
611 2611 643 2662 et
664 2594 850 2664 Herculem.
874 2596 1016 2663 additum
1036 2533 1103 2686 legi
1120 2610 1198 2676 erst,
1214 2611 1250 2664 ut
1271 2600 1309 2664 iis
1324 2598 1403 2664 Phi·

336 2684 445 2770 lippus
459 2705 516 2750 rex
536 2682 735 2770 adjiceretur.
758 2685 848 2770 cujus
867 2705 984 2750 nomen
1005 2698 1079 2769 post
1098 2698 1224 2770 pectem
1245 2707 1317 2752 cum
1335 2685 1404 2750 Ro·

336 2770 441 2838 msnis
463 2771 645 2836 societatem
668 2770 744 2857 quis
766 2792 874 2855 praeco
900 2793 965 2836 non
985 2771 1109 2858 adjecit,
1133 2770 1276 2838 fremitus
1298 2772 1404 2858 primo

336 2856 552 2925 multitudiuis
577 2869 684 2922 ortus:
715 2856 833 2923 deinde
857 2856 977 2923 clsmor
1001 2858 1235 2945 subjicientium
1260 2857 1403 2946 Philippi

337 2965 469 3026 nomen,
482 2944 663 3031 jubentium
687 2965 728 3008 ue
741 2943 953 3030 ⁹⁷legitimum
974 2944 1129 3010 honorem
1151 2967 1321 3030 usurpare3
1344 2946 1402 3012 do-

337 3053 398 3098 nec
411 3052 485 3096 cum
505 3030 627 3131 ingenti
647 2965 781 3094 adsensu
803 3051 920 3094 nomen
940 3031 1106 3096 recitatum
1131 3044 1187 3096 est.
1232 3032 1343 3120 Hujus
1365 3031 1402 3096 fi-

337 3118 434 3184 ducis
450 3118 566 3185 favoris
582 3113 740 3202 Philocles
761 3119 926 3182 arcessitus
946 3129 1041 3183 nocte
1062 3131 1198 3203 oocupst
1219 3119 1332 3186 collem
1355 3120 1403 3184 in·

338 3206 510 3271 minentem
537 3202 621 3280 urbi,
641 3201 813 3285 (Larissam
838 3223 908 3268 enm
935 3223 1040 3268 arcem
1062 3205 1190 3286 vocant)
1205 3205 1405 3294 ⁹8positoque

336 3291 384 3364 ibi
399 3289 560 3376 praesidio,
575 3309 674 3385 qqum
689 3285 769 3351 lucis
784 3287 942 3374 principio
962 3290 1060 3377 signis
1081 3289 1200 3358 infestis
1218 3292 1260 3358 ad
1281 3296 1402 3381 subjec-

339 3393 408 3444 tum
432 3377 499 3442 srci
521 3371 627 3440 iorum
644 3373 782 3452 vaderet,
797 3374 952 3454 instructo
973 3377 1057 3442 scies
1076 3400 1116 3444 ex
1135 3377 1268 3446 adverso
1288 3380 1402 3448 obcur-

338 3465 390 3528 rit.
436 3461 626 3528 Praesidium
641 3473 709 3524 eret
724 3460 917 3526 Achaeorum
930 3465 1227 3564 superinpositum,
1239 3465 1404 3556 quingenti

339 3549 404 3615 sere
420 3550 551 3636 juvenes
566 3545 680 3612 delecti
699 3549 841 3614 omnium
865 3549 1051 3619 civitatium.
1096 3550 1320 3619 AEnesidemus
1337 3555 1404 3641 Dy-

371 3802 403 3850 96
421 3799 546 3855 Φωκίωνι
561 3800 625 3848 inter
633 3806 712 3848 turres
726 3802 792 3848 meri
803 3808 855 3848 aar
887 3813 913 3850 ru
922 3816 951 3850 eo
962 3801 1055 3850 fecilior
1064 3802 1136 3862 recipi
1147 3815 1216 3862 pomo
1226 3803 1329 3862 videtur,
1339 3800 1401 3864 quod

335 3860 474 3927 promtum]
507 3865 588 3916 Quum
611 3868 701 3914 nudsts
724 3874 749 3914 et
773 3873 855 3928 nperts
886 3873 911 3914 ct
927 3867 1005 3930 priore
1019 3868 1062 3914 iiio
1079 3869 1132 3916 icoc
1146 3881 1192 3916 vox
1207 3870 1306 3916 honoris
1321 3881 1402 3930 perpe·

338 3929 684 3991 urbrinirsswrorutomnm
700 3933 791 3989 ingenti
807 3933 855 3980 irc·
887 3947 936 3980 rum
956 3934 1050 3980 intrurs
1071 3934 1156 3980 iuerat.
1187 3935 1255 3982 Ante
1275 3935 1399 3984 Gelonium

338 4010 395 4058 gore
410 4009 438 4043 sc
454 3996 565 4058 strepitu,
575 4002 629 4046 toto
645 3998 688 4045 illo
704 3998 765 4046 muri
777 3999 855 4059 spstio
886 3999 1009 4060 legsbstcr
1021 4000 1085 4046 setar
1095 3999 1191 4048 nouom
1206 4015 1294 4048 emar
1311 4001 1351 4048 ilie
1365 4012 1400 4044 rs·

338 4061 402 4122 quod
413 4061 478 4108 inter
488 4067 564 4109 turres
575 4068 633 4110 eret.
885 4065 1072 4125 perditonem
1094 4064 1400 4124 legitimament-

370 4128 582 4188 umectum
599 4129 709 4176 tomen
728 4125 855 4195 usurpare]
883 4145 953 4191 pore,
966 4137 1004 4177 ert
1015 4143 1104 4182 morem
1121 4127 1244 4180 solennem
1260 4131 1363 4192 requiiu
1373 4139 1402 4174 co

337 4193 456 4242 Exhibers
476 4193 587 4256 Philippo
605 4209 634 4240 ex
648 4209 715 4242 more
731 4196 854 4254 honorem,
887 4194 967 4244 omine
985 4195 1399 4259 espuodo.qsou1egibss5uuun

338 4259 607 4320 quemlsgecjubebnnt.
619 4261 853 4322 †SuspicsturGro·
887 4266 945 4308 emt.

337 4325 423 4374 novius
434 4327 574 4386 legitimum
585 4332 696 4384 onien,ut
706 4339 779 4385 suprs
790 4328 854 4372 velet
918 4331 950 4374 98
969 4324 1094 4388 Positoque
1113 4329 1148 4376 ibi
1170 4325 1294 4392 presidio]
1321 4322 1398 4386 Musis

337 4392 424 4438 uminis
436 4407 516 4441 rama.
551 4393 612 4444 Quae
624 4393 720 4453 quidem
731 4391 853 4452 conjectu·
885 4392 997 4454 pisceret,
1009 4394 1128 4454 imposito.
