3136 4982
454 192 547 252 nra.
568 188 746 251 xxxvnr.
774 145 874 250 cau.
896 178 1016 252 xtns
1177 183 1233 266 ni

181 355 241 420 bas
254 354 297 420 ad
318 352 520 439 magistratus
543 349 764 439 subrogandos
788 355 924 419 Romans
939 353 1035 432 venit,
1058 355 1148 420 nulls
1163 349 1392 436 menaeus.

180 441 327 506 morabili
340 442 373 505 in
388 441 551 527 provincia
564 463 599 506 re
612 455 709 528 gesta,
725 454 761 504 ut
774 440 995 525 ea'probabilis
1017 461 1115 505 morae
1129 439 1310 507 caussam·
1326 445 1379 487 ¹⁸⁸·
1442 509 1445 520 ,

181 540 273 604 esset,
288 527 374 614 quod
395 528 487 591 solito
502 527 600 592 serius
616 527 656 591 ad
679 525 806 591 comitia
820 525 963 590 venisset.
1008 526 1150 592 Comitia
1161 539 1357 593 con-contris.

182 614 302 679 salibus
316 613 464 701 rogandis
482 615 610 678 fuerunt
634 625 706 677 ante
731 611 815 678 diem
836 611 1057 676 duodecimum
1080 612 1238 680 Kalendas

185 699 332 764 Martias.
354 701 451 764 creati
467 699 516 764 M.
532 698 679 763 AEmilius
701 697 851 783 Lepidus,
874 698 912 762 C.
930 697 1113 763 Flaminius.
1159 700 1237 784 Pos-

185 801 253 850 tero
276 783 329 850 die
353 799 505 870 praetores
527 785 600 850 facti
621 786 683 870 Ap.
700 784 854 849 Claudius
881 783 1027 860 Pulcher,
1046 785 1114 850 Ser.
1131 786 1238 870 Sulpi-

184 873 252 935 cius
264 869 381 948 Galba,
393 871 437 948 Q.
447 871 617 936 Terentius
629 869 751 946 Culleo,
766 870 837 936 “la
850 867 1018 934 Terentius
1030 869 1206 936 Massiliota
1214 885 1236 952 ¹,

184 957 228 1033 Q.
246 957 376 1022 Fulvius
392 956 533 1034 Flaccus,
551 956 601 1021 M.
614 956 729 1021 Furius
739 955 912 1041 Crassipes.
958 956 1103 1020 Comitiis
1117 957 1238 1043 periec-

184 1044 235 1123 tis,
249 1065 327 1129 quas
341 1043 517 1128 provincias
533 1045 721 1128 praetoribus
735 1065 801 1107 essa
815 1042 963 1127 placeret,
975 1041 1082 1108 retulit
1092 1046 1132 1108 ad
1148 1066 1238 1108 sena-

182 1140 251 1194 turn
266 1128 387 1194 consul.
409 1127 613 1194 decreverunt
627 1129 706 1194 duas
724 1129 845 1205 Roma,
858 1128 939 1214 juris
960 1128 1089 1193 dicundi
1111 1153 1237 1208 caussa3

183 1215 263 1280 duas
288 1227 378 1281 extra
393 1215 529 1293 Italiam,
547 1215 684 1280 Siciliam
706 1227 737 1279 et
760 1215 955 1291 Sardiniam
977 1213 1109 1278 ducein
1132 1217 1238 1298 ltalia,

184 1301 360 1366 Tarentum
375 1314 408 1365 et
425 1301 573 1366 Galliam.
595 1313 628 1365 at
641 1300 809 1384 extemplo,
826 1301 1008 1386 priusquam
1031 1300 1147 1380 inirent
1171 1311 1239 1368 ma·

182 1389 360 1475 gistratum,
376 1388 480 1452 sortiri
490 1388 580 1472 jussi.
619 1388 687 1453 Ser.
704 1386 862 1470 Sulpicius
877 1387 1041 1463 urbanam,
1054 1387 1103 1470 VQ.
1116 1385 1239 1454 Teren-

184 1475 246 1538 tius
260 1475 457 1562 peregrinam
473 1487 521 1538 est
535 1473 675 1538 sortitus.
711 1472 753 1537 L.
764 1472 932 1538 Terentius
945 1473 1095 1552 Siciliam,
1109 1473 1151 1550 Q.
1163 1474 1240 1540 Ful·

2 1609 4 1626 .
83 1605 86 1613 ι
185 1560 253 1624 vius
279 1561 467 1637 Sardiniam,
494 1561 556 1644 Ap.
574 1558 727 1624 Claudius
751 1559 941 1637 Tarentum,
965 1557 1013 1624 M.
1031 1560 1145 1624 Furius
1161 1561 1239 1626 Gal·

183 1646 268 1710 liam.
313 1645 364 1710 Eo
378 1667 463 1710 anno
478 1646 518 1711 L.
536 1644 697 1710 Minucius
713 1643 865 1732 Myrtilus
879 1659 911 1710 et
925 1645 966 1710 L.
983 1645 1136 1723 Manlius,
1151 1646 1237 1732 quod
1247 1653 1384 1712 osipus·-

183 1731 303 1832 legatos
314 1731 592 1818 Karthaginienses
607 1730 747 1816 pulsasse
761 1731 956 1807 dicebantur,
968 1732 1057 1817 jussu
1070 1724 1130 1810 M.
1141 1717 1401 1842 Clau-ffitops‘ffiffi

183 1819 227 1883 dir
254 1819 397 1903 praetoris
416 1817 503 1882 urbis
527 1837 585 1900 per
609 1816 732 1882 feciales
754 1817 863 1882 traditi
883 1829 957 1882 sunt
977 1817 1098 1906 legatis,
1112 1831 1143 1882 et
1156 1817 1238 1883 Kar·
1247 1848 1299 1896 gt„

183 1905 237 1970 tha
262 1904 343 1968 inern
369 1904 480 1968 avecti.
524 1903 563 1968 In
590 1904 763 1990 Liguribus
789 1904 896 1991 magni
921 1902 1005 1981 belli,
1026 1917 1058 1968 et
1081 1903 1383 1988 gliscentia-coss

185 1989 219 2055 in
233 1927 298 2056 tiles
325 1988 630 2092 maginiensem.
653 1991 758 2076 itaque
783 1987 963 2055 consulibus
989 1991 1087 2069 novis,
1103 2013 1167 2077 quo
1188 1979 1277 2088 dica·
1289 1975 1388 2088 {iffi

184 2075 224 2141 de
242 2076 413 2163 provincns
433 2089 464 2142 et
484 2077 522 2142 de
543 2075 705 2162 republica
729 2076 915 2155 retulerunt,
930 2087 1055 2141 senatus
1078 2073 1400 2164 utrisquetcsmmsniss

185 2163 321 2250 Ligures
342 2161 532 2249 provinciam
554 2162 701 2227 decrevit.
747 2162 837 2227 Huic
858 2163 1128 2228 senatusconsulto
1143 2164 1314 2250 Lepi-09⁸⁸

183 2247 243 2314 dus
265 2248 374 2314 consul
395 2247 619 2327 intercedebat,
638 2251 803 2333 Indignam
825 2271 886 2317 esse
905 2249 1091 2332 praedicans,
1106 2238 1352 2316 emundant!

183 2337 286 2400 ambos
299 2337 333 2400 in
354 2337 448 2400 mins
470 2337 618 2420 Ligurum
637 2337 764 2399 includi.
808 2335 1057 2400 Milaniona
1073 2338 1129 2401 Ca.
1142 2315 1370 2414 Man-iiim*

183 2425 258 2486 lium
272 2423 424 2486 biennium
428 2421 510 2505 jam,
526 2424 653 2486 alteram
669 2423 703 2484 in
717 2421 858 2504 Europa,
870 2423 998 2484 alteram
1012 2424 1046 2485 in
1055 2425 1143 2500 Asia,
1159 2425 1240 2488 uelat

126 2519 129 2526 ’
180 2531 242 2590 pro
254 2508 407 2591 'Philippo
415 2518 506 2592 atque
518 2508 667 2572 Antiocho
675 2506 856 2584 substitutos,
868 2529 1009 2591 regnare.
1045 2509 1083 2574 Si
1091 2512 1240 2574 exercitus

186 2597 220 2658 in
234 2596 282 2658 iris
295 2597 388 2658 terris
408 2615 470 2658 esse
487 2597 620 2676 placeat,
642 2595 774 2656 consules
795 2595 836 2658 iis
847 2596 959 2675 potius,
976 2615 1065 2678 quam
1083 2597 1238 2679 privatos,

178 2691 312 2764 praesse
330 2689 478 2762 oportere.
526 2681 647 2764 Vagari
661 2701 710 2743 eos
723 2699 787 2742 cnm
801 2678 874 2742 belli
887 2689 1005 2743 terrare
1012 2703 1073 2762 per
1086 2685 1238 2758 nationes,

186 2767 292 2851 quidm
306 2767 412 2830 bellam
427 2767 571 2830 indictam
586 2767 709 2838 nonsit,
724 2785 831 2846 pacem
839 2767 947 2847 pretio
959 2769 1159 2831 venditantes.
1204 2769 1241 2833 Si

184 2873 236 2916 aas
245 2847 424 2934 prouincias
436 2851 618 2916 exercitibus
625 2851 761 2914 obtinere
770 2871 845 2932 apres
854 2861 945 2927 essets
967 2849 992 2896 *¹
1000 2853 1076 2916 sicui
1091 2853 1154 2916 Μ’.
1165 2853 1240 2917 Aci·

184 2940 229 3002 tio
243 2940 285 3002 L.
298 2940 403 3021 Scipio
416 2940 528 3015 consui,
543 2938 584 3002 L.
600 2938 740 3020 Scipioni
747 2947 762 3020 ξ
774 2937 826 3000 Μ.
841 2937 966 3000 Fuluius
979 2946 1009 3000 ei
1025 2939 1082 3002 Cn.
1100 2939 1242 3004 Manlius

183 3027 387 3088 successissent
400 3025 531 3089 conones
536 3058 548 3096 ,-
573 3026 621 3098 ita
635 3021 745 3086 Fuluio
760 3023 944 3106 Manlioque
956 3024 990 3087 C.
1003 3024 1128 3088 Licinn
1143 3035 1173 3088 et
1189 3025 1239 3090 M.

189 3111 344 3174 Valerium
353 3113 485 3174 conmles
495 3109 799 3173 aemnseaccedere.
815 3129 893 3172 nnnc
902 3117 991 3186 cerie,
999 3110 1136 3194 perficio
1147 3111 1241 3174 AEto·

183 3199 244 3260 lico
255 3197 340 3271 helio,
350 3205 470 3280 recepta
481 3195 520 3258 ab
529 3195 680 3260 Antiocho
690 3195 777 3270 Asia,
788 3195 914 3260 &victis
924 3195 1039 3274 Gallis,
1048 3206 1103 3260 aut
1111 3199 1242 3260 conmles

184 3283 229 3347 ud
238 3284 385 3347 coercitus
394 3283 564 3346 consulares
574 3283 666 3358 mitti,
676 3290 731 3344 aut
740 3282 898 3364 reportari
904 3283 1036 3366 legiones
1044 3283 1125 3360 inde,
1136 3284 1241 3346 reddi-

216 3436 636 3484 ”MassaliotaGroudlassuCren
727 3437 842 3498 'utrique
853 3437 1008 3484 Grues-cres.
1097 3437 1148 3483 ¹1..
1158 3438 1242 3500 Scipio

184 3504 274 3558 massi,
286 3503 317 3549 L.
328 3501 438 3562 Scipioni
447 3502 463 3548 l.
475 3501 505 3549 L.
514 3502 623 3562 Scipioni
631 3499 761 3548 consulibus
771 3501 836 3548 Eud.

219 3642 250 3682 ⁴8
267 3636 298 3681 L.
310 3635 434 3682 Terentius
447 3629 542 3696 Masso]
559 3634 697 3694 &gnomen
729 3633 769 3679 hic
779 3633 804 3678 in
819 3633 888 3690 Asis,
899 3634 939 3680 ills
950 3633 976 3680 iu
987 3633 1082 3681 Litolis·
1116 3635 1160 3682 Sed
1173 3637 1242 3688 Mun.

184 3701 256 3759 buJus
268 3699 374 3760 praetoris
386 3699 471 3759 legitur
487 3701 532 3744 hoc
549 3699 601 3744 loco
612 3697 637 3743 in
648 3698 696 3744 edi·
729 3697 806 3746 Acilio
824 3699 851 3746 1.
864 3699 952 3760 Scipio,
964 3699 990 3745 Is
1001 3699 1105 3760 Scipioni
1116 3701 1159 3746 Cn.
1171 3702 1241 3748 Mun.

184 3764 217 3810 tis
227 3765 383 3811 Mouoiioros
401 3765 425 3810 iu
437 3765 500 3810 Vict.
509 3763 589 3809 codice
597 3763 697 3810 Norico.
728 3760 776 3810 lius
792 3763 913 3823 cucumis,
929 3765 1018 3826 collega
1033 3765 1127 3812 iuterim
1138 3766 1172 3812 Μ.
1184 3767 1242 3813 nul·

185 3830 344 3889 Repudiatus
353 3829 448 3886 Massa,
466 3829 583 3888 quomodo
599 3841 669 3888 supra
680 3830 696 3876 l.
728 3828 767 3874 rio
783 3827 870 3874 ballum
888 3829 1016 3876 AEtolicuru
1035 3832 1141 3878 semestri
1164 3831 1241 3892 spatio

185 3894 281 3941 XXXI.
293 3910 314 3941 c.
327 3900 365 3940 50.
378 3895 472 3941 stinirs
481 3894 497 3940 1.
506 3893 560 3940 xl..
572 3907 591 3939 a
601 3899 642 3940 aa.
728 3893 888 3941 intermissum
907 3896 1088 3960 redintegrante.
1130 3896 1241 3944 Ceterum

216 3959 522 4016 tarantasiensis,
539 3958 571 4004 L.
588 3959 697 4019 Scipioni
728 3959 791 4004 lrsuc
818 3958 911 4019 culpans
936 3961 1082 4006 librariorum
1111 3973 1171 4019 esse,
1191 3973 1241 4008 non

182 4026 319 4071 emolitus
329 4025 370 4072 M.
382 4025 483 4076 lacinias
498 4031 523 4070 ct
534 4025 578 4070 aa.
588 4023 698 4069 Manlius
728 4022 800 4082 Livii,
817 4023 924 4070 custodit
933 4025 1049 4072 Victorini
1066 4025 1153 4072 codicis
1169 4025 1243 4086 scrip.

182 4085 358 4152 amissam]
376 4091 435 4136 Huc
450 4103 498 4136 non
515 4089 613 4135 omuino
630 4101 704 4134 socn··
728 4093 796 4134 turs:
817 4089 887 4136 Saos
901 4089 938 4135 Μ.
952 4090 1030 4136 anna
1043 4091 1075 4136 L.
1086 4089 1169 4148 Scipio
1185 4103 1240 4136 coss·

184 4161 235 4202 ssia
254 4160 320 4202 suut.
353 4156 436 4215 Neque
452 4156 515 4202 enisu
535 4154 629 4214 collegia
647 4153 697 4198 ius·
713 4189 715 4196 .
729 4152 1249 4214 soi,L.SoipisssiM.Fn1oiusetM.L!oss·'
1336 4189 1340 4197 .

183 4226 242 4266 runt
258 4221 325 4267 nn.
336 4220 428 4266 Acilius
443 4223 468 4266 ei
478 4220 504 4266 1.
517 4219 604 4279 Scipio,
616 4231 697 4277 quem·
729 4218 777 4264 iios
797 4219 967 4266 sncoessissent.
1000 4218 1060 4273 Lege
1076 4217 1147 4265 Mass.
1162 4219 1243 4267 Acilio

181 4285 309 4332 admodum
322 4286 355 4330 Μ.
367 4285 465 4330 Fulvius
481 4291 505 4330 et
517 4285 561 4330 Cn.
574 4283 695 4342 Manlius3
728 4297 772 4344 pro
781 4283 820 4330 Μ.
832 4283 920 4341 iistiio,
934 4287 958 4328 ot
970 4282 1014 4330 Gn.
1024 4281 1135 4329 Manlius
1151 4297 1194 4344 pro
1204 4285 1244 4335 u.

183 4364 228 4396 nco
246 4350 327 4399 oodsru
345 4349 542 4412 suuoirupcriuur
554 4349 697 4406 habuerunt,
728 4346 851 4398 Manlius:
866 4347 1152 4407 lumentis-sussum.
