3136 4982
433 165 528 224 LIB.
548 163 728 226 XXXVIII.
754 160 858 226 CAP.
878 166 961 226 XLI.
1163 161 1221 237 ⁸73

162 327 366 416 LysImachia
379 327 440 406 die,
456 327 497 393 sd
510 349 646 406 amnem,
662 325 794 394 Melana
830 349 900 396 uem
915 339 1038 412 vocant,
1054 329 1128 394 iude
1145 337 1258 414 pos-'u
1268 349 1296 396 c.
1307 350 1362 396 sss.

129 429 131 436 ⁴
160 425 230 480 tero
255 413 307 478 die
333 413 468 500 Cypsela
492 414 644 499 pervenit.
672 437 692 479 a
718 349 859 501 Cypsdlis
880 416 931 480 via
951 412 1060 480 decern
1085 407 1363 481 milliumfflcrffib

158 500 224 566 fere
250 498 408 578 silvestris,
428 513 571 586 angusta,
595 500 779 588 confragosa
802 500 989 651 excipiebat.
1011 517 1143 585 propter
1164 513 1223 569 c'u·‘

156 588 210 674 jus
224 585 438 652 difficultatem
459 586 578 650 itineris
599 587 631 649 in
647 585 725 650 duas
746 599 850 670 partes
888 587 983 650 ivisus
995 589 1166 654 exercitus.
1187 599 1224 655 et*

162 674 340 758 praecedere
365 692 428 736 una
448 672 547 759 jussa,
570 671 670 736 altera
693 693 811 759 magno
834 672 1002 737 intervallo
1027 694 1139 758 cogere
1164 697 1236 776 ag-v

162 779 247 834 men,
263 759 367 822 modia
380 758 595 842 inpedimenta
609 758 815 842 interposuit:
838 757 978 842 plaustra
991 779 1064 824 curn
1084 777 1220 844 pecunia

162 843 289 930 publica
310 857 409 920 erant,
433 844 629 994 pretiosaque
650 844 711 908 alia
732 844 852 928 praeda.
897 845 1019 931 Itaque,
1042 867 1138 931 quum
1161 860 1220 946 per

163 929 276 996 saltum
297 930 366 1007 iret,
383 929 545 995 Thracum
590 939 675 993 ecem
698 927 785 994 hand
806 930 941 1015 amplius
964 931 1061 995 millia
1082 947 1120 996 e'x
1142 953 1219 1018 qna-

162 1029 236 1082 tuor
257 1015 392 1101 populis,
409 1016 503 1092 Astii,
524 1029 557 1079 et
580 1016 681 1095 Caeni,
699 1027 731 1080 et
753 1015 950 1094 Maduateni,
971 1029 1003 1082 et
1026 1017 1157 1098 Coreli·,
1178 1017 1219 1082 ad

161 1103 245 1188 ipsas
259 1101 419 1189 angustias
436 1102 520 1166 viam
531 1100 812 1180 circumsederunt.
843 1101 965 1188 Opinio
979 1113 1056 1181 erat,
1066 1120 1137 1186 ¹non
1153 1104 1221 1168 siue

164 1187 307 1288 Philippi
330 1189 414 1275 regis
435 1187 648 1252 Macedonum
674 1187 784 1253 fraude
808 1187 842 1251 id
868 1189 999 1254 facturn.
1022 1209 1094 1254 eum
1116 1190 1219 1272 scisse,

163 1297 228 1340 non
242 1273 314 1352 aha,
330 1295 423 1361 quam
445 1295 503 1358 per
517 1273 698 1354 Thraciam,
712 1273 870 1339 redituros
886 1275 1059 1353 Romanos,
1074 1287 1107 1340 et
1121 1279 1219 1362 quan·

162 1374 227 1426 tam
241 1361 408 1445 pecuniam
427 1381 533 1423 secum
554 1371 726 1444 portarent.
771 1360 810 1426 In
825 1361 930 1445 primo
945 1361 1071 1449 agmine
1084 1361 1222 1447 impera]

162 1459 213 1511 tor
235 1460 315 1524 erat,
336 1444 486 1510 sollicitus
510 1458 640 1530 propter
661 1445 859 1532 iniquitatem
880 1446 1033 1512 locorum.
1078 1447 1221 1514 Thraces
1228 1465 1330 1512 utrm

162 1531 242 1596 nihil
264 1555 297 1598 se
316 1543 493 1610 moverunt,
509 1531 611 1596 donec
632 1533 745 1596 armati
766 1533 943 1619 transissent.
965 1546 1131 1619 postquam
1155 1531 1361 1619 pristamus·-

162 1641 231 1684 mos
256 1641 416 1704 superasse
440 1618 599 1708 angustias
622 1617 778 1696 viderunt,
800 1632 975 1703 postremos
1002 1620 1142 1684 nondum
1165 1596 1299 1684 αεὶ-Μ·

162 1707 421 1791 propinquantes,
435 1705 650 1790 inpedimenta
671 1716 703 1769 et
725 1705 861 1769 sarcinas
883 1705 1049 1770 invadunt.
1070 1706 1224 1792 caesisque

163 1791 356 1868 custodibus,
370 1791 485 1875 partlm
500 1813 546 1867 ea,
562 1812 634 1875 quae
655 1790 688 1854 in
709 1790 856 1875 plaustris
870 1805 970 1869 erant,
985 1790 1132 1877 diripere,
1147 1813 1222 1876 par·

164 1879 221 1942 tim
236 1879 294 1944 sub
311 1877 459 1942 oneribus
467 1877 612 1964 jumenta
626 1875 815 1942 abstrahere.
842 1911 845 1917 ,
860 1877 957 1943 Unde
976 1889 1142 1964 postquam
1157 1877 1222 1942 cla·
1267 1947 1272 1959 ,

163 1985 234 2028 mor
252 1963 392 2049 primum
406 1963 445 2026 ad
461 1985 526 2042 eos,
542 1963 608 2049 qui,
617 1963 685 2048 jam
705 1961 836 2050 Ingressi
859 1964 983 2043 saltum,
999 1964 1221 2049 sequebantur,

164 2050 279 2114 deinde
300 2051 395 2115 etiarn
417 2047 457 2113 ad
480 2050 618 2133 primum
639 2071 753 2136 agmen
775 2062 823 2114 est
842 2050 990 2134 perlatus,
1008 2051 1167 2137 utrimque
1187 2051 1223 2115 in

72 2169 78 2178 ·
164 2135 304 2200 medium
330 2133 537 2213 concurritur,
563 2145 595 2199 et
619 2133 832 2200 inordinatum
859 2135 952 2200 simul
978 2135 1119 2222 pluribus
1145 2135 1224 2202 locis

163 2221 311 2308 proelium
327 2221 512 2287 conseritur.
556 2220 700 2286 Thracas
721 2221 833 2305 praeda
853 2221 921 2307 ipsa
941 2221 1100 2305 inpeditos
1117 2221 1222 2292 oneri-

165 2311 234 2386 bus,
248 2307 460 2394 etplerosque
475 2311 524 2391 (ut
538 2307 578 2371 ad
593 2305 778 2391 rapiendum
799 2325 912 2371 manus
926 2327 1039 2371 vacuas
1052 2306 1226 2392 haherent)

165 2395 311 2471 inermes,
332 2393 374 2458 ad
399 2392 520 2458 caedem
546 2392 685 2477 proehet3
709 2392 871 2456 Romanos
896 2392 1044 2477 iniquitas
1065 2393 1220 2472 locorum,

164 2481 308 2548 barbaris
321 2501 380 2566 per
394 2479 488 2544 calles
503 2490 594 2542 notos
609 2476 874 2560 obcursantibus,
889 2490 921 2544 et
941 2479 1110 2544 latentibus
1125 2480 1223 2544 inter·

164 2567 241 2632 dum
263 2588 321 2651 per
335 2589 425 2631 cavas
439 2563 544 2642 valles,
559 2563 722 2649 prodebat.
744 2565 813 2649 ipsa
834 2565 928 2630 ctiam
951 2587 1048 2630 onera
1069 2565 1223 2652 plaustra·

167 2676 239 2738 que,
253 2666 291 2718 ut
303 2651 367 2717 fors
387 2651 469 2732 tulit,
483 2649 533 2715 his
554 2663 611 2716 aut
630 2650 693 2715 illis
715 2649 914 2715 incommode
929 2650 1060 2738 objecta,
1076 2673 1223 2752 pugnan-

166 2739 251 2803 tibus
275 2737 490 2823 inpedimento
514 2749 605 2802 sunt:
628 2734 704 2802 alibi
725 2736 846 2822 praedo,
868 2736 943 2801 alibi
966 2737 1085 2822 proedae
1106 2737 1223 2802 vindex

166 2824 261 2890 cadit.
286 2825 387 2889 Prout
400 2823 488 2888 locus
504 2823 630 2910 Iniquus
644 2843 791 2909 aequusve
809 2821 859 2887 his
878 2834 934 2888 aut
951 2821 1022 2900 illis,
1037 2834 1134 2908 prout
1155 2823 1224 2886 ani-

166 2933 237 2976 mus
259 2910 469 2999 pugnantium
490 2921 547 2988 est,
569 2923 665 2994 prout
690 2929 848 2985 numerus,
872 2907 938 2993 (alii
959 2907 1044 2974 enim
1068 2907 1222 2996 pluribus,

190 3019 262 3062 uam
275 2997 338 3082 ipsi
353 3007 453 3074 erant,
468 2995 522 3060 alii
544 2994 754 3080 paucioribus,
770 2995 990 3078 obcurrerunt)
1005 2990 1092 3059 varia
1105 3015 1147 3080 pu
1194 3015 1223 3060 oe

165 3021 296 3149 lortuna
316 3096 374 3148 est.
399 3082 490 3147 multi
512 3081 607 3146 utrIm
632 3103 671 3145 ue
692 3079 820 3145 cadunt.
862 3081 935 3146 Jam
958 3102 1024 3144 nox
1043 3081 1156 3166 adpete
1180 3092 1222 3158 at,

167 3191 264 3256 quum
289 3168 407 3255 proelio
428 3168 585 3234 excedunt
609 3104 760 3244 iuncos,
784 3187 850 3231 non
874 3165 951 3256 fuga
977 3161 1142 3232 vulnerum
1168 3181 1226 3232 aut

166 3257 286 3334 mortis,
302 3255 357 3320 sed
371 3255 445 3342 quia
459 3254 536 3336 satis,
545 3253 664 3340 praedae
677 3251 847 3318 habebant.

183 3395 187 3402 .
210 3342 308 3408 XLI.
332 3342 550 3407 Romanorum
573 3339 710 3425 primurn
733 3359 845 3426 agmen
868 3352 959 3404 extra
980 3338 1092 3404 saltum
1107 3339 1223 3410 ⁴⁰circu

168 3427 321 3513 templum
345 3426 536 3492 BendidIum
559 3437 661 3490 castra
679 3426 751 3490 loco
770 3439 881 3510 aperto
895 3425 1015 3510 posuit:
1038 3447 1111 3511 pars
1126 3428 1224 3490 altera

168 3513 208 3579 ad
230 3514 403 3579 custodiam
426 3512 710 3596 inpedimentorum
731 3511 838 3576 medio
858 3511 892 3574 ln
914 3511 1003 3589 saltu,
1022 3511 1142 3596 duplici
1163 3512 1225 3576 cir-

168 3600 315 3666 cumdata
330 3598 423 3677 vallo,
440 3599 563 3662 mansit.
608 3597 740 3662 Postero
754 3597 816 3675 die,
832 3597 921 3684 prius
942 3597 1110 3683 explorato
1131 3598 1223 3677 saltu,

168 3708 261 3771 quarn
277 3697 449 3762 moverent,
466 3685 576 3769 primis
590 3705 622 3748 se
637 3685 843 3770 conjungunt.
878 3683 917 3748 In
932 3705 970 3747 eo
984 3684 1108 3768 proelio,
1125 3705 1224 3771 quum
1312 3729 1315 3738 ·

168 3785 201 3837 ct
227 3771 514 3857 inpedImentorum
543 3782 677 3854 pareat
698 3769 861 3846 ..calonum
891 3781 933 3844 et¹
950 3771 1064 3836 milites
1092 3771 1222 3857 aliquot,

167 3879 265 3945 quum
283 3859 397 3943 passim
413 3869 480 3921 toto
502 3877 600 3940 prope
622 3855 704 3919 saltu
725 3867 931 3942 pugnaretur,
947 3857 1139 3934 cecidissent,
1154 3856 1225 3942 plu-

169 3945 284 4009 rimum
300 3944 344 4020 Q.
359 3941 496 4008 Minucii
512 3939 645 4004 Thermi
666 3954 768 4006 morte
781 3941 890 4006 damni
904 3955 950 4008 est
972 3956 1145 4030 acceptum,
1161 3940 1225 4005 for·
1274 3997 1285 4004 .

384 4084 394 4112 ⁸
407 4081 500 4152 (latete
511 4081 587 4126 Grou.
599 4081 666 4126 Cres.
739 4079 748 4112 ²
759 4080 937 4128 incursantibus
946 4082 1011 4128 Eud.

190 4207 233 4260 ,40
252 4195 607 4260 CircatcmplssmBeads‘ds'usa]
620 4197 685 4244 Bes·
717 4196 784 4244 (lidia
804 4197 855 4256 ejtrs
875 4197 938 4244 teria
957 4195 1059 4245 Athenis
1075 4195 1227 4240 vocabantur.

171 4265 219 4324 dis,
230 4270 259 4312 ut
269 4264 352 4312 scribit
362 4263 507 4323 Hesychius,
518 4264 602 4324 lingas
609 4263 685 4308 Thra·
716 4262 851 4320 Turnebus,
861 4261 878 4310 l.
889 4261 956 4309 XIV.
968 4261 1066 4308 Adrers.
1077 4274 1098 4306 c.
1112 4264 1148 4305 11.

169 4345 225 4400 'mm
244 4331 324 4378 Dinns
341 4328 487 4388 appellatur:
504 4329 606 4376 undeet
621 4328 685 4375 Bess-

738 4382 860 4453 'aba
