3126 4978
328 210 389 265 ,stt
723 203 835 264 TlTl
864 203 1000 262 LlVll

171 367 522 446 reuomentem,
544 365 687 454 plerique
711 378 744 432 et
767 366 933 445 vulnerari,
954 378 992 434 et
1010 365 1164 434 iutetiboti
1182 378 1269 448 sunt,
1286 366 1391 456 prino·¹

171 449 239 497 M·
254 451 428 544 ''Q-qm
457 455 618 520 occultum
645 453 770 518 hostem
798 454 952 519 riderent.
998 453 1132 518 Coetmti
1155 455 1212 532 ita,
1236 467 1393 541 quantum

269 569 272 576 ·
332 541 469 609 latitudo
493 541 584 606 vallis
605 531 794 625 patiebatur,
821 539 966 606 instructi
987 540 1142 617 sederant,
1168 553 1204 606 ut
1223 540 1316 608 facile
1334 563 1394 627 per

335 627 502 694 intervalla
513 625 661 692 ordinum
681 624 838 715 fugientes
859 643 933 716 suos
953 627 1140 714 acciperent.
1186 626 1395 715 Consurgunt

334 714 448 780 deinde
468 713 529 798 ipsi
553 715 598 779 int
640 712 842 793 ri,reoentee,
857 713 1023 778 instructi:
1046 724 1079 778 et
1100 713 1134 777 in
1150 711 1257 795 hostes
1273 713 1394 780 inordi-

334 813 437 878 natos,
462 800 586 878 effusos,
645 797 722 864 bore
744 801 839 864 ctiam
864 812 895 864 et
917 799 1100 865 vulneribus
1122 798 1231 878 sessos,
1247 802 1393 886 inpetum

214 957 221 973 ,
336 887 468 952 iaciunt.
513 885 582 952 Nec
608 885 705 954 dubia
733 886 866 950 victorie
890 885 961 950 fuit.
991 885 1150 969 extemplo
1181 898 1270 973 terga
1303 885 1396 954 dedit

336 975 462 1061 tyranni
477 973 583 1038 miles:
606 983 639 1036 et
652 970 740 1036 haud
761 971 869 1058 paullo
886 971 1097 1038 concitatiore
1115 989 1220 1050 cursu,
1236 990 1332 1058 quam
1345 995 1395 1040 se-

336 1059 431 1126 catn's
453 1071 530 1137 erat,
553 1057 690 1146 fugient,
717 1058 757 1125 ad
787 1069 890 1124 castra
918 1069 965 1122 eet
994 1057 1185 1143 compulsus.
1206 1059 1299 1126 multi
1321 1058 1397 1126 cesi
1496 1109 1503 1116 =

337 1146 485 1233 captique
498 1147 532 1210 in
547 1168 585 1209 ea
598 1145 672 1232 iuga
686 1157 770 1212 sunt.
812 1143 859 1208 Et
869 1145 902 1208 in
924 1145 1033 1208 castris
1054 1163 1180 1230 quoque
1200 1147 1283 1210 foret
1297 1147 1397 1231 trepi-
1413 1147 1419 1153 “

337 1232 460 1309 dotum,
474 1233 509 1295 ni
525 1230 744 1314 Philopoemcn
769 1231 908 1314 receptui
930 1231 1001 1297 caui
1022 1231 1163 1316 jussisset
1172 1231 1188 1307 ς’
1203 1230 1274 1298 loce
1295 1233 1398 1320 magis

337 1317 531 1406 confragosa,
546 1331 589 1399 et,
600 1330 797 1404 quecumque
812 1330 929 1382 temere
943 1318 1154 1402 processisset,
1164 1317 1285 1404 inique,
1299 1337 1397 1419 quam

336 1405 471 1484 hostem,
487 1416 640 1470 metuens.
685 1403 764 1468 inde
786 1417 817 1468 et
838 1424 880 1468 en
900 1401 1028 1468 fortuna
1048 1419 1177 1490 pugnae,
1192 1417 1227 1468 et
1246 1421 1286 1472 ex⁴
1306 1425 1398 1492 tuge-

337 1492 394 1557 nio
406 1491 497 1557 ducis
517 1493 704 1578 eonjeotane,
719 1490 752 1554 in
796 1511 840 1554 uo
858 1503 924 1554 tum
947 1489 974 1554 is
996 1512 1112 1575 pavore
1132 1501 1225 1570 esset,
1239 1513 1341 1558 unum
1355 1491 1398 1562 dt

337 1578 543 1644 auxiliaribus
565 1577 668 1663 specie
688 1591 759 1642 tran
791 1598 861 1664 ugae
882 1574 978 1640 mittit
1001 1575 1043 1642 ad
1064 1595 1149 1654 eum,
1165 1577 1221 1662 qui
1235 1595 1295 1662 pro
1309 1599 1398 1643 com·
1444 1578 1448 1586 ’

234 1672 236 1678 ’
338 1677 430 1750 porto
450 1664 606 1730 adferret:
627 1661 764 1728 Acheros
789 1663 932 1726 statuisse
956 1675 1081 1746 postero
1103 1663 1156 1727 die
1178 1663 1219 1728 ad
1241 1663 1396 1732 Eurotam

338 1767 475 1828 amnem,
491 1751 547 1839 qui
568 1766 668 1836 prope
689 1749 765 1834 ipsis
785 1747 895 1814 adfluit
916 1748 1083 1826 moenibus,
1098 1767 1156 1834 pro
1182 1750 1274 1828 redi²,
1290 1763 1326 1816 ut
1338 1751 1398 1816 ‘in-

338 1838 555 1904 tercluderent
571 1837 647 1912 iter3
669 1857 711 1900 ne
733 1847 790 1900 aut
812 1848 978 1918 tyrannus,
990 1857 1088 1920 quum
1107 1771 1210 1914 veliet,
1234 1850 1396 1922 receptum

202 1977 204 1984 -
300 1989 306 1994 .
339 1924 380 1991 ed
394 1924 508 1989 urbem
523 1921 670 1998 haberem
692 1935 748 1986 aut
762 1933 953 1988 commeatus
967 1920 1008 1988 ab
1023 1921 1102 1986 urbe
1121 1922 1153 1986 in
1169 1937 1275 1988 castre
1289 1936 1397 2008 porta·

339 2024 467 2075 tuetur:
490 2007 605 2072 ¹aimul
629 2007 723 2072 etiam
749 2018 936 2084 tentaturus,
962 2007 1134 2092 sinuosum
1161 2009 1257 2074 ammi
1280 2009 1398 2086 sollici·

177 2107 310 2154 cntraoe·
340 2096 402 2161 tari
424 2096 465 2160 ad
488 2092 694 2159 defectionem
720 2117 739 2158 a
764 2105 901 2179 tyranno
924 2107 1061 2178 possent
1107 2093 1182 2158 Non
1208 2107 1273 2161 tam
1298 2091 1397 2168 tidem

175 2172 234 2220 “¹³²
244 2178 326 2234 ‘¹¹¹⁰‘
339 2183 432 2248 dictis
447 2181 577 2267 perfuga
590 2179 673 2257 iecit,
690 2197 784 2266 quam
805 2179 950 2264 perculso
969 2195 1055 2246 metu
1078 2181 1274 2267 relinquendi
1297 2197 1400 2249 castre

177 2249 232 2286 ω
340 2289 481 2334 museum
511 2265 707 2350 probabilem
737 2265 884 2351 praebuit.
943 2265 1077 2332 Postero
1102 2267 1156 2332 die
1179 2267 1282 2354 Pytha
1305 2283 1396 2334 oram

124 2393 127 2395 >
326 2377 411 2422 ⁴cum
427 2352 633 2419 auxiliaribus
648 2368 680 2417 et
700 2352 842 2438 equitatu
857 2352 1024 2418 stationem
1047 2375 1141 2439 agere
1161 2376 1254 2439 prov
1298 2358 1398 2442 ojus-

338 2441 388 2506 sit.
411 2444 486 2526 ipse,
502 2453 663 2522 tamquam
677 2437 711 2504 in
726 2438 823 2504 aciem
840 2453 911 2503 oum
935 2439 1052 2504 robore
1071 2442 1228 2508 exereitus
1242 2459 1397 2529 egressor,
1424 2457 1428 2465 ’

304 2591 306 2596 ,
338 2529 430 2616 signa
443 2528 530 2592 ocius
545 2525 620 2590 ferri
633 2525 674 2590 ad
690 2524 800 2590 urbem
811 2525 914 2611 jusait.

380 2613 499 2680 XXX.
522 2611 752 2697 Philopoemen,
774 2623 941 2697 postquam
966 2612 1098 2678 citatum
1121 2631 1235 2700 agmen
1258 2636 1316 2699 per
1339 2637 1398 2680 an·

337 2712 462 2788 grutam
488 2710 520 2764 et
548 2697 718 2782 proclivem
749 2698 830 2768 viam
859 2699 933 2763 duci
963 2699 1078 2784 raptim
1104 2700 1191 2778 vidit,
1221 2701 1397 2786 equitatum

338 2808 465 2852 omnem
480 2801 512 2851 et
528 2785 727 2852 Cretensium
742 2783 910 2850 auxiliares
924 2783 957 2850 in
972 2786 1138 2852 stationem
1159 2785 1307 2865 bostium,
1323 2809 1397 2875 quae

338 2873 522 2958 prorostris
536 2883 614 2951 erat,
630 2871 754 2937 emittit.
799 2870 862 2948 Illi,
881 2871 933 2936 ubi
950 2871 1055 2936 hostes
1073 2874 1189 2950 adesse,
1204 2887 1235 2938 et
1250 2897 1270 2940 a
1283 2875 1348 2939 suis
1363 2898 1398 2940 se

337 2960 480 3025 desertos
494 2957 653 3039 viderunt,
667 2959 771 3043 primo
793 2959 827 3021 in
851 2970 953 3023 castra
977 2959 1117 3042 recipere
1138 2981 1171 3024 se
1185 2960 1288 3024 conati
1303 2976 1396 3026 sunt:

338 3045 465 3127 deinde,
479 3058 645 3132 postquam
667 3045 825 3109 instructa
845 3045 926 3108 acies
945 3057 1016 3122 tote,
1036 3043 1228 3112 Achaeorum
1244 3045 1397 3112 admove-

338 3132 442 3210 batur,
459 3145 545 3197 metu
567 3153 699 3198 nerum
722 3130 798 3215 ipsis
821 3130 930 3194 castris
952 3145 1148 3214 caperentur,
1164 3133 1250 3218 sequi
1265 3155 1397 3198 suornm

338 3241 451 3308 agmen
476 3217 667 3304 aliquantum
692 3238 903 3304 praegressum
929 3215 1088 3284 insistunt
1133 3217 1306 3303 Extemplo
1334 3223 1398 3284 cae'-

339 3307 413 3370 trati
436 3303 629 3370 Acbae'orum
644 3299 700 3366 ’in
724 3315 826 3368 castra
850 3302 993 3388 inpetum
1013 3297 1145 3381 faciunt,
1160 3319 1192 3370 et
1205 3301 1397 3390 diripiunt·3

337 3391 433 3456 ceteri
444 3392 486 3455 ad
499 3389 734 3476 persequendos
744 3387 850 3454 hostes
862 3391 908 3452 ire
918 3403 1067 3477 pergunt.
1092 3389 1172 3454 Erat
1182 3391 1242 3455 iter
1253 3391 1327 3472 tale,
1340 3415 1399 3478 per

338 3476 424 3562 qnod
441 3478 493 3542 vix
507 3475 712 3564 tranquillum
731 3475 772 3540 ab
794 3474 899 3540 hostili
923 3491 1007 3542 metu
1031 3495 1143 3562 agmen
1167 3477 1310 3562 expediri
1327 3499 1399 3564 pos·

175 3586 293 3636 Funditus
338 3575 396 3630 set
440 3558 488 3628 Ut
507 3585 579 3628 vero
601 3558 642 3628 ad
663 3576 840 3648 postremos
854 3561 1004 3647 proeliam
1024 3575 1129 3629 ortum
1144 3575 1201 3642 est,
1217 3565 1400 3652 clamorque

89 3666 91 3671 ·
173 3653 225 3712 eius
235 3651 322 3700 exeret-
338 3643 488 3714 terribilis
502 3672 521 3713 a
535 3663 625 3740 tergo
639 3650 822 3733 paventium
836 3652 874 3712 ed
892 3649 994 3732 prima
1009 3649 1100 3736 signa
1114 3667 1160 3714 est
1173 3650 1324 3735 perlatus,
1340 3674 1401 3736 pro

174 3723 223 3767 '¹¹¹’
339 3753 372 3802 sc
386 3736 527 3823 quisque,
543 3735 638 3800 armis
653 3729 791 3822 abjectis,
809 3737 840 3800 in
863 3736 1077 3824 circumjectas
1100 3735 1205 3801 itineri
1228 3737 1319 3805 silvas
1338 3739 1400 3804 ois-

515 3877 530 3906 e
543 3855 752 3936 procedebatur,
762 3875 830 3921 crev.
905 3861 1221 3938 ²etrttrtpr‘untiet'0rav·
1332 3907 1336 3926 ι

372 3996 384 4036 t
401 3989 483 4037 Simul
497 3989 571 4036 etium
587 3987 732 4052 tutamur]
746 3991 851 4037 Revoce-
883 3989 949 4041 nott
960 3995 1015 4052 port
1026 3989 1155 4052 riserint
1165 3991 1275 4040 inserunt
1285 3991 1344 4040 orer
1355 4007 1400 4040 ro-

336 4067 391 4104 nna
428 4059 532 4102 reterorn
565 4056 682 4104 editonnn
717 4056 851 4113 lectionem,
883 4069 922 4102 oea
943 4063 967 4102 et
988 4057 1116 4117 dntpuer.
1159 4057 1207 4104 Sari
1227 4058 1274 4104 illa
1292 4063 1319 4104 et
1337 4059 1401 4106 male

335 4129 406 4182 quatu
423 4126 506 4168 tuetur
522 4120 587 4168 Viot.
612 4122 673 4170 Eam
692 4121 788 4166 Modinr
806 4121 852 4167 im·
883 4127 1018 4168 uexusunt
1028 4135 1082 4168 eam
1093 4123 1288 4181 precedentibus,
1301 4137 1346 4172 nco
1359 4138 1400 4174 cu

334 4186 690 4246 mutaverat,jursoratquelegi
703 4189 850 4232 tentatum.-
882 4185 945 4232 ullus
964 4201 979 4232 a
1005 4186 1165 4234 Gwaoriania
1187 4188 1257 4236 MSS·
1280 4190 1400 4254 agnoscit,

333 4262 388 4312 que
405 4252 475 4299 nobit
484 4265 567 4314 ροηιι
585 4252 641 4299 felix
655 4250 852 4297 emendationes
882 4261 932 4300 non
943 4251 1006 4296 Vtut.
1018 4265 1066 4298 non
1085 4253 1185 4300 Heernii
1201 4254 1270 4300 cuod.
1281 4265 1330 4300 non
1347 4255 1399 4302 An-

333 4322 378 4364 «ι,
881 4315 943 4361 orere
969 4315 1050 4364 editio.
1085 4319 1168 4380 ltaque
1193 4319 1304 4368 delendae
1331 4321 1400 4370 ouri·

368 4381 432 4428 ern
441 4388 519 4430 cartre
527 4381 754 4442 impeturnsuct'utttt
767 4379 850 4442 ueteri]
882 4394 942 4430 mut.
1150 4389 1154 4396 '
