3042 4954
425 189 521 250 nro.
540 188 658 252 xxxa
685 189 788 253 oar.
809 173 866 248 ιιι.
1143 201 1176 252 11

109 355 142 418 in
167 355 265 419 armis
287 354 366 435 esse),
386 355 579 424 trucidanda
593 353 726 438 'objicere
751 355 835 431 velit,
851 363 882 419 el
902 363 992 419 tanta
1013 373 1070 420 aaa
1094 357 1326 424 seleucus.

97 439 169 524 jam
185 435 309 530 irqlalos
322 441 445 507 eccidio
458 442 586 510 cronia
598 439 751 511 mana
761 463 874 527 augme
887 441 1017 524 hostium
1031 443 1159 508 animos.
1192 441 1221 488 Α·
1230 441 1259 490 ⁰·
1271 448 1329 490 2⁰⁰·

152 527 218 592 XI.
242 527 304 594 His
324 527 425 594 literis
442 526 811 604 recitatis-decreverunt,
830 540 864 592 ut
881 526 919 592 G.
935 526 1089 593 Aurelius
1104 551 1182 594 con·
1213 535 1217 558 ¹

18 607 19 656 l
107 613 157 678 sul
184 614 372 694 exercitum,
394 614 449 681 cui
469 613 537 678 ⁴⁷in
564 613 727 680 Etruriam
754 614 793 678 ad
820 615 1074 680 convenlendum
1096 615 1182 682 diem

105 700 260 780 edixerat,
277 701 419 766 Arimini
444 701 553 768 eadem
576 701 629 766 die
654 701 763 769 adesse
782 701 963 781 ‘uberct,‘et
985 714 1041 771 aut
1061 704 1183 786 ipse,si

106 809 163 938 qer
177 787 592 874 commodum'reipublicae
613 801 729 874 posset,
744 723 791 852 ad
808 787 1054 873 obprimendam
1070 789 1183 854 48Gal·

120 875 204 940 'cum
220 875 394 940 tumultum
416 874 687 960 proficisceretur3
710 885 766 940 aut
781 875 822 940 L.
840 875 938 940 Furio
958 877 1091 960 praetori
1106 876 1184 940 scri·

105 961 205 1040 beret,
224 974 273 1042 ut,
289 983 388 1048 quum
404 961 447 1028 ud
460 975 533 1028 eom
554 961 695 1048 legiones
718 983 757 1028 ex
775 961 906 1028 Etruria
920 961 1090 1040 venissent,
1106 963 1184 1030 mis·

18 1075 19 1078 ¹
105 1048 147 1112 sis
160 1049 196 1112 in
211 1048 316 1114 vicem
334 1057 449 1114 'eurum
468 1049 612 1135 quinque
627 1048 767 1114 millibus
789 1049 958 1126 sociorum,
975 1051 1031 1134 qui
1054 1050 1181 1116 interim

107 1135 250 1200 Etrurine
274 1135 430 1220 praesidio
455 1149 569 1215 essent,
591 1135 844 1220 proficisceretur
866 1136 933 1220 ipse
957 1135 996 1200 ad
1023 1136 1180 1202 coloniam

105 1221 307 1288 liberandam
323 1221 498 1289 obsidione.
544 1225 681 1305 Legatos
703 1223 777 1288 item
801 1221 973 1290 mittendos
988 1223 1022 1289 io
1039 1222 1179 1290 Africam
1189 1243 1338 1299 mariun-

104 1322 310 1386 ceusuerunt,
326 1309 453 1376 eosdem
471 1308 715 1396 Karthaginem,
732 1310 858 1376 eosdem
881 1310 913 1379 in
930 1309 1118 1374 Numidiam
1140 1309 1309 1386 ,delatum

106 1393 326 1464 Masinissam.
380 1394 622 1484 Karthaginem,
654 1409 690 1461 ut
726 1396 925 1474 nunciarent,
956 1399 1049 1462 civem
1079 1419 1180 1464 eorum
1189 1387 1263 1424 aaa

106 1483 325 1548 Hamilcarem
339 1485 478 1552 relictum
489 1485 524 1547 in
537 1483 657 1560 Gallia,
672 1483 697 1524 ⁴⁹
705 1485 791 1548 haud
802 1487 880 1548 satis
893 1485 972 1548 scire
985 1493 1023 1548 ec
1035 1484 1182 1550 Hasdru-

104 1569 184 1634 balis
193 1572 299 1652 priter,
314 1591 358 1634 an
370 1593 410 1634 ea
425 1569 576 1655 Magonis
590 1580 703 1654 postea
717 1571 861 1646 ecercr'tu,
877 1570 984 1634 bellam
1002 1572 1182 1656 contrafec-

105 1658 161 1720 dar
177 1659 304 1741 facere.
348 1657 514 1722 Eaercitus
542 1657 702 1722 Gallorum
729 1657 938 1741 Ligurumque
967 1657 1111 1722 cecinisse
1138 1659 1184 1720 cd

104 1763 193 1806 arma
212 1753 323 1808 caedra
340 1745 489 1828 ροριιῐαιι
505 1743 686 1811 Romanam.
710 1765 786 1820 enm,
801 1744 831 1808 si
843 1763 913 1825 pac
929 1743 1079 1824 placeret,
1096 1765 1182 1808 rmo-

105 1831 237 1894 candam
248 1830 324 1907 illis,
334 1840 365 1896 et
374 1831 541 1894 dedendum
549 1833 668 1914 popule
676 1832 819 1896 Rorncrm
828 1851 907 1894 esse.-
922 1829 1018 1896 simul
1027 1829 1183 1896 nunciare

18 1947 19 1950 ¹
100 1915 191 2000 jussi,
201 1916 357 2001 peqfngas
369 1917 431 1982 sibi
444 1939 506 1980 nan
520 1935 620 1982 omncs
633 1919 770 1982 redditos
784 1939 861 1982 esse.-
884 1931 937 1982 ace
950 1937 1092 2001 magnam
1101 1939 1183 2000 par·

105 2012 162 2066 tem
175 2025 280 2068 eorum
290 1999 401 2085 palam
411 2003 608 2088 Karthagini
618 2004 774 2069 obuersari
788 2004 868 2066 dici.-
883 2025 955 2088 quos
969 2005 1184 2086 comprehendi

18 2111 19 2164 ι
104 2091 306 2190 conquirique
319 2090 436 2168 ebbae,
452 2100 487 2154 at
501 2089 563 2154 sibi
577 2091 750 2172 enfoedere
772 2091 985 2154 restituantar.
1032 2089 1118 2154 Haec
1140 2091 1179 2156 ad

106 2174 397 2262 Karthagmienses
414 2175 574 2245 mandata.
619 2175 802 2242 Masinissae
824 2176 978 2260 gratulari
995 2177 1263 2262 jussi,qu0d1toen
1275 2190 1306 2238 eu

104 2284 165 2326 non
170 2265 315 2346 patrium
326 2265 413 2328 modo
423 2273 630 2346 recuperasset
639 2285 774 2348 regnum,
784 2265 847 2340 sed,
854 2265 1180 2351 parteflorentissima
1188 2255 1301 2370 wi*

44 2351 49 2360 “
104 2350 254 2434 Syphacis
262 2351 382 2434 finiam
403 2349 536 2435 adjecta
557 2351 651 2416 etiam
673 2353 818 2416 ausisset.
844 2351 999 2416 nunciare
1022 2363 1180 2435 'praterea
1240 2351 1247 2366 '

101 2435 190 2520 jussi,
207 2437 318 2502 bellum
332 2459 397 2502 cum
419 2461 491 2522 rege
508 2438 659 2520 Philippo
680 2447 856 2520 susceptum,
872 2440 955 2522 quod
968 2437 1180 2522 Karthagini·

105 2545 186 2588 enses
201 2522 486 2607 armiliisjuoissets
507 2523 698 2608 injuriasque
713 2524 874 2608 irq‘creudo
887 2525 978 2589 sociis
985 2527 1100 2607 populi
1115 2525 1184 2589 Ros

105 2612 198 2686 mani,
214 2607 244 2650 ⁵⁰
252 2612 408 2700 hagrante
422 2611 500 2674 bello
515 2610 637 2687 ltalia',
649 2607 794 2694 coimsset'
804 2612 913 2675 classes
927 2614 1135 2696 exercitusque
1146 2614 1181 2676 in

109 2695 268 2761 Graciam
287 2699 388 2770 mitri,
413 2707 453 2775 et,
469 2698 645 2762 distinendo
660 2699 777 2779 copias,
792 2718 898 2762 caussa
915 2700 1061 2780 inprimis
1062 2699 1182 2782 ficisset

106 2783 201 2847 serires
217 2784 253 2846 in
268 2783 413 2868 Afiicam
427 2783 616 2868 trajicimdi.
660 2781 865 2863 ⁵¹Peterequt
879 2786 923 2846 ad
937 2787 973 2846 id
986 2785 1093 2847 bellum
1109 2787 1182 2848 mit-

105 2878 182 2933 teret
203 2872 330 2934 ancilia
353 2870 559 2934 Numidarum
584 2870 726 2953 equitum.
772 2867 870 2932 Dona
885 2869 992 2954 ampla
1007 2870 1090 2945 duta,
1107 2891 1179 2954 qum

106 2953 225 3020 ferrent
248 2956 328 3043 regi,
351 2979 425 3021 vasa
449 2979 546 3020 aurea
571 2967 795 3040 argenteaque,
817 2951 844 2992 ⁵²
854 2967 928 3040 toga
953 2975 1125 3040 purpurea,
1149 2971 1181 3020 et

106 3041 245 3125 palmata
264 3044 373 3106 tunica
387 3065 460 3108 cum
476 3043 618 3108 eburneo
633 3042 784 3127 scipione,
801 3053 832 3106 et
848 3054 923 3129 toga
937 3052 1092 3126 praetexta
1105 3063 1180 3106 cum

105 3128 209 3194 curuli
230 3129 324 3194 sella:
342 3130 486 3216 jussique
513 3129 668 3214 polliceri,
690 3128 753 3193 ⁵³si
778 3131 855 3213 quid
879 3132 909 3192 ei
929 3131 974 3192 ad
984 3130 1179 3212 sternendum

356 3257 409 3297 ‘cc
418 3251 463 3298 del.
475 3249 551 3300 Gran.
563 3252 634 3300 (διον.
731 3242 743 3282 f
754 3249 838 3298 Italic
848 3251 923 3298 Gran.

136 3353 167 3396 ιι
184 3347 220 3394 In
230 3347 375 3410 Etruriam]
396 3349 503 3397 Andreas
516 3351 627 3398 hebetia
660 3349 757 3398 bellant.
777 3349 835 3395 Non
846 3349 975 3416 tarpeaim
986 3347 1068 3396 Livius
1078 3349 1103 3395 in
1116 3349 1181 3396 bunc

105 3413 227 3460 Etruria.-
244 3415 308 3473 qnod
319 3415 394 3470 magia
404 3416 490 3476 placet.
515 3417 627 3478 Sequitur
658 3415 756 3462 modam
767 3414 843 3461 variat
852 3414 993 3461 orationem.
1020 3414 1060 3462 Sic
1071 3416 1087 3463 l.
1096 3415 1180 3462 XXX.

106 3480 168 3528 enim
177 3479 299 3526 Arimini.
541 3513 542 3516 ι
659 3495 740 3540 supra,
753 3495 774 3528 c.
786 3485 827 3528 41.
844 3479 952 3526 Proetora'
961 3481 1001 3527 M.
1014 3481 1111 3528 Valeria
1122 3481 1181 3528 Fal·

135 3543 188 3592 ιε’
200 3545 322 3592 Gallicum
340 3543 482 3612 tumultum]
501 3547 557 3596 vio.
574 3551 625 3595 not.
659 3547 712 3594 toni
724 3547 778 3592 daec
794 3546 900 3605 legiones
912 3575 919 3593 .
930 3577 938 3593 .
950 3579 957 3593 .
969 3547 1076 3594 decreta.
1092 3545 1123 3590 P.
1132 3547 1181 3592 Ε·

107 3616 143 3658 52.
154 3611 184 3658 erl
196 3610 254 3657 v11.
267 3616 291 3659 9.
619 3643 623 3652 ·
658 3614 706 3658 lius
715 3617 806 3674 praetor
814 3611 874 3658 duae
884 3612 990 3672 legiones
1002 3644 1008 3658 .
1018 3645 1025 3659 .
1035 3646 1041 3661 .
1053 3613 1178 3672 acciperet.

136 3681 167 3724 49
184 3675 265 3723 Harrei
271 3677 334 3724 ratr'r
346 3673 420 3738 scire]
440 3677 491 3728 Qui
505 3685 586 3726 utrum
598 3693 627 3726 ex
657 3677 691 3724 m
702 3677 718 3723 l.
731 3677 775 3722 IX.
788 3690 808 3722 c.
822 3681 844 3720 2.
862 3677 958 3724 Milites
969 3678 1046 3724 &cena
1055 3685 1180 3738 partorum

106 3740 254 3800 Asdrubalis,
266 3755 296 3788 uu
308 3757 337 3790 cx
349 3743 460 3804 Magonis
473 3745 578 3790 exercitu
589 3757 625 3790 rc-
657 3743 742 3790 halitu
752 3743 841 3799 mittit,
850 3757 980 3804 pecoraque
990 3743 1092 3790 diuersos
1102 3744 1179 3790 alium

106 3805 174 3854 betae
185 3812 259 3866 aret,
271 3821 331 3862 aere,
344 3821 429 3869 nempe
440 3809 571 3864 Romanor,
583 3823 625 3872 ps·
657 3809 718 3854 artur
729 3839 736 3856 .
748 3841 755 3855 .
765 3837 772 3852 ·
781 3820 881 3868 pascere
887 3809 973 3870 jubet.-
990 3809 1033 3856 ule·
1046 3811 1179 3856 inciderent

106 3885 155 3920 rum
167 3871 235 3920 scire.
658 3875 685 3920 in
696 3873 851 3934 proedmorer,
862 3880 890 3920 ut
907 3874 970 3920 iclem
985 3876 1179 3922 mirream

136 3943 167 3984 so
184 3939 320 3999 flagrante
337 3938 396 3984 telo
409 3935 499 4002 Irata]
520 3941 624 3986 nevam-
657 3945 755 3986 maen.
789 3939 822 3984 Et
832 3939 889 3986 aubi
900 3940 994 4000 rapina.

106 4003 179 4051 rinos
196 4009 255 4050 rett-
271 4005 391 4052 alborum
407 4005 543 4063 lectionem,
555 4019 625 4066 qnam
692 4011 724 4051 aa
742 4004 811 4065 Toga
823 4019 945 4066 purpurea
955 4011 979 4051 et
992 4006 1102 4066 placata
1113 4005 1179 4052 mai·

106 4073 184 4116 tuetur
195 4070 287 4116 Victor·
303 4071 358 4118 aad.
391 4069 470 4126 Vulgo
486 4084 551 4117 nunc
568 4071 626 4134 legi·
658 4067 699 4134 ca]
715 4071 770 4117 Vim
786 4075 849 4116 nott.
859 4075 898 4116 28.
915 4075 992 4120 etv.
1007 4071 1178 4118 sd1.x.c.r·

108 4134 244 4183 turltrdiae.
440 4175 451 4182 ..
659 4137 765 4198 Detege
776 4141 889 4196 pretextu
900 4137 1079 4184 etecllaeurnli
1090 4134 1178 4180 via-ed

139 4206 165 4245 ιι
183 4201 278 4260 Petere,
291 4207 321 4247 at
332 4199 366 4246 ad
380 4200 408 4246 irl
416 4195 512 4264 bedam]
529 4201 568 4248 Sic
581 4201 626 4257 lesi
660 4203 676 4249 l.
688 4201 707 4247 l.
720 4217 740 4249 c.
756 4208 778 4248 8.

108 4261 174 4319 jurae
191 4267 342 4323 Gronovius,
359 4271 389 4311 nt
408 4267 510 4326 pendeat
528 4267 626 4314 verbum
692 4275 722 4315 oo
739 4268 770 4313 Si
781 4267 841 4330 qaid
853 4265 892 4331 ei}
904 4266 964 4320 Iege
981 4279 1035 4312 cnm
1047 4262 1179 4315 Gronorio.

110 4341 125 4386 ⁸,
145 4334 290 4389 omacdcnte
307 4331 384 4392 jurei.
425 4333 521 4378 Poterat
544 4337 626 4380 tuanen
659 4335 714 4380 sili.
747 4335 835 4380 Sensus
852 4333 915 4378 cuim
928 4345 978 4377 esre
988 4329 1074 4375 debete
1091 4328 1111 4373 ai
1121 4329 1179 4389 quid

112 4389 159 4443 tem
171 4405 298 4460 peterent,
305 4397 423 4458 quomodo
435 4397 500 4458 prius
512 4398 569 4446 editi
585 4399 626 4446 ba·
660 4400 705 4448 sibi
716 4399 845 4458 liminiana
854 4411 915 4457 opus
925 4394 1127 4453 ersejurlicmset..
