3104 4976
313 150 371 234 iou
705 173 979 268 T1r1n1vrr

88 325 95 340 ⁰
154 337 188 386 U·
198 337 226 386 θ·
238 343 293 389 ⁵⁵⁷·
315 337 486 412 ecmonus
499 336 680 402 clarissimas
693 333 789 416 urbes,
805 337 921 404 lumino
934 337 1085 424 quardam
1101 337 1241 418 Gracioe,
1252 342 1306 406 rub
1316 365 1373 424 pe·

154 403 223 452 Μ·
238 407 291 452 ¹⁹⁵¹
316 424 401 498 diburs
425 423 481 486 tuis
506 424 720 508 relinquemus,⁴
737 423 825 509 ⁹quee
851 424 968 488 titulum
986 425 1072 498 nobis
1092 426 1225 492 liberatae
1240 425 1371 492 Gracia

316 510 477 574 servientes
501 508 693 591 deforment?
717 510 760 575 Ar
784 511 862 574 euim
890 532 953 576 arm
978 512 1119 596 Philippo
1142 513 1252 598 Argivi
1272 534 1377 579 scisse·

316 605 394 664 ruat.
440 595 627 668 Remittimus
640 597 695 659 boc
709 597 769 672 tibi,
785 605 970 660 rreuostram
985 599 1078 662 oicem
1097 599 1247 666 irascaris.
1289 599 1373 666 Satis

316 691 494 764 compertum
510 682 661 760 babemus,
675 684 810 760 duorum,
826 693 879 748 aut
892 704 1039 748 summum
1054 685 1145 750 trium
1158 685 1190 750 iu
1204 707 1241 762 eo
1254 707 1298 763 re,
1313 707 1371 758 nou
1468 735 1472 742 .

316 767 454 844 ciuitatis,
470 768 583 849 culpam
606 789 684 832 esse.-
705 777 780 845 tom,
798 768 921 846 Hercle,
937 767 962 808 ¹⁰
973 791 1065 854 quam
1078 771 1111 834 iu
1124 781 1155 836 te
1174 785 1281 856 tuoque
1291 791 1372 854 prae-
1406 789 1411 795 ·

315 853 393 917 sidio
407 857 580 920 arcessenda
595 853 823 938 accipiendoque
836 855 870 918 iu
882 877 979 920 arcem
992 857 1066 920 nibil
1083 855 1124 920 sit
1143 858 1257 938 publico
1277 859 1372 922 cousi·

317 939 355 1004 lio
376 949 489 1011 actum.
537 940 709 1017 Thessalos,
725 950 753 1004 et
772 940 949 1017 Plroceases,
965 951 995 1015 et
1012 942 1187 1020 Locrenses,
1200 942 1224 982 ¹¹
1234 964 1374 1008 musensu

317 1026 445 1090 omnium
466 1026 573 1090 sciurus
591 1026 727 1108 partium
747 1026 882 1108 Philippi
895 1024 1010 1108 fuisse.
1032 1027 1058 1066 ¹²
1068 1038 1168 1092 tamen
1180 1049 1275 1113 *quam
1296 1039 1372 1094 cete·

316 1131 381 1179 ram
397 1111 616 1178 liberaverimus
633 1111 797 1189 Graciam,
812 1113 886 1196 quid
897 1115 1017 1178 taudem
1028 1136 1125 1178 cerices
1136 1114 1170 1180 iu
1178 1115 1312 1200 Argiuis,
1322 1117 1373 1200 qui
1445 1119 1448 1122 ’

316 1198 446 1266 insontes
456 1198 570 1281 publici
591 1199 703 1262 consilii
721 1198 793 1276 siut,
801 1197 964 1279 facturos?
1008 1201 1171 1266 Seuerum
1190 1203 1233 1266 ad
1251 1201 1371 1268 liberta·

317 1294 377 1348 tem
390 1295 571 1362 vocatorum,
587 1295 615 1348 et
629 1285 783 1369 egentibus
804 1285 966 1360 homiuibus
980 1287 1051 1370 agri
1073 1287 1159 1352 diuisi
1179 1287 1305 1352 crimina
1320 1287 1374 1353 tibi

315 1367 404 1454 objici
417 1371 550 1434 dicebas.
564 1391 623 1434 uoa
638 1370 758 1454 quidem
779 1391 832 1436 aec
849 1371 917 1453 ipsa
942 1372 1123 1436 mediocria.-
1144 1374 1199 1437 sed
1215 1374 1292 1459 quid
1312 1375 1371 1438 isto

316 1467 385 1520 sicut
395 1477 462 1538 prae
474 1457 521 1535 iis,
535 1478 598 1540 qua
612 1477 633 1519 a
649 1465 678 1520 te
693 1457 807 1542 tuisque
820 1457 947 1541 quotidie
966 1458 1031 1522 alia
1052 1479 1142 1540 super
1160 1457 1378 1542 aliasociuora

307 1540 469 1610 -eduumrt
482 1542 601 1608 trube
612 1543 733 1607 liberam
742 1542 906 1608 concionem
916 1544 964 1608 uel
972 1543 1078 1629 Argis,
1090 1545 1372 1623 uelLacedamoue,

315 1626 560 1712 siaudirejuoat
572 1649 643 1694 vera
663 1629 872 1712 dominationis
892 1629 1135 1712 inpotentissimoe
1146 1631 1281 1696 crimina.
1330 1633 1373 1696 Ut

318 1715 418 1784 omnia
432 1715 497 1780 alia
511 1715 670 1778 uetustiora
686 1715 832 1792 omittam,
848 1736 938 1798 quam
953 1718 1063 1780 cadem
1069 1718 1166 1803 Argis
1179 1719 1375 1804 Pythagoras

314 1803 372 1866 iste
383 1823 477 1886 gener
491 1811 558 1865 tuus
569 1822 644 1882 pene
657 1801 688 1864 iu
707 1801 798 1866 oculis
811 1801 885 1864 meis
898 1801 1011 1865 edidit?
1035 1802 1124 1888 ptam
1145 1814 1177 1868 tu
1195 1803 1267 1886 ipse,
1282 1825 1375 1889 quum

307 1885 379 1972 jam
395 1909 490 1970 prope
503 1888 534 1952 iu
545 1887 659 1966 fluibus
672 1876 1100 1953 Locedaemouibrumessem?
1135 1891 1286 1974 Agedum,
1301 1911 1377 1974 quos

316 1975 347 2037 in
361 1973 499 2038 concione
513 1973 744 2054 comprehensos,
757 1973 900 2038 ,omuibus
921 1973 1107 2039 audientibus
1126 1976 1237 2040 ciuibus
1258 1976 1327 2054 tuis,
1342 1978 1375 2040 ia

316 2059 449 2122 custodia
464 2060 672 2124 tetraditarum
687 2079 751 2123 esse
761 2057 1058 2142 prourruciasti,jube
1078 2061 1191 2126 uinctos
1200 2063 1327 2144 produci
1339 2073 1375 2128 ut

316 2144 418 2210 eruor·
428 2155 577 2227 parentes,
593 2141 762 2228 quossalso
778 2145 897 2230 lugeat,
917 2145 1011 2236 uiuere
1023 2143 1128 2212 sciant.
1171 2147 1217 2212 At
1231 2145 1342 2212 ¹⁸euim
1353 2150 1372 2226 ‘,

317 2228 425 2316 utp‘am
439 2231 484 2295 ita
504 2232 561 2296 siut
584 2231 656 2310 bueo,
672 2233 744 2314 quid
765 2234 807 2296 ad
827 2251 891 2311 vos,
905 2231 1064 2295 Romami?
1089 2234 1159 2298 Huc
1181 2243 1213 2298 tu
1237 2234 1321 2300 duas
1336 2234 1374 2298 li·

217 2315 230 2334 '
317 2317 493 2392 berautibus,
509 2315 686 2382 Graciam?
710 2317 763 2382 luoc
784 2317 829 2396 iis,
853 2317 912 2402 qui,
934 2327 969 2382 ut
988 2317 1113 2384 liberare
1136 2330 1268 2401 possent,
1291 2341 1376 2386 mare
1422 2359 1425 2367 ·

318 2402 506 2487 trajecerunt,
529 2413 609 2468 terra
631 2405 765 2488 murinae
784 2413 941 2489 gesseruut
955 2404 1090 2468 bellum?
1120 2405 1177 2470 Vos
1203 2408 1375 2494 tauromin-

317 2491 393 2572 quis,
409 2489 770 2574 uestramqueamicitiam
786 2511 823 2553 ac
836 2489 1008 2554 societatem
1028 2491 1150 2574 proprie
1169 2513 1229 2556 nou
1249 2493 1373 2572 moloni,

320 2576 442 2650 Quoties
459 2576 504 2640 oie
523 2585 551 2639 te
576 2576 610 2638 id
634 2596 765 2660 arguam
779 2572 917 2656 secisse?
942 2575 1003 2640 sea
1027 2577 1093 2641 uolo
1114 2577 1270 2660 pluribus.-
1293 2599 1374 2643 suur-

318 2681 403 2730 mam
423 2684 486 2727 rem
503 2661 690 2744 cornplectar.
713 2660 715 2663 ’
734 2661 760 2706 ¹⁴
773 2663 886 2744 Quibus
907 2662 1003 2748 igitur
1020 2663 1106 2730 rebus
1122 2665 1259 2730 amicitia
1280 2665 1377 2740 uiola-2

606 2863 627 2902 .f
642 2871 718 2934 Enim
729 2885 772 2934 pro
782 2873 820 2918 Ae
829 2874 893 2920 euim
910 2873 984 2920 Gron.
997 2873 1065 2920 Grer.

351 3041 458 3098 μου
475 3037 582 3102 titulum]
616 3040 677 3090 Ques
704 3039 831 3086 servientes
863 3038 990 3095 geminatio
1008 3039 1129 3100 particula
1149 3053 1211 3092 cum,
1231 3039 1272 3099 qni
1292 3041 1376 3088 deinde

318 3109 449 3155 deforment
468 3107 565 3167 glorium
584 3119 653 3166 qaum
672 3105 740 3152 nobis
759 3120 787 3151 ex
804 3105 832 3152 li·
865 3103 932 3150 nobie
948 3105 1009 3166 hauc
1027 3119 1078 3164 quae
1095 3105 1279 3161 vaporabatur
1296 3105 1377 3156 lectio-

317 3175 398 3221 berete
409 3170 643 3222 Grrecintribnimus.
865 3182 918 3214 nem
937 3170 1058 3215 invexerit
1091 3169 1136 3216 Sed
1159 3170 1240 3217 Liriur
1259 3167 1394 3220 minutam*

352 3245 382 3294 10
401 3237 478 3293 Quam
489 3267 496 3284 .
509 3267 515 3282 .
564 3235 628 3282 uidit
637 3229 682 3296 rit]
694 3234 770 3295 Magis
782 3235 832 3294 pta·
865 3234 926 3280 hene
943 3234 968 3280 in
990 3233 1138 3280 dimetiendis
1160 3232 1256 3296 ryltebir
1277 3237 1377 3298 diligen.

318 3308 390 3358 ceret,
406 3317 476 3363 quum
494 3301 556 3346 nibil
571 3315 630 3358 esse,
648 3305 675 3346 ut
688 3300 776 3347 hebent
791 3313 830 3346 re·
863 3299 921 3344 tium
944 3300 1082 3359 plerumque
1104 3300 1250 3360 dedignatur.
1284 3301 1308 3346 Si
1335 3304 1374 3349 cui

317 3367 429 3414 iustiores
440 3367 505 3420 editi,
516 3370 576 3413 teste
588 3364 717 3412 Gronovio.
862 3368 943 3410 temen
959 3364 1010 3410 hoec
1020 3365 1122 3412 mutatio
1138 3365 1249 3412 audacior
1260 3365 1376 3426 videntur,

352 3432 530 3478 irremoeuo
560 3427 676 3490 ommium]
716 3427 830 3476 Unanimi
863 3429 935 3489 leget,
958 3431 1077 3489 quomodo
1100 3431 1208 3476 Andreas
1234 3430 1319 3477 edidit:
1340 3437 1377 3478 tu-

318 3509 414 3544 numum
447 3497 569 3544 civitatum
605 3507 737 3554 consensn3
765 3491 832 3541 nullo
864 3509 919 3540 meu
929 3502 1069 3542 camertem
1083 3493 1186 3556 (ruppte,
1197 3501 1248 3552 eos)
1266 3496 1376 3544 liberaui-

317 3562 472 3623 diecrepente.
488 3561 541 3610 Vid.
558 3567 608 3608 not.
627 3567 667 3610 99.
685 3559 745 3608 nde.
758 3566 831 3606 5.rn-
864 3575 918 3605 mus
926 3561 1026 3607 Gracia
1061 3560 1128 3616 Quid
1135 3560 1230 3606 taudem
1240 3574 1324 3607 censes.
1374 3609 1377 3618 Δ

317 3641 367 3688 pra.
899 3631 927 3673 18
945 3625 1129 3686 Enim,utj1cm
1140 3626 1176 3672 ita
1183 3627 1234 3672 ciat
1245 3621 1307 3688 bec]
1322 3627 1375 3676 virt

352 3698 382 3738 12
400 3692 500 3749 Taurea,
521 3706 592 3752 quum
611 3689 722 3752 ceteram]
742 3690 767 3736 si
779 3689 831 3749 quir
864 3694 914 3736 nou
924 3691 954 3736 ed
964 3691 981 3737 1.
993 3689 1124 3738 xxl11.e
1136 3697 1175 3737 ⁴5.

317 3756 370 3803 hren
395 3761 487 3803 attente
512 3756 602 3812 legerit,
630 3756 698 3802 tacite
719 3759 832 3816 agnoscet
898 3761 927 3801 14
946 3755 1199 3817 Quibusigr’turrebur
1208 3754 1376 3802 amicitiario·

318 3835 368 3882 non
388 3822 427 3868 hic
444 3821 602 3882 argumentari
622 3821 750 3872 Quintium
769 3834 784 3866 e
801 3816 831 3865 ti·
863 3817 944 3866 laturi
965 3821 1055 3880 Nempe
1081 3820 1118 3868 bie
1145 3821 1236 3868 duabus
1261 3815 1378 3882 marimo]

317 3886 409 3934 bertute
429 3887 475 3934 toti
493 3887 589 3932 Gracioe
609 3886 758 3942 reddite,eed
776 3891 830 3931 tan·
865 3885 1149 3945 Hisquoquepnrnimnr
1166 3882 1377 3940 vicaoottetve-

317 3952 440 4002 tummodo
467 3965 482 3998 n
514 3951 617 3999 liberatis
650 3951 780 4008 Thessalis,
806 3953 831 3995 et
862 3950 981 4010 tantisque
999 3951 1084 4011 editis3
1102 3965 1117 3998 n
1135 3951 1220 4011 quibui
1240 3951 1303 3997 head
1320 3949 1378 3996 entis

316 4017 485 4072 Phocentihnr,
500 4022 526 4063 et
537 4016 702 4072 Locrensibus,
718 4016 759 4075 qui
774 4028 831 4060 con·
862 4015 969 4061 videmur
993 4029 1035 4062 cur
1055 4017 1199 4062 dissentiunt
1219 4013 1379 4066 Groncrinnoe

317 4084 422 4144 spirante
443 4083 565 4129 civitatum
595 4094 690 4128 onerum
712 4093 830 4126 consensu
862 4080 986 4138 editiones,
998 4093 1050 4139 quse
1066 4082 1138 4140 penio
1155 4080 1313 4129 obscuriorem
1331 4079 1380 4126 lec·

316 4163 370 4198 cum
393 4145 502 4208 Phiiippo
524 4151 652 4192 senserunt.
680 4143 769 4204 ¹Itaque
796 4144 831 4190 ri·
863 4145 952 4190 tionem
990 4145 1129 4204 presserunt:
1168 4145 1260 4201 (loibum
1300 4145 1380 4206 igitur·

315 4215 385 4260 detur
402 4214 525 4274 legendnm
545 4225 604 4267 erte,
626 4210 705 4266 Quum
723 4225 761 4256 eor
778 4223 831 4254 eum
863 4209 973 4256 amicitia
990 4209 1110 4258 uiolatum?
1131 4211 1222 4273 Nempe
1235 4210 1275 4258 bie
1290 4209 1380 4258 tumor

317 4285 394 4325 cetero
419 4278 595 4325 liberaverimus
630 4276 729 4338 Gracia
773 4275 830 4320 For·
862 4273 931 4322 rebus
941 4275 1052 4322 manime.

316 4357 359 4390 ren
378 4343 514 4391 delicatulus
534 4340 632 4398 alicujus
650 4353 716 4388 eures
730 4337 831 4387 'offendit
