3082 4976
451 173 476 232 L
488 175 546 234 i'Bt
567 173 633 232 XL.
654 173 713 232 CA
727 173 757 232 P.
781 172 847 232 XV.
1126 168 1183 236 467

114 353 174 418 que
188 337 311 400 minime
325 338 421 402 melus
435 359 473 401 oc
485 340 627 420 suspicor
630 338 754 422 frater,
772 335 860 402 Nihil
874 335 962 400 aliud
978 334 1054 411 scio,
1070 336 1181 419 inquit,
1194 348 1225 394 υ.
1238 349 1333 395 asro.

115 419 202 490 nihii
226 443 337 506 urguo,
367 423 428 489 nisi
457 424 541 507 quod
572 445 644 486 cum
674 422 759 486 ferro
788 422 987 487 comissatum
1018 414 1332 485 venerunt.¹³·⁶·¹⁰³'

115 507 154 570 Si
175 529 319 590 quaram,
336 511 415 576 unde
436 511 472 574 id
492 511 589 591 ipsum
610 511 736 575 scieris?
759 531 875 574 necesse
894 509 951 572 erit
965 509 1113 592 tefateri,
1130 517 1185 570 aut

112 595 335 674 speculatorum
350 605 467 658 tuorum
478 598 603 677 plenam
619 598 736 658 domum
742 597 849 679 fluisse
862 616 968 670 meum,
984 604 1040 657 out
1054 595 1123 659 illos
1132 597 1185 658 ita

114 689 220 758 operte
233 680 509 763 sumsissefemum,
525 692 558 744 ut
573 703 672 744 omnes
686 684 834 745 m'derent.
857 691 896 755 et,
913 703 952 743 ne
961 682 1038 764 quid
1052 683 1117 763 ipse
1131 691 1187 744 aut

109 767 204 846 prius
218 767 389 849 inquisisse,
406 776 460 830 aut
476 789 554 830 neeric
575 769 735 831 criminose
749 769 962 851 argumentari
975 768 1140 841 videretur,
1155 776 1187 830 te

112 871 251 934 quaerere
272 875 309 914 es
332 854 381 929 iis,
398 875 471 936 quos
492 855 685 930 nominasset,
698 852 840 936 jubebat,
863 875 905 915 on
914 854 1041 937 serrum
1062 853 1187 916 babuis-

115 942 205 999 sent?
228 947 273 1016 ut,
288 948 441 1022 tamqnam
457 940 491 1002 in
513 960 548 1002 re
569 939 673 1016 dubia,
691 961 779 1024 quum
795 941 830 1002 id
850 942 1013 1023 quesisses,
1030 941 1111 1022 quod
1125 941 1188 1020 ipsi

101 1023 265 1107 fitentur,
277 1046 339 1105 pro
363 1025 507 1089 coreontis
520 1025 715 1089 haberentur.
753 1027 846 1099 ¹Quin
867 1036 901 1089 tu
923 1027 1002 1088 illud
1020 1027 1120 1108 quceri
1129 1024 1187 1108 ju-

115 1109 176 1186 bes,
193 1130 263 1172 num
277 1112 325 1174 tui
338 1112 496 1178 occidendi
516 1111 750 1195 camsafenum
765 1113 948 1176 sumserint?
972 1133 1041 1174 num
1057 1133 1103 1175 me
1115 1134 1187 1174 eecc-

117 1205 185 1268 tore
199 1205 229 1259 et
243 1198 375 1261 sciente?
399 1197 474 1260 Hoc
488 1199 566 1261 enim
579 1199 679 1260 uideri
693 1200 749 1274 uis,
758 1219 826 1262 non
840 1199 928 1274 illud,
944 1198 1187 1280 quodsotentur,

118 1291 150 1344 et
158 1283 268 1364 palum
281 1292 339 1360 est,
354 1282 415 1346 ⁴⁷et
428 1284 478 1348 sui
491 1305 522 1346 se·
535 1286 643 1348 tuendi
653 1305 759 1347 caussa
773 1285 910 1348 sumsisse
924 1285 1037 1347 dicunt.
1081 1285 1187 1358 Recte,

115 1388 161 1430 an
170 1387 335 1451 perperam
337 1369 489 1453 fecerint,
505 1371 569 1452 ipsi
581 1369 722 1453 suifocti
734 1371 884 1433 rationem
899 1371 1037 1434 reddent.
1085 1370 1188 1432 Meum

118 1475 266 1530 caussam,
283 1477 351 1538 quie
366 1456 448 1520 nibil
462 1457 595 1540 eofacto
608 1458 808 1540 contingitur,
824 1477 862 1540 ne
877 1457 1045 1520 miscueris:
1069 1465 1124 1519 ant
1139 1478 1191 1518 ec-

114 1541 215 1623 pliea,
227 1551 327 1604 utrum
339 1552 457 1624 aperte,
469 1563 511 1604 an
522 1544 598 1605 dom
610 1552 641 1606 te
651 1543 829 1626 adgressuri
829 1541 996 1627 fuerimus.
1026 1542 1063 1606 Si
1073 1550 1189 1624 operte,

118 1645 176 1690 cur
200 1648 262 1690 non
284 1649 384 1694 omnes
395 1629 521 1712 ferrum
535 1628 717 1694 babuimus?
740 1651 795 1692 cur
815 1649 902 1692 nemo
922 1638 1041 1710 proter
1062 1650 1121 1702 eos,
1138 1630 1193 1710 qui

121 1723 206 1776 tuum
220 1715 436 1794 speculatorem
446 1714 637 1796 pulsarunt?
658 1717 687 1778 si
699 1716 787 1791 elam,
800 1716 868 1798 quis
879 1717 955 1780 ardo
965 1715 1089 1778 consilii
1089 1714 1190 1797 fuit?

123 1800 273 1864 Conuiuia
298 1801 404 1873 soluto,
433 1822 522 1884 queem
547 1802 723 1866 comissator
747 1823 803 1884 ego
825 1802 1033 1877 discessissem,
1060 1811 1194 1883 quatuor

119 1885 334 1961 substitissent,
350 1897 384 1949 ut
408 1889 537 1968 sopitum
559 1897 590 1950 te
611 1889 876 1972 adgrederentur?
900 1888 1044 1971 quomodo
1053 1886 1193 1971 fifeltis-

120 1980 199 2047 sent,
216 1981 246 2035 et
260 1974 367 2048 alieni,
384 1983 413 2038 et
428 1975 497 2049 mei,
510 1983 539 2036 et
556 1976 687 2036 maxime
706 1970 848 2056 suspecti,
864 1976 938 2056 quia
947 1975 1059 2056 paullo
1072 1982 1145 2037 onte
1159 1975 1192 2036 in

122 2057 359 2141 ricofueront?
382 2061 529 2142 quomodo
543 2069 656 2139 autem,
670 2062 825 2124 tmccidnto
838 2070 878 2136 te,
902 2062 964 2143 insi
985 2061 1107 2124 evasuri
1115 2059 1194 2144 fuc-

122 2146 213 2208 rint?
236 2155 368 2227 quotuor
379 2147 499 2227 gladiis
513 2147 615 2209 domm
629 2156 683 2209 tua
698 2147 769 2228 copi
784 2155 813 2209 et
827 2147 996 2230 expugnari
1003 2141 1141 2229 potuit?

170 2228 248 2293 XV.
277 2232 361 2304 Quin
386 2243 429 2303 tu,
457 2232 567 2296 omissa
593 2233 653 2295 isto
679 2242 828 2294 nocturna
839 2232 969 2313 fabrita,
984 2235 1028 2294 nd
1053 2234 1096 2308 id,
1114 2237 1196 2316 quod

123 2318 217 2391 doles,
234 2319 316 2399 quod
335 2319 485 2382 inuidiam
508 2318 579 2391 urit,
596 2320 780 2382 reverteris?
807 2317 869 2380 Cur
890 2339 1015 2401 usqumn
1040 2322 1131 2402 regni
1148 2321 1197 2383 tui

124 2404 296 2485 mentiafit,
305 2437 307 2444 v
317 2403 480 2468 Demetri?
502 2425 556 2472 cur
567 2404 694 2487 dignior
701 2403 956 2486 patrisfmtunoe
968 2425 1113 2468 mccessor
1127 2407 1196 2489 qui·

123 2491 249 2553 busdam
264 2491 390 2568 uideris,
406 2512 495 2574 quarn
510 2494 588 2573 ego?
611 2511 666 2553 cur
678 2512 758 2572 spem
773 2510 881 2565 meam,
898 2511 973 2575 qua,
986 2492 1015 2554 si
1028 2500 1062 2554 tu
1076 2512 1138 2554 non
1151 2513 1197 2556 es·

123 2597 181 2648 ses,
191 2585 275 2638 certo
288 2585 366 2657 erat,
379 2577 502 2641 dubiem
517 2587 547 2640 et
557 2575 837 2659 sollicitomfacis?
861 2576 940 2640 Haec
950 2579 1043 2642 sentit
1053 2579 1198 2657 Perseus,

126 2663 186 2726 etsi
199 2681 260 2725 non
275 2664 369 2726 dicit.-
391 2663 456 2726 baec
478 2664 567 2726 istum
585 2663 748 2738 inimicum,
765 2663 829 2725 iaec
843 2673 1045 2727 accusatorem
1047 2664 1196 2748 faciunt.-

126 2749 332 2823 baecdomnm,
348 2749 412 2818 baec
426 2770 550 2833 regnum
568 2759 649 2812 tuum
665 2749 843 2812 criminibus
862 2758 893 2811 et
911 2751 1132 2840 suspicionibus
1146 2773 1196 2813 re-

119 2835 223 2918 plent.
267 2835 338 2919 Ego
362 2843 473 2913 cutem,
492 2844 599 2917 puter,
618 2836 863 2919 quemadmodum
889 2857 944 2898 nec
968 2856 1048 2899 nunc
1072 2858 1198 2919 sperare

126 2942 263 3004 regnum,
279 2943 334 2985 nec
358 2921 512 3005 ambigere
533 2931 673 3005 nmquam
693 2923 731 2984 de
756 2942 791 2984 eo
803 2921 949 3004 forsitan
973 2921 1106 3001 debeam,
1122 2926 1197 3006 qnia

126 3009 229 3070 minor
241 3028 316 3084 sum,
332 3009 407 3090 quia
428 3017 462 3070 tu
481 3029 528 3070 me
548 3006 661 3091 mojori
681 3009 785 3072 cedere
798 3007 859 3080 uis,-
883 3009 928 3071 sic
942 3009 1021 3072 iilud
1044 3031 1098 3072 nec
1111 3010 1199 3073 debui

113 3094 240 3179 facere,
256 3115 310 3157 nec
324 3093 425 3170 debeo,
441 3092 506 3157 ⁴⁸ut
522 3095 669 3179 indignus
683 3104 713 3158 te
724 3103 827 3178 patre,
843 3096 990 3179 indignus
1003 3095 1138 3159 omnibus
1152 3099 1198 3160 ui·

128 3182 214 3244 deur.
240 3181 276 3242 id
288 3181 368 3244 enim
383 3181 470 3252 uitiis
483 3182 568 3260 meis,
584 3202 644 3244 non
659 3183 800 3256 cedendo,
816 3179 1052 3265 cuijnsfusqne
1066 3191 1119 3252 est,
1136 3203 1197 3248 non

128 3267 285 3342 modestia,
298 3287 474 3350 consequar.
520 3266 674 3331 Rmnonos
684 3266 790 3352 objicis
803 3269 890 3344 mibi,
901 3279 932 3331 et
945 3290 992 3341 ea,
1009 3270 1199 3352 maglorio>

128 3373 192 3418 esse
206 3353 323 3429 debent,
340 3353 372 3417 in
387 3351 498 3418 crimen
513 3353 619 3418 vertis.
659 3355 741 3440 Ego,
758 3375 812 3418 nec
826 3352 907 3420 obses
921 3355 1069 3418 Romanis
1083 3364 1117 3420 ut
1130 3364 1198 3418 tro·

164 3513 196 3560 ⁴7
213 3507 250 3554 Et
260 3510 301 3554 eus'
310 3511 430 3556 sir-tuendi
438 3525 511 3556 cauea
521 3510 650 3570 erempsisre
714 3515 745 3556 48
766 3509 802 3555 Ut
817 3509 934 3570 indignus
951 3516 975 3555 te
990 3514 1069 3568 patre,
1082 3508 1199 3567 indignus

130 3570 226 3636 dictent]
251 3575 314 3636 Lege
335 3589 389 3620 cum
412 3575 544 3631 Grouovio,
567 3578 649 3621 deictis
682 3574 895 3636 ominibusvr'deor]
925 3575 1198 3634 Haecdeprseutssuut.

130 3640 217 3686 vocuiu
228 3645 252 3685 et
262 3653 290 3685 uc
301 3641 373 3688 verbo
385 3640 477 3696 eliceret,
485 3642 526 3686 rui
535 3657 559 3688 re
567 3642 650 3687 tuendi
681 3640 817 3686 Gronovius
826 3641 949 3686 emendet:
968 3640 1084 3700 indignus
1092 3641 1147 3690 titt.
1152 3653 1199 3699 pa·

130 3720 206 3752 costra
221 3706 354 3766 cumprime.
388 3707 649 3767 *senouncmpesoc
683 3711 727 3752 ter.
738 3719 831 3764 nempe,
842 3719 922 3760 regno.
955 3705 1198 3752 Nouelisiuitmene

130 3769 264 3818 membrum
285 3771 314 3817 ab
331 3785 360 3818 eo
376 3771 439 3830 quod
457 3774 576 3831 precedit,
589 3771 651 3820 iilud
683 3771 753 3817 Livii.
787 3771 922 3816 Demetrius
938 3771 996 3834 dicit
1014 3785 1038 3816 se
1055 3773 1155 3817 tortum
1170 3771 1199 3816 de

128 3835 196 3898 ⁴quod
207 3831 331 3893 fetentur
345 3842 368 3882 et
392 3835 476 3896 polam
496 3844 539 3885 est.
561 3837 650 3884 scilicet
683 3849 754 3890 reguo
774 3847 896 3894 uunquam
916 3837 1034 3896 ambigere
1053 3837 1148 3883 debere:
1174 3842 1200 3881 ut

132 3901 262 3961 sumpsisse
278 3903 407 3961 sequidem
425 3915 499 3958 arma,
511 3903 550 3947 sed
565 3903 600 3948 tui
611 3907 651 3947 tu·
684 3901 743 3947 iiiud
762 3907 841 3946 temen
859 3901 934 3946 iecere
953 3915 1000 3947 non
1021 3902 1154 3957 debemus
1171 3914 1200 3947 eo

132 3967 279 4014 eudicuuss.
313 3969 386 4014 Porro
400 3969 441 4014 sui
458 3967 650 4013 tuendihicdic·
684 3965 795 4025 indignus
815 3972 838 4011 et
856 3966 928 4025 putri,
949 3972 974 4012 et
989 3967 1072 4012 ceteris
1089 3965 1200 4011 omnibus

134 4037 190 4078 tutu
198 4037 236 4078 est
244 4033 440 4090 quemadmodum
450 4031 651 4092 sumeX1.tl.
684 4033 799 4079 videmur.
834 4031 867 4076 Id
880 4033 954 4088 enim,
973 4032 1061 4090 inquit,
1079 4031 1201 4084 nimirum,

133 4096 367 4144 cestriadlmrtmrds'.
400 4094 529 4160 †Esques
545 4111 652 4143 resecsn·
685 4102 714 4142 ut
730 4097 842 4152 indiguus
862 4109 934 4156 meno
952 4095 1124 4151 vicennium
1141 4096 1202 4141 meis

133 4169 185 4220 tur,
199 4167 257 4209 suat
267 4163 348 4221 procui
361 4163 434 4210 dubio
445 4164 476 4210 ub
488 4163 597 4224 imperito
609 4162 652 4208 sii·
686 4175 822 4223 consequor,
833 4175 879 4206 non
889 4157 997 4216 cedenda,
1008 4163 1049 4208 cui
1059 4161 1203 4221 jussusque

132 4241 184 4288 quo
200 4228 362 4284 emendatore,
375 4229 416 4286 qui
433 4232 573 4277 concinnem
591 4229 653 4273 hunc
686 4234 731 4284 ert,
744 4227 769 4272 id
782 4233 828 4283 est,
840 4227 905 4272 tritri
919 4224 1013 4283 majori,
1025 4241 1071 4272 non
1087 4227 1203 4274 modestia

127 4293 286 4349 -bmiute'm,
298 4293 365 4340 Liris
381 4307 491 4354 perquam
504 4295 652 4349 eminerem,
687 4305 714 4337 ee
724 4293 886 4338 moderatione
895 4290 976 4337 animi.

134 4360 228 4420 sesequi
239 4359 362 4406 intellectu
375 4370 423 4406 noa
435 4362 522 4420 potuit.
764 4418 785 4482 h
797 4401 801 4412 ,
