3126 4978
352 159 414 216 sot
737 148 1014 214 T1T1t1v11

191 337 221 388 u.
233 333 327 386 nean
351 313 606 406 promontorium
628 329 728 395 ararit,
749 337 849 406 quum
869 315 997 384 hortem·
1014 335 1217 402 conspexere
1258 313 1306 383 ⁴Et
1327 315 1421 405 regie·

189 401 326 454 ΝΛΜ·
351 403 470 484 elassis,
486 405 568 470 binis
588 403 621 468 in
643 403 787 469 ordinem
810 403 944 470 navibus
965 402 1063 492 longo
1083 403 1210 486 agmine
1230 402 1368 480 veniens.
1384 415 1418 470 et

351 491 420 576 ipsa
434 490 534 556 aciem
549 489 712 555 adversam
729 489 884 576 explicuit
891 513 901 567 ς
923 501 1048 556 tantum
1069 489 1150 556 laevo
1171 501 1279 554 evecta
1300 510 1415 566 cornu,

324 625 325 630 η
350 589 388 642 ut
401 575 550 662 amplecti
564 587 597 640 et
610 576 779 641 circumire
799 576 967 643 dexterum
989 595 1089 640 cornu
1107 576 1326 642 Romanorum
1340 597 1416 661 poa-

351 675 408 728 aet.
429 662 516 751 quod
530 661 587 728 ubi
602 661 778 739 Eudamus,
793 665 849 750 qui
865 663 1000 750 cogebat
1015 683 1140 750 agmen,
1157 661 1245 739 vidit,
1261 674 1327 726 nnn
1343 683 1416 746 pus

351 771 385 814 se
400 748 543 836 aquarek
558 748 701 814 ordinem
719 749 892 827 Romarm
909 763 941 814 et
963 762 1086 815 tantum
1108 769 1173 814 non
1191 749 1259 834 jam
1278 747 1417 814 circum-

351 835 391 900 iri
405 860 425 901 a
439 833 551 900 dextro
566 857 676 911 cornu,
693 835 863 900 8⁹concitat
885 856 996 911 neree3
1019 839 1064 920 (et
1077 847 1167 900 erant
1184 833 1332 900 Rhodiae'
1345 833 1418 898 lun·

351 944 392 1010 ge
411 921 554 987 omnium
578 920 749 988 celerrimae
774 929 843 986 tuta
861 921 971 1000 classe)
993 934 1100 1009 aequat
1143 939 1182 986 ne
1198 941 1315 1002 cornu,
1330 942 1416 1008 prae-

311 1061 313 1065 .
352 1008 443 1074 tnrioe
458 1009 540 1084 navi,
558 1007 590 1070 in
605 1031 668 1096 qua
685 1007 897 1095 Polyxenidas
911 1020 989 1086 erat,
1005 1029 1093 1072 suam
1109 1030 1129 1071 o
1147 1007 1235 1093 jecit.

190 1096 343 1172 rugosam-
397 1093 517 1159 XXX.
538 1094 612 1159 Jarn
634 1094 707 1159 totis
729 1093 879 1160 classibus
902 1093 996 1162 simul
1020 1093 1062 1159 ab
1084 1094 1173 1158 omni
1194 1106 1284 1178 parte
1306 1111 1417 1180 pugne

191 1165 305 1210 'mmm'
352 1193 498 1248 conserta
522 1195 600 1246 erat.
646 1180 699 1245 Ab
727 1180 880 1268 Romanis
906 1180 1069 1268 octoginta
1097 1201 1192 1246 naves
1220 1179 1417 1268 pugnabant,

352 1291 391 1334 ex
412 1267 528 1355 quibus
550 1266 688 1333 Rhodiae
707 1266 782 1331 duae
804 1279 836 1332 et
856 1267 969 1354 viginti
990 1279 1089 1332 erant.
1135 1265 1289 1332 Hostium
1310 1265 1418 1340 classis

351 1353 610 1442 undenonaginta
632 1353 760 1418 navium
783 1353 852 1430 fuit,
873 1365 904 1418 et
926 1352 1074 1418 maximae
1096 1351 1207 1418 formae
1229 1371 1326 1418 naves
1353 1367 1417 1418 tres

351 1440 485 1506 hexeres
500 1439 646 1520 habebat,
661 1439 740 1505 duas
761 1439 917 1525 hepteree.
963 1439 1095 1504 Robore
1110 1440 1237 1505 navium
1252 1452 1285 1504 et
1298 1439 1417 1506 virtute

351 1527 486 1592 militum
501 1526 675 1591 ⁹⁰Rormani
695 1526 790 1611 longe
806 1527 907 1614 regios
925 1526 1134 1612 prestabant:
1161 1525 1299 1592 Rhodiae
1321 1548 1417 1592 nares

350 1613 501 1703 agilitate,
517 1626 549 1678 et
563 1626 631 1678 arte
644 1612 910 1700 gubernatorum,
920 1625 952 1678 et
965 1612 1096 1678 scientia
1110 1613 1277 1700 remigum.
1306 1611 1416 1678 Maxi·

350 1722 405 1766 mo
420 1715 525 1767 tamen
544 1699 687 1780 hostibus
708 1700 822 1766 terrori
842 1699 1030 1786 serraquae
1051 1700 1141 1788 ignea
1163 1721 1231 1783 prae
1253 1721 1286 1764 se
1306 1711 1416 1784 porta-

350 1788 445 1852 bant:
468 1801 509 1864 et,
526 1787 613 1873 quod
630 1808 727 1850 unum
750 1786 788 1849 iis
808 1785 850 1850 ad
868 1785 1061 1851 Panormum
1081 1785 1302 1851 circumventis
1321 1785 1416 1850 saluti

348 1872 462 1950 fuerat,
478 1873 512 1937 id
527 1886 594 1936 turn
611 1873 786 1936 maxim-um
800 1885 997 1938 momentum
1013 1872 1054 1936 ad
1069 1871 1231 1937 victoriam
1245 1871 1316 1937 fuit.
1338 1893 1414 1938 nam

350 1971 438 2024 metu
462 1960 472 2022 i
518 1958 544 2021 is
565 1957 689 2022 adversi
716 1957 812 2042 regiae
837 1979 943 2035 naves,
964 1957 1037 2023 ⁹¹ne
1058 1981 1155 2044 prora
1176 1969 1414 2036 concurrerent,

350 2067 448 2130 quum
472 1981 692 2126 ddclinasserrt,
714 2065 817 2128 neque
838 2045 916 2130 ipsae
937 2043 1030 2110 ferire
1051 2044 1301 2112 rostrohnstem
1324 2057 1416 2131 pote·

350 2143 433 2208 rant,
458 2143 491 2198 et
515 2129 659 2218 obliquas
684 2152 717 2194 se
742 2130 821 2216 ipsae
842 2130 883 2196 ad
909 2131 991 2197 ictus
1017 2131 1212 2217 praebebant.
1238 2143 1282 2210 et,
1304 2131 1331 2195 si
1352 2153 1418 2217 qua

350 2229 564 2295 concurrerat,
587 2217 782 2283 obruebatur
810 2215 914 2283 infuso
940 2218 948 2280 i
996 2217 1007 2282 i
1014 2242 1024 2294 3
1051 2241 1082 2284 m
1126 2218 1215 2305 isque
1239 2217 1281 2284 ad
1304 2218 1416 2284 incen-

348 2302 450 2384 dium,
471 2326 566 2454 ῗιιαπι
589 2303 631 2368 ad
653 2303 812 2389 proelium,
836 2240 1048 2390 trepidrilrlnt.
1123 2305 1273 2370 lurirnum
1297 2317 1414 2382 tamen,

349 2411 422 2476 qnae
442 2413 476 2454 so
489 2402 529 2467 et,
546 2390 682 2455 militum
709 2390 809 2456 virtus
828 2390 862 2454 in
880 2390 964 2456 bello
986 2389 1094 2457 ualuit.
1117 2392 1253 2458 mediant
1275 2411 1417 2478 namque

348 2477 448 2542 aciem
473 2477 612 2542 hostium
646 2477 784 2542 Romani
813 2499 910 2564 quum
942 2479 1109 2580 rupissent,
1138 2477 1339 2544 circumuecti
1372 2475 1415 2544 ah

348 2576 439 2650 tergo
464 2562 683 2650 pugnantibus
704 2563 855 2628 adversus
879 2562 1025 2628 Rhodios
1047 2565 1141 2648 regiis
1161 2588 1228 2632 sese
1249 2564 1413 2650 objecere:

349 2661 574 2736 momentoque
595 2650 747 2734 temporis
768 2660 800 2713 et
823 2649 925 2714 media
947 2651 1028 2715 acies
1044 2650 1207 2728 Antiochi,
1223 2664 1255 2716 et
1276 2650 1358 2714 laero
1379 2651 1414 2719 in

186 2746 295 2822 innuunt
313 2805 315 2810 ,
347 2757 447 2802 cornu
461 2736 687 2802 circumventae
701 2755 796 2800 naves
810 2736 1045 2823 mergebantur.
1082 2737 1224 2804 Dextera
1244 2760 1318 2823 pars
1333 2737 1416 2804 inte·

188 2812 299 2859 ΒΜ·
348 2845 416 2912 gru,
433 2823 589 2914 sociorum
611 2823 711 2911 magia
733 2821 832 2902 clade,
855 2845 950 2909 quam
972 2847 1030 2888 suo
1051 2823 1203 2910 periculo,
1223 2823 1413 2890 terrebatur.

295 2941 297 2946 ·
348 2925 500 2991 ceterum,
527 2924 694 2996 postquam
717 2909 796 2976 alias
822 2910 1060 2986 circumventas,
1087 2909 1269 2995 praetoriam
1298 2932 1413 2976 navem

351 2995 569 3085 Polyxenida,
585 2995 701 3062 relictis
715 2997 817 3074 sociis,
833 2993 902 3062 ve'la
916 2996 1045 3062 dantem
1062 2997 1178 3075 videre,
1195 2995 1326 3062 sublatis
1340 3019 1414 3082 rap-

573 3181 587 3222 k
598 3199 722 3248 exequere
732 3185 806 3232 Gren-
821 3183 889 3234 Crev·
956 3179 964 3218 ¹
974 3185 1027 3234 add.
1037 3199 1110 3254 aecer
1120 3184 1184 3234 nou.

381 3381 414 3424 89
432 3375 543 3422 &emtor
560 3389 646 3426 aauerr
665 3374 698 3438 (et
715 3375 785 3424 etium
801 3373 864 3422 aaa
896 3374 1038 3423 curarimus.
1071 3375 1100 3424 ln
1117 3375 1149 3422 iia
1159 3387 1211 3436 qne
1227 3374 1364 3436 precedunt
1373 3387 1415 3422 ex·

348 3439 397 3486 die
415 3437 497 3503 naver]
517 3441 631 3489 Ultimum
651 3445 865 3502 rocemreepuunt
897 3441 977 3500 poenit
1000 3441 1092 3500 birine,
1111 3455 1214 3501 quanam
1236 3455 1260 3488 re
1282 3440 1414 3500 superiores

348 3504 442 3552 Thoan.
461 3513 485 3552 et
499 3505 592 3557 Victor.
610 3507 713 3556 cedices:
731 3512 756 3553 et
771 3507 867 3568 ingrate*
897 3510 976 3553 earent
996 3507 1065 3568 regii,
1084 3521 1168 3568 nempe
1188 3501 1285 3562 nurnero
1307 3505 1414 3552 nerium.

349 3569 389 3616 bie
400 3571 451 3630 ejus
463 3572 571 3631 repetitio
581 3578 626 3618 est
898 3571 947 3620 Hic
964 3571 1073 3636 ubterret
1087 3576 1171 3619 eatena
1183 3572 1294 3620 omnihus
1307 3570 1415 3630 nuperiu-

382 3639 413 3684 90
430 3637 533 3683 Romani
542 3636 862 3698 longeregioepr·aeelatont,·
896 3652 945 3684 rein
962 3637 1035 3683 iniere
1051 3639 1157 3697 pretoria
1168 3638 1276 3694 cinerem,
1289 3650 1361 3696 quum
1374 3647 1411 3680 ro·

349 3699 449 3747 Rhodie
476 3697 558 3765 auser]
589 3703 654 3751 Ante
676 3703 800 3752 Gelonium
825 3702 864 3749 hie
896 3703 953 3750 bore
972 3702 1066 3748 narium
1086 3707 1111 3748 et
1131 3703 1221 3750 virtute
1242 3701 1346 3748 militurn
1363 3701 1415 3748 lta·

349 3767 422 3826 rnlgu
434 3765 568 3827 legebatur:
586 3769 691 3814 Romani
701 3767 771 3829 longe
786 3769 864 3829 regim
896 3768 979 3828 meni;
995 3766 1082 3814 Rhodii
1099 3767 1195 3817 nerium
1211 3769 1317 3827 agilitate
1332 3769 1357 3812 et
1373 3779 1416 3826 pe·

345 3833 511 3892 Μετώπη·
528 3833 603 3893 regie
613 3849 691 3880 nanee.
708 3833 735 3892 ‘la
746 3849 774 3880 ex
785 3833 864 3880 codice
896 3834 952 3882 ritis
962 3833 1146 3895 gubernatorum
1158 3833 1232 3889 regine
1243 3835 1391 3893 aupmmnt.

348 3898 414 3958 Meg.
443 3896 534 3944 invexit
557 3912 608 3944 eem
635 3899 770 3954 lectionem,
792 3911 863 3958 qnam
928 3905 956 3947 91
976 3899 1020 3946 Ne
1043 3913 1116 3960 prora
1144 3892 1319 3960 mannent]
1348 3896 1413 3944 mm

347 3976 430 4010 corner
453 3967 507 4022 poet
526 3977 580 4010 eum
600 3963 699 4025 amplexi
719 3970 792 4022 aunt3
814 3963 863 4009 aire
895 3964 978 4021 codex,
993 3965 1032 4011 Ne
1044 3979 1123 4024 prope.
1157 3965 1217 4012 Vult
1233 3976 1317 4022 nempe
1330 3975 1412 4022 prore,

347 4029 427 4087 potine
448 4029 553 4076 rertituit
576 4043 639 4087 cem,
660 4041 730 4089 quam
756 4029 862 4076 Andreae
895 4029 919 4075 id
933 4035 970 4075 eut
982 4030 1070 4093 (neque
1085 4031 1148 4076 enim
1166 4030 1191 4076 in
1209 4025 1251 4077 illo
1266 4027 1328 4075 libro
1344 4026 1413 4087 diph-

343 4093 394 4154 lem
414 4093 471 4140 olim
490 4099 649 4156 expromeret:
671 4094 775 4140 amant
793 4093 863 4155 longe
894 4094 1039 4156 theogerum
1050 4092 1165 4154 masur)
1175 4109 1260 4156 prom
1282 4094 1322 4140 Ne
1332 4105 1412 4155 prere

346 4157 635 4220 Rhodior'praertoiant:
661 4157 761 4204 Rhodio
784 4173 862 4207 naver.
894 4167 952 4216 auae,
966 4164 990 4206 et
1011 4157 1108 4207 hostiles
1128 4159 1224 4220 ignibus
1241 4164 1337 4206 umere
1356 4172 1411 4204 eoa-

347 4225 454 4284 Utreque
470 4225 541 4272 lectio
555 4225 609 4284 jure
627 4224 677 4270 riae
690 4229 727 4270 est
739 4223 862 4271 Perizouio
895 4231 1031 4272 currerm:
1053 4240 1084 4272 ne
1102 4239 1177 4290 prora
1196 4239 1245 4272 ane
1264 4223 1411 4272 incurrerent

347 4303 375 4334 ex
391 4295 458 4350 perte
474 4295 546 4346 recta,
563 4304 592 4336 ex
611 4294 677 4350 perte
696 4293 816 4349 corrupte,
835 4305 863 4336 ee
895 4291 920 4336 in
932 4304 1012 4352 prorae
1024 4291 1146 4339 hostilium
1159 4291 1266 4350 nerium,
1277 4303 1330 4351 que
1342 4290 1407 4352 ignea

347 4355 445 4412 proinde
462 4355 609 4402 emendenda
623 4370 651 4403 eo
668 4356 749 4412 modo,
762 4368 810 4413 qun
825 4356 862 4404 edi
895 4370 942 4417 prae
954 4370 978 4402 se
989 4358 1124 4417 portabant.
