3136 4982
437 179 534 242 LlB.
554 179 714 242 X‘XKVll.
742 179 845 240 CAP.
866 179 948 239 xnt.
1166 185 1227 278 Ι318

167 342 352 444 gyraspidea
376 367 396 408 a
420 349 537 431 g'ebere
560 359 721 409 armorum
746 341 997 428 adpellabantur,
1042 340 1149 409 Daliae
1173 341 1227 408 de·
1236 353 1305 406 tto
1318 357 1374 402 aaa.

151 427 153 434 ’
167 426 254 507 rade,
270 430 390 515 equites
404 429 566 517 sagittarii,
583 430 669 494 mille
682 444 714 496 et
728 429 865 494 ducenti.
888 441 956 494 tum
979 427 1054 493 levis
1067 421 1267 496 armatura*
1278 421 1307 468 ⁰·
1321 425 1374 468 ¹⁹²

167 515 264 580 trium
292 515 436 592 millium,
459 516 563 602 ¹⁹pari
588 516 686 580 ferme
707 521 841 580 nurnero'
861 537 935 599 pars
958 515 1133 593 Cretenses,
1154 537 1229 600 pars
1268 593 1269 598 γ

169 600 304 667 Tralles.
326 602 391 668 dno
413 602 511 667 millia
525 616 557 668 et
572 603 736 690 quingenti
754 601 877 689 ”Mysi
900 601 1067 688 sagittariis
1089 603 1238 687 adjuncti

167 700 269 753 erunt.
313 687 506 754 Extremum
529 711 628 753 cornu
650 688 841 754 claudebant
862 701 998 776 quatuor
1018 686 1118 753 millia
1139 689 1230 753 mirri

169 773 291 860 Cyrtoei
311 773 498 852 funditores,
521 787 553 840 et
575 774 711 861 Elymaei
736 775 897 862 sagittarii.
942 775 996 839 Ab
1019 771 1102 839 laero
1127 796 1229 840 cornu

167 859 360 947 phalangitis
374 859 516 1010 atlyuncti
536 874 627 926 erant
642 860 833 946 Gallograeci
850 860 970 948 equites
991 860 1078 926 mille
1091 873 1122 925 et
1137 861 1230 948 quiu-

168 946 274 1032 genti:
299 960 331 1012 et
344 947 413 1012 sim'
427 947 487 1012 iter
507 946 556 1012 his
567 947 687 1013 armati
701 946 767 1012 duo
791 947 887 1011 millia
904 947 1150 1032 Cappadocum:
1175 949 1230 1030 (ab

169 1033 340 1098 Ariarathe
355 1033 440 1098 missi
451 1047 541 1098 erant
557 1037 622 1121 regi
631 1037 665 1116 ²),
703 1033 783 1098 Inde
798 1033 967 1100 auxiliares
975 1033 1072 1104 ,mixti
1087 1035 1229 1098 omnium

168 1129 323 1206 generum
338 1119 403 1186 duo
424 1119 522 1184 millia
535 1132 566 1185 et
580 1121 781 1209 septingenti,
797 1133 829 1185 et
847 1121 909 1186 tria
930 1119 1029 1184 millia
1043 1118 1230 1204 cataphrac-

168 1219 276 1270 torum
291 1207 443 1292 equitum,
458 1219 492 1272 et
510 1205 596 1270 mille
610 1206 663 1272 alii
680 1207 811 1293 equites,
827 1208 914 1294 regia
928 1205 978 1271 ala
999 1205 1168 1272 levioribus
1183 1220 1231 1272 te-

169 1293 328 1380 gumentis
343 1293 407 1358 suis
421 1314 650 1380 equorumque,
665 1293 727 1358 alio
741 1292 826 1357 haud
842 1292 984 1358 dissimili
1004 1291 1131 1376 habitu:
1158 1293 1230 1380 Syri

168 1377 327 1466 plerique·
340 1390 431 1444 erant
460 1377 641 1467 Phrygibus
666 1395 697 1444 et
727 1379 822 1465 Lydis
850 1378 986 1444 inmixti.
1030 1381 1114 1444 Ante
1144 1377 1231 1444 buno

169 1465 347 1551 equitatum
360 1464 483 1533 falcatas
494 1466 659 1554 quadrigae
669 1478 701 1530 et
711 1464 833 1542 cameli,
845 1487 923 1552 quos
936 1464 1095 1549 adpellant
1104 1465 1231 1530 droma-

171 1549 238 1616 das.
262 1550 311 1615 his
335 1551 514 1619 insidebant
534 1553 654 1618 Arabes
678 1551 842 1640 sagittarii,
865 1551 986 1638 gladios
1010 1550 1163 1616 habentes
1184 1564 1231 1616 te-

170 1659 260 1715 nues,
275 1635 388 1726 longos
402 1653 554 1726 quaterna
572 1639 689 1716 cubita,
707 1653 741 1703 ut
755 1660 796 1710 ex
817 1649 905 1702 tanta
926 1637 1093 1702 altitudine
1107 1639 1235 1702 contin-r

193 1745 246 1788 ere
259 1722 383 1790 hostem
402 1735 537 1810 possent
580 1725 606 1764 ²²
617 1724 696 1790 Inde
710 1725 772 1789 alia
780 1722 967 1800 multitudo,
983 1746 1041 1808 par
1056 1725 1095 1801 ei,
1111 1746 1183 1810 quae
1197 1723 1232 1788 in

170 1747 284 1874 dextro
295 1832 394 1876 cornu
409 1811 489 1887 erat;
504 1811 597 1896 primi
612 1811 819 1887 ”Tarentini
830 1809 945 1875 deinde
957 1810 1236 1898 l'ittllograeoorum¹

170 1897 313 1982 equitum
329 1898 395 1963 duo
416 1897 515 1964 millia
536 1910 568 1963 et
582 1899 759 1986 quingenti,
774 1897 850 1962 inde
864 1896 1066 1962 23Neocretes
1089 1896 1183 1973 mille,
1199 1906 1233 1960 et

172 1981 283 2048 eodem
299 1993 423 2050 armatu
437 1984 534 2048 Cares
549 1998 581 2049 et
594 1984 707 2048 Cilices
722 1983 808 2050 mille
821 1996 853 2048 et
867 1984 1041 2070 quingenti,
1055 1996 1086 2048 et
1101 1983 1233 2048 totidem

173 2069 309 2150 Tralles,
335 2085 367 2137 et
391 2067 576 2136 tria'millia
601 2075 823 2148 caetrator'um3
847 2070 979 2156 (Pisidae
1005 2069 1059 2133 hi⁸
1079 2081 1178 2147 erant,
1201 2081 1235 2134 et

174 2153 367 2244 Pamphylii,
382 2168 414 2221 et
433 2157 535 2244 Lycii)
551 2170 618 2222 turn
635 2157 836 2243 Cyrtaeorun'r
858 2168 889 2220 et
904 2157 1120 2244 Elymaeorum
1143 2159 1235 2241 paria

171 2243 206 2306 in
221 2243 336 2308 dextro
353 2265 451 2308 cornu
475 2243 584 2308 locatis
606 2244 736 2322 auxilia,
753 2256 785 2309 et
805 2243 962 2308 sexdecim
984 2242 1144 2329 elephanti
1165 2265 1234 2308 mo-

173 2327 246 2392 dico
262 2329 426 2394 intervallo
441 2328 604 2395 distantes.

213 2415 308 2480 XLI.
325 2417 396 2482 Rex
415 2415 481 2500 ipse
495 2417 526 2480 in
538 2415 674 2486 dextero
688 2437 787 2482 cornu
802 2427 887 2481 erut:
905 2415 1071 2482 Seleucum
1086 2416 1188 2481 filiurn
1202 2429 1235 2481 et

173 2501 380 2586 Antipatrum
391 2500 496 2566 fratris
508 2502 607 2566 filium
619 2503 652 2566 in
665 2502 745 2566 laevo
759 2503 950 2588 proeposuit:
967 2506 1071 2568 media
1084 2503 1166 2568 scies
1177 2503 1234 2568 tri·

172 2586 233 2652 bus
247 2589 407 2672 permissa,
426 2588 576 2666 Minium,
588 2602 621 2654 et
636 2589 782 2668 Zeuxidi,
794 2602 826 2654 et
841 2587 991 2675 Philippo
1007 2594 1157 2676 magistro
1172 2589 1235 2655 ele·

196 2675 377 2740 hautorurn.
420 2675 447 2714 ²⁴
454 2675 577 2741 Nebula
591 2676 759 2756 matutina,
774 2688 932 2740 crescente
946 2676 997 2742 die
1009 2676 1112 2741 levata
1126 2678 1160 2740 in
1174 2684 1236 2740 iru-

172 2695 239 2838 bes,
254 2761 421 2850 caliginem
445 2761 543 2827 dedit.
564 2760 680 2826 humor
701 2762 785 2839 inde,
802 2761 843 2826 ab
865 2767 973 2826 austro
987 2761 1082 2842 velut,
1097 2760 1242 2847 perfudit,

173 2846 294 2912 omnia.
315 2851 398 2918 Quae
409 2847 669 2914 nibiladmodum
681 2848 845 2926 Romanis,
856 2847 965 2912 eadem
976 2847 1237 2932 perincommoda

173 2934 268 3017 regiis
281 2948 382 3000 erant.
397 2957 471 2998 narn
486 2947 519 3000 et
532 2935 706 3000 obscuritas
720 2935 800 3000 lucis
815 2935 848 2998 in
863 2935 931 2999 acie
944 2933 1071 3000 modica
1081 2934 1236 2998 Romanis

175 3042 242 3085 uon
257 3019 417 3087 adimebat
431 3021 465 3084 in
479 3043 588 3086 omnes
611 3034 715 3106 partes
732 3031 955 3106 conspectum
978 3034 1009 3086 et
1024 3020 1152 3094 humor,
1167 3029 1236 3084 toto

174 3107 239 3172 sere
294 3108 342 3173 avi
356 3123 490 3184 armatu,
506 3107 586 3172 nihil
607 3107 729 3194 gladios
744 3120 801 3173 aut
820 3107 885 3194 pila
905 3107 1084 3174 hebetabat.
1130 3106 1235 3194 Regii,

174 3205 240 3258 tam
253 3130 318 3258 fala
332 3194 410 3270 acie,
421 3217 462 3259 ne
476 3217 515 3258 ex
531 3193 636 3260 medio
646 3193 774 3280 quidem
790 3215 911 3260 cornua
924 3217 980 3260 sua
994 3193 1237 3278 circumspicere

173 3293 331 3364 poterant,
346 3281 464 3346 nedum
477 3282 610 3347 extremi
626 3283 709 3346 inter
723 3303 756 3346 se
770 3281 1043 3368 conspicerentur:
1067 3293 1100 3346 et
1120 3281 1237 3346 humor
1305 3289 1306 3292 ’

420 3435 514 3482 zarrr'rrr'
523 3449 580 3496 rege
591 3436 665 3482 Gron.
678 3435 747 3483 Crer.
811 3437 824 3466 ²
835 3435 862 3483 ll
871 3435 916 3483 del.
927 3435 993 3484 Eud.

211 3590 240 3633 19
257 3582 320 3628 Puri
334 3581 416 3640 ferum
434 3597 539 3637 mero,
556 3599 615 3645 porr
635 3585 690 3631 Cre·
722 3585 806 3631 ducere
829 3584 970 3645 neoporrlt
991 3584 1089 3630 fortasse
1111 3583 1235 3644 qnisquam

176 3658 262 3704 remes,
278 3661 339 3709 pure
357 3644 459 3712 stallos]
475 3649 513 3695 lta
530 3659 559 3696 nt
579 3664 622 3710 par
642 3650 691 3698 fere
722 3651 774 3696 sine
784 3649 897 3696 librorum
908 3663 962 3710 ope,
975 3655 1018 3696 rroe
1029 3663 1169 3712 magnopere
1177 3650 1237 3696 velle

176 3727 288 3761 nmnarnr
311 3717 374 3759 earet
398 3713 546 3761 Camurium
573 3721 598 3762 et
621 3715 690 3762 'Prol-
723 3715 812 3762 debeat

175 3780 243 3827 linio.
755 3774 956 3843 sufferentias]
985 3780 1023 3825 De
1043 3777 1074 3825 lia
1094 3779 1143 3828 rid.
1166 3791 1237 3841 supra

209 3849 240 3890 20
256 3844 326 3906 Mysi
334 3845 474 3907 sagittariis
487 3844 596 3905 urly'ami
611 3839 691 3907 erum]
722 3845 826 3892 XXXV.
838 3851 876 3891 ΩΒ.
1265 3891 1267 3898 ,

54 3947 60 3955 .
175 3909 287 3965 Sigonius
301 3919 418 3958 exuetere
433 3911 493 3956 libro
503 3911 572 3956 affert
585 3912 689 3970 ragina·
755 3918 785 3956 28
803 3906 938 3971 Neocretes]
960 3910 1024 3956 Nori
1035 3908 1123 3956 Cretes.
1139 3911 1174 3955 At
1185 3909 1238 3970 qni·

101 3987 110 3998 ⁸
175 3977 218 4021 rs'r'.
247 3976 329 4023 Recte.
359 3978 442 4037 Mysos
452 3976 514 4022 euim
525 3980 631 4022 maenaet
639 3976 690 4037 Ap·
722 3987 776 4022 nam
796 3975 832 4022 illi
852 3976 909 4033 rint,
925 3989 974 4022 non
996 3975 1083 4035 liquet:
1106 3974 1153 4019 nirl
1174 3975 1237 4034 quod

69 4091 73 4098 ,
175 4041 261 4101 planus
271 4039 333 4087 iuter
343 4043 434 4102 equitet
446 4039 586 4096 sagittarios.
723 4040 785 4102 apud
796 4041 878 4102 Polyb.
891 4041 907 4088 l.
918 4041 949 4086 V.
960 4053 1026 4100 capp.
1039 4043 1078 4087 65.
1090 4040 1114 4084 et
1126 4043 1165 4088 79·
1182 4040 1239 4086 Cro·

209 4111 238 4151 st
257 4105 379 4160 ludentia
391 4105 530 4162 multituda
537 4119 585 4167 pur
600 4106 624 4152 οἱ
640 4119 692 4166 que
724 4106 832 4154 tentibus
852 4105 1016 4166 adjunguntur
1034 4109 1058 4150 et
1080 4117 1238 4150 annumeran-

176 4172 205 4216 ἐκ
224 4171 306 4217 dextro
325 4187 398 4219 sorau
416 4167 480 4234 nur]
499 4171 556 4218 Fere
573 4185 631 4231 par:
649 4171 693 4217 ali·
723 4177 772 4218 tur.
1005 4225 1011 4232 .

175 4249 224 4296 qua
248 4235 310 4281 enirn
334 4237 454 4284 differunt.
493 4237 603 4283 Ceterum
630 4249 691 4283 non·
755 4242 786 4282 st
803 4235 895 4282 Nebula
914 4230 1049 4296 nantarius]
1073 4231 1168 4280 Nebula
1188 4247 1240 4279 rua·

176 4301 244 4346 nulla
255 4305 312 4347 runt
322 4303 348 4349 in
365 4308 417 4349 tuta
432 4302 477 4349 hae
487 4301 645 4362 descriptione
655 4301 692 4348 in·
723 4303 803 4348 totins
824 4301 915 4347 onenta
941 4299 979 4346 die
1007 4297 1130 4358 caliginem
1158 4298 1236 4349 datin

174 4366 296 4416 tricatam
306 4367 404 4425 ineerta,
416 4381 469 4429 qua
480 4368 509 4416 ιὰ
525 4367 640 4428 liquidum
651 4368 692 4414 arl-
721 4371 852 4430 arerernte,
862 4365 939 4414 lerata
949 4370 985 4412 est
996 4364 1023 4414 ia
1034 4362 1116 4414 nubea
