3104 4976
450 199 543 262 LlB.
564 199 691 266 XXXV.
718 199 931 262 CAR-VIII.
1164 209 1222 272 19⁵

156 360 345 444 magnitudo
359 363 432 428 aeris
446 363 550 442 alieni,
566 364 715 449 perhanc
730 363 870 432 fraudem
883 363 1049 440 contracti,
1066 361 1115 430 Μ.
1128 363 1216 430 Sem·
1226 377 1257 424 υ.
1269 379 1298 426 c.
1307 385 1363 430 aas.

155 447 287 528 pronius
302 449 446 516 tribunus
455 449 566 535 'plebis
580 473 620 514 ex
635 451 821 520 auctoritate
836 448 968 520 Patrnm
985 447 1109 533 plebem
1124 444 1257 538 roga-A·
1268 443 1295 493 ⁰·
1309 450 1380 494 ¹⁹³⁸
1415 499 1417 504 .

156 531 212 617 vit,
226 532 396 622 plebesque
417 535 517 618 scivit,
533 550 568 601 nt
582 537 608 577 ¹⁸
616 559 689 602 cum
711 537 803 600 sociis
824 557 862 599 ac
882 536 1009 603 nomine
1026 534 1143 601 Latino
1162 557 1217 620 pe-

156 618 261 682 cuniae
282 623 410 686 creditae
426 625 480 710 jus
502 623 595 700 idem,
611 623 696 709 quod
717 643 790 686 eum
805 622 925 686 civibus
941 621 1105 698 Romanis,
1126 635 1216 686 esset.

140 701 243 768 'Haec
264 705 298 768 in
314 707 406 772 Italia
429 709 516 794 domi
539 707 722 794 militiaeque
741 721 821 773 aeta.
864 707 902 770 ln
921 705 1078 793 Hispania
1098 728 1218 794 nequa-

89 815 97 830 ·
156 810 251 873 quam
267 804 389 860 tantum
405 794 480 858 belli
494 793 562 871 luit,
578 807 730 880 quantum
751 805 886 858 auxerat
904 791 997 858 fama.
1043 792 1082 858 C.
1098 792 1372 872 Flami-uatum.

156 875 226 940 nius
242 877 274 940 in
289 879 425 944 citeriori
448 881 604 964 Hispania
621 881 776 965 oppidum
793 879 924 944 Iluciam
947 881 980 943 in
997 879 1143 944 Oretanis
1164 875 1279 945 ne·¹³¹²·

155 959 219 1108 pit:
242 961 358 1030 deinde
371 966 405 1030 in
421 967 553 1030 hiberna
569 965 681 1030 milites
695 965 837 1031 deduxit.
859 979 892 1030 et
905 987 962 1050 per
976 965 1112 1030 hiemem
1128 987 1215 1050 proe-

168 1047 196 1111 ia
210 1047 341 1135 aliquot,
358 1051 444 1117 nulla
465 1052 617 1116 memoria
638 1051 748 1138 digna,
760 1050 907 1132 adversus
920 1051 1083 1116 latronum
1104 1053 1215 1136 magis,

156 1153 251 1216 quarn
275 1135 423 1216 bostium,
447 1139 656 1217 excursiones,
678 1137 766 1201 surio
790 1150 895 1204 tamen
919 1149 1045 1217 eventu,
1067 1159 1126 1202 nee
1148 1139 1217 1204 siue

155 1219 290 1284 militurn
307 1223 444 1308 jactura,
467 1236 541 1289 sunt
562 1223 655 1290 faeta.
700 1222 841 1310 Majores
859 1245 908 1286 res
929 1236 1027 1312 gestae
1041 1247 1060 1288 a
1075 1224 1123 1288 M.
1140 1224 1216 1290 Ful·

155 1305 217 1369 vio.
262 1307 295 1372 Is
308 1309 394 1394 apud
410 1307 559 1375 Toletum
582 1308 736 1395 oppidum
758 1331 830 1376 cum
847 1308 991 1374 Vaccaeis
1004 1309 1215 1376 Vettonibus·

156 1411 218 1476 que
240 1407 271 1457 et
287 1393 453 1460 Celtiberis
478 1396 574 1484 signis
600 1395 732 1462 conlatis
756 1394 935 1460 dimicavit:
964 1398 1136 1462 exercitum
1163 1420 1214 1462 ea-

155 1497 226 1579 rum
254 1481 396 1567 gentium
426 1481 507 1546 fudit
535 1481 734 1570 fugavitques
768 1502 875 1569 regern
901 1481 1079 1546 Hilermnm
1108 1483 1215 1550 vivum

155 1585 191 1627 ce
215 1577 249 1628 ll.
303 1587 321 1638 3
511 1623 517 1634 ,
1041 1633 1045 1640 ,

190 1585 295 1716 leII.
318 1653 481 1731 ¹⁹Qunm¹
497 1657 564 1720 baee
579 1657 610 1718 in
630 1654 788 1739 Hispania
798 1654 1000 1740 gerebantur,
1012 1654 1214 1720 comitiorum

150 1733 217 1820 jam
240 1735 409 1824 adpetebat
433 1741 511 1806 (lies.
532 1742 638 1827 itaque
654 1741 692 1805 L.
709 1741 876 1806 Cornelius
900 1739 1021 1814 consul,
1044 1740 1153 1806 relicto
1174 1740 1346 1806 aduenae-

154 1825 330 1911 exercitum
353 1825 402 1892 Μ.
420 1826 556 1894 Claudio
571 1827 686 1915 legato,
704 1827 842 1891 Romam
865 1826 958 1891 venit
1004 1825 1088 1899 Isin
1103 1822 1332 1892 senatulum*

154 1929 253 1992 quum
275 1911 315 1975 de
336 1913 432 1978 rebus
454 1913 495 1978 ab
517 1936 549 1978 se
569 1913 664 2002 gestis
689 1913 893 1994 disseruisset,
908 1911 1072 2014 ”qnoque
1083 1913 1115 1976 iu
1131 1887 1369 2013 statufflffim

154 1997 316 2077 provincia
330 2012 410 2064 esset
418 2023 427 2075 ;
449 2013 576 2086 questus
590 2014 636 2065 est
650 2021 722 2065 curu
740 1999 888 2064 Patribus
902 2011 1099 2083 eonscnptts,
1115 1999 1213 2086 qnod,
1223 2017 1377 2066 attinuerat,
1462 2080 1471 2098 ο

154 2093 243 2146 tanto
264 2083 347 2148 bello
374 2108 437 2150 una
460 2086 598 2152 secunda
621 2107 730 2173 pugna
752 2100 813 2150 tam
833 2084 964 2150 feliciter
984 2088 1134 2170 perfecto,
1149 2106 1214 2150 non

154 2180 234 2232 esset
255 2168 383 2235 habitus
397 2171 470 2236 Diis
493 2171 715 2238 inmortalibus
737 2170 850 2236 honos.
896 2171 1071 2236 Postulavit
1091 2172 1214 2251 deinde,

154 2267 189 2317 ut
203 2256 463 2340 supplicationem
480 2257 574 2323 simul
590 2257 784 2341 triumphum
810 2279 848 2322 ue
863 2257 1077 2323 decernerent.
1122 2258 1218 2323 Prius

154 2353 272 2416 tamen,
289 2365 383 2428 quam
399 2344 510 2409 relatio
523 2344 622 2420 fieret,
635 2344 677 2420 Q.
697 2280 856 2421 Metellus,
872 2345 925 2428 qui
940 2343 1051 2408 consul
1065 2343 1218 2410 dictatur·

155 2448 216 2510 que
246 2427 356 2506 luerat,
392 2431 515 2496 Literna
543 2433 644 2495 eodem
672 2439 813 2512 tempore,
840 2429 931 2507 dixit,
962 2441 992 2495 et
1019 2433 1150 2496 corssuls's
1174 2433 1218 2496 L.

157 2515 296 2580 Cornelii
319 2518 364 2580 ad
390 2528 536 2596 senatum,
560 2527 590 2582 et
613 2517 662 2582 M.
683 2516 831 2580 Marcelli
846 2519 902 2580 -ud
929 2539 1069 2604 magnum
1092 2529 1218 2602 partem

153 2610 336 2680 senatorum,
358 2605 484 2668 adlatas
508 2625 578 2680 esse,
606 2605 688 2668 inter
708 2625 740 2668 se
759 2613 948 2688 pugnantes:
971 2625 1063 2688 eoque
1085 2607 1216 2670 dilatam

153 2707 215 2750 esse
242 2691 500 2766 conmltationem,
530 2699 564 2753 ut
586 2687 789 2772 praesentibus
816 2689 991 2754 auctoribus
1019 2712 1123 2754 earum
1148 2693 1216 2754 lite·

152 2793 258 2836 rarum
283 2776 515 2857 disceptaretur.
560 2777 668 2858 Itaque
689 2783 872 2856 erspeetasse
892 2795 965 2854 sese,
978 2785 1013 2838 ut
1033 2778 1145 2851 consul,
1162 2777 1218 2860 qui

151 2859 243 2923 sciret
263 2860 304 2924 ub
324 2863 426 2946 legato
446 2883 500 2925 suo
518 2862 662 2926 adversus
683 2861 879 2941 asscriptum
900 2862 1029 2944 aliquid,
1045 2881 1134 2944 pssum
1154 2863 1218 2944 ipsi

152 2945 329 3010 veniendum
351 2956 436 3025 esset,
452 2949 610 3012 deduceret
631 2967 695 3010 eum
719 2966 816 3010 sensns
836 2945 985 3010 Romam:
1008 2967 1096 3030 quum
1117 2949 1214 3011 etiam
1293 2975 1300 2986 ¹

153 3033 347 3110 animasset,
358 3031 384 3072 ²¹
395 3033 446 3097 Ti.
454 3032 631 3118 Sempronio
643 3033 800 3116 imperium
808 3031 935 3096 habenti
943 3034 1031 3099 trudi
1040 3035 1215 3110 sancitum,

482 3165 491 3203 1
501 3169 728 3229 Dum-agereatur
736 3166 811 3214 Gran.
820 3167 889 3215 Crar.

186 3298 305 3346 18⁸Cum
321 3297 403 3364 sedis]
419 3301 468 3352 Qui
486 3301 597 3362 pecunias
613 3314 664 3347 mu·
698 3301 748 3357 dst,
759 3300 815 3346 dum
825 3301 925 3348 restitui
931 3299 1056 3348 uideretur.

152 3367 206 3410 tuss
217 3366 307 3413 civibus
318 3368 432 3413 Romanis
444 3367 569 3412 dedissent.
603 3365 665 3412 Socii
731 3371 761 3411 20
781 3364 1004 3427 Quoques'nstutu]
1019 3365 1211 3415 nostiusa·-

151 3430 214 3476 inter
230 3445 255 3477 ιι
272 3433 321 3478 suis
334 3432 425 3493 legibus
442 3433 479 3478 uti
495 3432 576 3492 procul
593 3431 666 3478 dnbio
697 3437 722 3477 te
744 3431 865 3477 Gronovio
889 3431 985 3478 abolent
1007 3432 1209 3491 praepositionem:

150 3495 271 3544 sinuntur.
697 3501 723 3543 ct
747 3496 782 3541 sic
813 3509 985 3555 nonnunquam
1006 3497 1098 3543 mavult
1121 3497 1211 3545 Livius.

183 3567 213 3610 19
224 3555 665 3624 Dumaoectauupmsaagermrur]
696 3561 747 3608 Lib.
760 3559 807 3607 111.
823 3576 843 3606 e.
861 3565 900 3608 68.
919 3561 986 3616 sts‘d
999 3561 1116 3608 saman?
1128 3566 1212 3626 paiens
1269 3613 1276 3622 ¹

149 3623 246 3673 Medius
257 3643 270 3673 e
281 3625 333 3674 MS.
344 3639 387 3674 suo
405 3629 504 3688 protert,
518 3627 598 3681 Quum
613 3625 664 3673 lsaee
696 3632 728 3672 ια
738 3639 776 3672 res
785 3633 869 3672 neme
878 3640 922 3687 quo
933 3633 1000 3672 statss
1007 3634 1072 3675 sust.

148 3690 663 3753 usHupaniageretansar.vicror.quoque
728 3697 756 3738 at
778 3689 1211 3754 ntuentpmumpereumtatesu]

148 3756 220 3803 codex
238 3758 310 3804 habet
326 3771 403 3819 quam.
436 3757 488 3804 Nee
499 3769 663 3802 morasnmus
697 3757 743 3804 cui
765 3755 888 3816 imperinm
908 3771 936 3802 ex
955 3760 1081 3806 consulatu
1101 3771 1211 3817 proruas·

149 3823 272 3882 cuiqnam,
288 3824 415 3883 quominus
437 3823 501 3868 illam
525 3821 663 3883 particulam
695 3828 747 3868 tuns
768 3829 828 3878 esst,
844 3828 876 3868 ut
897 3819 1018 3883 colligitur
1040 3837 1069 3869 ex
1087 3837 1107 3868 u.
1132 3825 1172 3868 56.
1192 3823 1210 3869 l.

146 3886 271 3935 inlocum
295 3887 325 3935 sii
342 3889 398 3935 duas
419 3887 536 3935 admittat.
569 3885 615 3932 Sed
634 3886 663 3933 il·
695 3886 817 3933 XXXIV.
843 3885 954 3933 *Tamen
969 3895 1106 3949 supeant.
1119 3888 1212 3948 legatas

148 3954 190 4000 lud
201 3953 310 4001 muntiri
328 3967 377 4001 nou
393 3965 518 4014 possumus
529 3951 661 4007 (leonnato,
695 3951 745 4009 ille,
763 3952 846 3999 itidem
869 3956 897 3998 nt
912 3953 948 3998 Μ.
959 3952 1095 4008 Marcellus,
1114 3952 1209 3998 dieitur.

148 4019 267 4076 vulgatam
288 4021 413 4066 lectionem
431 4014 563 4078 conuulfus,
581 4022 606 4062 et
617 4017 663 4062 ta-
694 4017 804 4065 'rNoster
814 4018 878 4064 vies.
890 4023 919 4063 nt
928 4023 955 4064 et
967 4031 1030 4065 unus
1041 4032 1055 4062 a
1066 4015 1136 4064 MSS.
1149 4017 1208 4062 Gre-

146 4083 198 4131 tins
217 4087 271 4132 utet
284 4085 383 4132 omniun
399 4083 506 4130 debuisse
524 4084 592 4130 Dassa
612 4081 662 4128 lec
694 4084 813 4140 novisnis,
832 4082 970 4142 Smprons'o
990 4084 1061 4130 Tito:
1084 4086 1113 4126 ut
1131 4081 1209 4132 lesen·

146 4153 286 4210 agebantur.
312 4151 420 4210 Utroque
435 4149 498 4195 enim
512 4149 582 4195 modo
597 4148 661 4194 Lati·
694 4146 1118 4208 dnmvidesturSemprnus'oTs'tsrs'u.
1135 4145 1208 4190 Amat

147 4218 321 4276 usuratioest.
353 4215 385 4260 Et
404 4216 454 4276 ipse
471 4214 606 4260 Gronovius
621 4214 656 4258 in·
690 4214 881 4262 eniniuterdnur
893 4209 1206 4273 Livinsprssnnminapost·

146 4283 191 4340 trs,
202 4297 222 4331 c.
234 4285 276 4329 ³6.
288 4280 327 4326 ubi
334 4277 430 4341 legitur,
436 4275 577 4338 libertatem,
585 4293 658 4340 ῃιιιιι
689 4292 776 4339 ponere
786 4278 928 4325 nominibus.

144 4349 243 4396 restitus*
254 4346 382 4404 uideretur,
395 4347 560 4405 interceptam,
578 4349 658 4392 emen·

739 4417 794 4468 o‘l
