3042 4954
428 200 523 263 tra.
543 201 677 264 xxxn.
708 204 812 264 car.
835 203 876 262 11.
1134 218 1173 280 49

106 371 217 427 monte
229 361 363 430 Albano
382 342 506 432 Litinis
526 387 664 444 caruem,
679 379 715 432 ut
728 365 858 444 adsolet,
874 367 980 434 datam
1002 389 1070 436 non
1089 393 1165 438 esse.
1176 393 1206 439 u.
1218 395 1246 441 o.
1257 399 1312 444 aaa

104 447 160 512 Ab
177 448 289 514 Suessa
310 453 494 518 nunciatum
515 466 573 530 est,
589 453 667 518 duas
691 466 807 539 portas,
831 452 983 540 quodque
1006 453 1088 522 inter
1113 458 1203 524 erras!l
1216 461 1243 536 ⁰,-
1256 468 1308 537 {⁹9·

103 534 590 631 sustentamentum
613 553 644 604 a
660 539 821 604 norman
840 539 935 626 regau
949 539 1051 608 aeuem
1064 524 1290 620 muffulae·

101 630 185 683 rtem
203 621 363 688 Ostienses
377 624 479 690 aedem
493 625 591 704 lovis,
608 637 640 690 et
655 625 810 690 Veliterni
825 625 984 709 Apollinis
999 637 1032 692 et
1044 625 1057 664 ⁵
1067 629 1163 696 Sanci

102 705 200 780 ardu,
215 721 248 772 et
263 708 298 775 iu
314 709 465 776 Herculis
485 711 555 776 aede
577 710 725 796 capillum
745 721 890 776 enatum:
914 724 947 778 et
966 733 1007 778 ex
1026 712 1163 781 Bruttiis

101 789 145 856 eb
160 790 207 867 Q.
224 793 374 860 Minucio
396 811 592 882 propraetore
611 798 774 884 seriptum,
789 797 956 882 equuleum
974 800 1162 885 cumquin·

100 898 164 962 que
191 879 339 962 pedibus,
361 881 467 966 pullos
490 883 679 966 gallinaceos
701 896 764 949 tres
790 904 862 947 cum
893 883 989 950 ternis
1016 884 1160 968 pedibus,

99 975 194 1032 natos
214 987 292 1030 esse.
337 967 420 1032 Inde
441 969 513 1034 aP.
528 970 670 1055 Sulpicio
693 967 882 1053 proconsule
903 991 945 1036 ex
967 969 1161 1040 Macedonia

99 1047 204 1116 literas
219 1051 349 1131 adlatae,
359 1055 394 1118 in
409 1056 522 1141 quibus
537 1056 621 1120 inter
641 1069 744 1120 cetera
759 1053 911 1138 scriptum
926 1069 1005 1137 erat,
1020 1056 1159 1126 lauream

96 1135 131 1200 in
145 1139 255 1222 puppi
267 1142 357 1204 uaris
371 1141 475 1227 longae
489 1155 624 1207 enatam.
661 1141 817 1208 Priorum
836 1141 1055 1230 prodigiorum
1069 1165 1160 1210 osus·

96 1244 131 1286 se
149 1238 283 1290 senatum
304 1241 478 1306 censuerat,
492 1241 529 1294 ut
549 1228 693 1294 consulas
712 1226 885 1314 majoribus
905 1227 1028 1310 hostiis,
1043 1223 1159 1316 quibus

97 1307 171 1373 Diis
185 1309 362 1390 videretur,
377 1315 598 1380 sacrificarent.
617 1315 660 1378 ob
673 1315 736 1378 hoc
752 1335 851 1378 unum
873 1313 1053 1402 prodigium
1069 1339 1157 1382 arus·
1270 1339 1273 1350 ’

96 1395 183 1478 pices
198 1395 235 1462 iu
249 1410 394 1466 mnatum
419 1402 529 1477 vocati,
544 1413 641 1486 atqua
654 1423 694 1464 ex
710 1421 861 1484 responso
876 1423 985 1466 eorum
1000 1403 1157 1487 supplica-

112 1480 119 1494 '
156 1485 282 1567 populo
295 1484 329 1554 in
349 1486 433 1551 diem
452 1508 550 1555 unum
565 1486 680 1567 edicta,
691 1499 723 1552 et
739 1486 780 1550 ad
795 1486 902 1550 omnia
915 1486 1091 1570 pulvinaria
1104 1511 1155 1554 res

96 1565 215 1636 divina
229 1568 335 1637 laam.

138 1653 187 1719 ΙΙ.
213 1654 497 1744 Karthaginienses
510 1681 549 1723 eo
562 1679 647 1722 anuo
661 1669 824 1743 argeutum
848 1657 880 1720 iu
900 1656 1090 1742 stipendium
1105 1660 1277 1740 indtsrtmg.

96 1741 236 1822 positum
250 1744 392 1827 primum
409 1745 544 1810 Romam
566 1745 769 1810 advexerunt.
790 1742 823 1806 id
845 1743 919 1830 quia
935 1742 1073 1826 probum
1088 1741 1310 1822 „mutuamur-

97 1848 160 1890 esaa
173 1844 351 1912 quaestores
360 1832 629 1908 renunciaverunt,
645 1828 942 1916 experientibusque
952 1829 1047 1914 ⁶pars
1058 1852 1152 1915 quar·
1160 1804 1313 1920 ffiffim
1326 1845 1328 1850 '

97 1923 127 1979 ta
139 1912 276 1979 demicte
289 1929 367 1994 erat,
384 1919 519 2001 pecunia
534 1917 649 1998 Βιιιιιιι
663 1929 773 1982 mutua
787 1928 901 1996 sumta,
916 1915 1150 1982 ⁷intertrimen-
1159 1941 1227 1982 vanc

97 2009 160 2062 tum
182 2003 313 2088 argenti
337 2002 572 2088 suppleverunt.
618 2002 801 2068 Petentibus
822 2001 946 2078 deinde,
969 2017 1013 2080 ut,
1036 2003 1062 2068 si
1082 2003 1149 2088 jam

94 2083 254 2152 rideretur
274 2090 408 2166 senatui,
424 2089 548 2156 obsides
562 2088 621 2153 sibi
635 2088 852 2165 redderentur,
867 2089 1014 2154 8οειιιιιιιι
1034 2090 1151 2154 redditi

93 2169 224 2238 obsides.
246 2175 286 2239 de
300 2178 422 2255 ceteris,
437 2175 461 2240 si
482 2177 517 2241 in
538 2175 602 2240 fide
624 2186 852 2260 permanerent,
868 2197 939 2258 epea
952 2174 1042 2239 iacta.
1090 2176 1149 2241 Pe·
1158 2195 1272 2246 otricum

92 2257 231 2324 tentibus
247 2260 370 2339 dedero,
387 2262 443 2347 qui
457 2284 520 2328 nou
536 2261 750 2327 reddebantur
768 2259 904 2337 obsides,
920 2272 956 2325 ut
970 2261 1011 2325 ab
1027 2261 1148 2340 Norba,
1157 2263 1252 2338 persii·

92 2344 147 2408 ubi
160 2367 278 2428 parum
288 2348 463 2412 commode
477 2361 590 2426 essent,
606 2347 668 2412 alio
689 2347 938 2424 traducerentur,
954 2327 1255 2426 conoessum,¹“¹‘¹'‘⁸·

93 2443 127 2495 ut
142 2433 289 2520 Signiam
305 2445 337 2498 et
354 2433 556 2500 Ferentinum
580 2433 761 2500 transirent.
805 2432 975 2497 Gaditanis
996 2435 1071 2498 item
1094 2455 1149 2519 pe·

93 2517 231 2584 tentibus
253 2521 429 2597 remissum,
444 2521 507 2586 ⁹ne
527 2520 695 2606 praelectus
711 2519 819 2584 Gades
834 2520 1022 2596 mitteretur,
1038 2521 1150 2586 adrer-

93 2627 143 2670 sus
157 2605 247 2692 quod
258 2606 309 2684 iis,
322 2608 358 2670 iu
379 2606 474 2675 fidem
497 2607 607 2693 populi
624 2606 761 2671 Romani
776 2604 986 2683 venientibus,
1002 2629 1074 2672 cum
1091 2608 1151 2674 L.‘

93 2691 217 2756 lleroio
232 2692 378 2778 Septimo
392 2695 597 2762 convenisset.
642 2691 685 2757 Et
700 2692 924 2758 Narniensium
935 2691 1056 2779 legatis,
1073 2717 1149 2778 que·

92 2777 233 2858 reatibus
257 2779 300 2860 ad
326 2801 494 2845 numerum
517 2779 583 2852 sibi¹
600 2778 730 2846 colonos
753 2799 818 2843 uon
844 2799 919 2853 esse,
943 2791 975 2842 et
998 2779 1149 2844 inmixtos

92 2864 243 2948 quosdam
257 2887 324 2930 nou
346 2866 398 2931 sui
418 2868 542 2949 generis
562 2887 622 2952 pro
643 2863 764 2928 colonis
785 2885 818 2926 se
838 2884 959 2948 gerere,
974 2885 1082 2928 earum
1098 2887 1148 2928 re-

94 2972 161 3016 rum
187 2972 299 3016 caussa
323 2953 490 3018 tresviros*¹
515 2973 622 3018 creare
646 2953 683 3016 L.
702 2948 869 3016 Cornelius
888 2948 1006 3014 'consul
1029 2950 1146 3033 jussus.

93 3037 188 3102 creati
204 3037 245 3102 P.
265 3051 298 3102 et
319 3039 392 3103 Sex.
408 3037 490 3103 AElii
513 3039 625 3124 (Paetis
644 3036 702 3102 fuit
726 3034 879 3101 ambobus
902 3036 1092 3118 cognomen)
1115 3055 1148 3102 et

95 3121 311 3194 c.corne1ius
327 3123 496 3198 Lentulus.
519 3125 606 3215 quod
618 3122 846 3190 Narniensibus
858 3121 968 3186 datum
983 3133 1061 3206 erat,
1077 3121 1147 3188 l⁰ut

256 3265 311 3312 ‘h
323 3264 455 3313 delerem
644 3260 813 3310 'retusam
823 3261 898 3308 Grou.
911 3259 977 3308 Cres.

119 3375 239 3441 admei]
249 3379 359 3428 senonis
368 3379 449 3438 Βιιιί,
457 3381 499 3441 qul
508 3389 532 3427 et
541 3381 602 3428 Dius
634 3381 737 3426 disertos
758 3384 865 3426 suctores
885 3390 955 3437 super
968 3377 1048 3424 eadere
1066 3390 1092 3425 re
1109 3391 1145 3426 se·

92 3442 168 3491 lidius
185 3445 326 3498 ιιιώιιιιι.
358 3447 441 3494 Deeo
457 3446 558 3494 diximus
573 3445 603 3494 sd
634 3451 716 3498 cutura
727 3458 786 3490 esra
819 3443 977 3490 Nisieiiorte
993 3447 1090 3490 sensim
1104 3444 1146 3490 ed.
1187 3467 1189 3472 .

93 3507 267 3560 tvuteaa
634 3512 695 3558 didit
725 3511 754 3556 sd
786 3521 909 3556 numerum
932 3506 1052 3564 obsidum,
1074 3521 1143 3566 utrem

119 3575 214 3623 ‘Pera
231 3585 319 3640 ,aare
337 3578 432 3626 ἀιωιιι
449 3575 514 3642 erut]
530 3578 600 3624 Ferte
631 3575 709 3636 Scipio
727 3575 839 3636 primum·
852 3571 1088 3633 Carthaginiensibus
1106 3575 1144 3620 in·

92 3647 168 3697 turta
187 3640 344 3690 imminutum
361 3644 441 3692 tuem
462 3646 598 3705 metatura,
631 3641 727 3688 dixerat.

92 3717 156 3763 quun
165 3707 221 3770 igni
231 3709 378 3769 probaretur.
662 3706 747 3756 9οΜ
758 3704 886 3765 proficies
904 3702 980 3750 oasa
994 3704 1141 3758 miumtdr,

116 3779 131 3822 7
147 3775 360 3822 Ιιιιιιιίιιιιιιι
366 3769 599 3836 aegerrimam
631 3772 742 3818 aduersus
764 3765 835 3832 quod]
854 3770 935 3828 iunge
952 3769 1002 3816 beo
1019 3768 1064 3816 sibi
1081 3767 1143 3816 iuvi·

92 3831 147 3884 illua
163 3843 267 3900 μισ»,
283 3855 355 3901 quus
373 3844 499 3904 argeutum
517 3853 597 3886 moso·
629 3851 687 3884 aem.
720 3836 839 3884 Nimirum
860 3839 943 3880 sootrs
958 3847 986 3880 aa
1005 3847 1056 3892 que
1074 3838 1143 3893 parts

92 3903 136 3949 isar
146 3907 264 3952 ιιίιιιιι.
629 3904 723 3950 fueraut
742 3901 875 3948 Gaditanos
892 3900 956 3946 iuter
973 3904 998 3946 st
1014 3900 1142 3956 Marcium,

120 3975 133 4014 ἱ
149 3972 250 4042 Qus
257 3970 348 4020 redditi
358 3970 452 4018 srbss‘rles¹
466 3971 494 4017 de
503 3965 598 4030 saeris]
629 3969 752 4029 praelectus
772 3967 802 4012 sb
820 3967 897 4012 Βοιιιι
907 3965 984 4012 Gades
1000 3964 1065 4012 mitti
1076 3977 1142 4023 eoep·

92 4029 240 4097 Atquisuprs
259 4037 276 4081 i.
293 4035 383 4082 XXX.
402 4051 423 4083 c.
439 4041 480 4086 87.
500 4043 596 4082 eentum
628 4037 736 4080 tereret.
771 4032 844 4078 Nuuo
855 4044 911 4091 ergo
922 4030 1049 4078 Gaditanis
1058 4035 1141 4088 potem

93 4100 180 4148 turino
200 4101 296 4149 oirsidss
316 4101 372 4148 dere
387 4101 504 4160 jubentur
519 4113 535 4146 ι
545 4100 595 4146 Soi-
628 4099 693 4145 tibus
711 4097 858 4150 conceditur,
870 4107 901 4142 ne
909 4096 959 4154 jem
972 4095 998 4141 iu
1009 4104 1140 4141 eorum-ur-

93 4161 155 4220 pisus
167 4168 242 4214 Preni.
276 4167 314 4214 At
322 4166 526 4226 apprensum
535 4165 595 4212 usu.
628 4162 816 4223 berupralectus
830 4161 948 4208 mittatur.
978 4155 1140 4217 Depraeisotir

26 4243 28 4260 ι
92 4225 148 4276 Pru·
161 4239 257 4284 euram
277 4231 450 4292 quinquaginta
466 4232 497 4278 eb
513 4230 594 4276 sudem
624 4229 674 4288 juri
685 4229 787 4276 dicundo
797 4227 844 4273 vid.
856 4229 907 4272 not·
920 4233 959 4275 77.
970 4225 999 4270 ad
1012 4223 1056 4268 IX.
1069 4226 1108 4266 su.

93 4288 192 4353 Scipione
204 4297 430 4359 postuletcetredit.
462 4296 596 4342 Verisimile
663 4299 691 4339 10
711 4291 743 4340 Ut
761 4293 895 4338 sannorum
916 4302 1027 4335 numme
1049 4295 1141 4343 augme·

28 4385 29 4388 =
94 4359 222 4410 mairiam
238 4364 279 4409 bic
291 4376 395 4423 quoque,
407 4367 436 4408 ut
453 4375 514 4423 sape
525 4361 594 4419 stes,
627 4356 680 4420 ter]
704 4359 868 4413 Perfioaratur,
896 4353 1065 4407 absolveretur,
1085 4359 1139 4406 par·

27 4423 29 4454 ²
132 4443 199 4488 voa.
215 4447 272 4494 ιιι.
675 4441 696 4484 Ε
