3082 4976
466 188 563 248 nra.
585 189 652 248 xn.
681 189 784 248 car.
805 185 889 248 xvr.
1157 194 1218 280 me

187 349 281 415 XVI.
305 349 437 416 Dicenti
465 351 536 416 lraec
574 350 836 418 lacrlmae'simul
867 353 1014 437 spiritum
1044 365 1075 424 et
1104 377 1212 422 vocem·
1225 377 1363 428 uuus.

140 437 398 502 intercluserunt.
445 437 623 522 Philippus,
638 439 794 518 submotis
809 439 857 522 iis,
874 439 1047 526 paullisper
1061 441 1213 508 conloca·
1223 444 1255 494 A.
1265 445 1292 490 ⁰⁴
1309 451 1363 501 Μ’·

141 534 192 587 tus
214 546 287 590 cum
309 524 429 601 amicis,
445 525 686 609 pronunciavit:
709 527 781 590 Non
794 528 888 592 sabis
902 549 944 604 se,
960 549 1014 592 nec
1028 529 1117 592 tinius
1132 530 1213 594 lmrce

143 610 368 692 disceptetimre,
385 631 524 675 caussam
544 633 644 676 eorum
658 610 902 696 uindicaturum,
917 617 972 678 sed
986 615 1164 698 inquirendo
1178 618 1212 679 in

143 697 296 780 ulmosque
310 698 415 772 uitam,
430 719 542 774 mores,·
565 709 594 762 et
609 699 690 762 dictu
704 695 856 782 suetoque
869 701 900 764 in
915 701 1037 785 mugnis
1048 702 1211 786 parcisque

141 783 228 846 rebus
254 785 454 848 obseruando:
484 796 521 850 ut
549 783 698 848 omnibus
723 785 901 869 adpareret,
927 787 1030 852 noctis
1052 787 1210 872 proximae

143 868 262 934 crimen
287 868 378 934 facile
403 869 574 948 revictum3
598 873 777 954 suspectam
799 871 930 948 nimiam
957 894 1029 938 cum
1055 873 1210 938 Romanis

141 953 300 1034 Demetrii
323 956 458 1042 gratiam
486 979 562 1021 esse.
608 955 704 1036 Haec,
719 957 791 1023 vivo
808 957 1211 1044 Philippo,·velut‘semina

135 1041 224 1126 jacta
246 1055 321 1106 sunt
337 1041 541 1108 Macedonici
563 1042 648 1120 belli,
665 1043 752 1129 quod
774 1045 912 1108 maxime
933 1067 1007 1108 curn
1025 1047 1143 1113 Perseo
1156 1069 1211 1134 ge·

141 1127 277 1192 rendum
289 1141 366 1192 erat.
412 1129 566 1194 Consules
576 1129 672 1194 ambo
682 1129 716 1194 in
729 1130 876 1218 Ligures,
889 1153 962 1217 quas
973 1145 1040 1196 tum
1057 1153 1119 1210 una
1135 1153 1208 1198 con·
1220 1148 1267 1195 Res
1276 1147 1349 1196 innt-

139 1212 254 1278 sulsris
268 1215 434 1300 provincia
446 1228 522 1291 erat,
533 1216 790 1298 proficiscuntur.
805 1231 846 1295 et,
858 1219 933 1303 quia
942 1239 1093 1306 prospere
1103 1218 1148 1283 ibi
1160 1241 1210 1284 res
1220 1213 1289 1274 &⁰¹³⁸
1299 1225 1352 1275 W·

139 1315 315 1384 gesserunt,
332 1300 524 1386 supplicatio
539 1302 572 1365 in
591 1323 689 1366 unum
705 1303 790 1368 diem
806 1303 936 1370 decreta¹
948 1317 1005 1370 est.
1049 1304 1210 1392 Ligurum
1221 1285 1260 1330 ω’

140 1385 208 1450 duo
224 1387 322 1454 millia
344 1387 409 1454 fere
431 1387 472 1452 ad
493 1403 672 1454 extremum
699 1389 795 1454 finem
821 1390 995 1474 provinciae
1012 1390 1138 1474 Gallice,
1157 1393 1210 1458 ubi

139 1483 243 1537 cestra
254 1473 428 1543 Marcellus
439 1473 586 1552 habebat,
599 1488 764 1552 venerunt,
777 1477 825 1546 uti
832 1478 1063 1560 reciperentur,
1073 1490 1210 1542 orantes.

140 1557 326 1640 Marcellus,
341 1561 483 1645 opperiri
494 1561 604 1625 eudem
616 1561 687 1626 loco
696 1562 868 1649 Liguribus
878 1564 984 1647 jussis,
993 1575 1140 1628 senatum
1153 1586 1211 1648 per

138 1645 246 1710 literas
261 1648 435 1726 consuluit·
457 1647 593 1711 Senatus
604 1647 776 1724 rescribere
786 1647 837 1714 M.
850 1647 1030 1736 Ogulnium
1039 1653 1210 1736 praetorem'

141 1731 299 1798 Marcello
313 1732 426 1819 jussit:
454 1735 559 1798 Verius
565 1731 673 1815 fuisse,
689 1735 833 1812 consulem
849 1755 976 1819 quartem
994 1736 1149 1818 prouincia
1163 1759 1211 1807 es·

139 1829 197 1898 sei,
213 1841 304 1904 quum
312 1842 354 1900 se,
364 1820 440 1904 quid
451 1843 467 1883 e
478 1821 627 1901 republica
633 1831 721 1898 ‘esset
734 1823 890 1886 decemrere
895 1856 907 1894 ‚·
924 1821 1018 1886 ⁵⁴tum
1028 1845 1212 1908 quoquenon

133 1906 271 1988 placere,
279 1907 305 1970 si
311 1928 368 1988 per
377 1906 556 1970 deditionem
568 1907 699 1991 Ligures
710 1909 830 1990 recipiet
836 1915 856 1985 ⁸,
867 1909 992 1990 receptis
1001 1931 1087 1974 arma
1096 1910 1194 1988 adimi
1200 1936 1211 1972 .·

139 2002 238 2076 utque,
255 2014 306 2058 eos
319 1991 394 2056 ⁵⁵ud
404 1993 552 2056 consulem
566 1994 653 2068 initii,
667 2005 794 2060 emotum
804 2015 921 2079 aequum
930 2017 1055 2059 censere.
1089 1995 1211 2062 Praete·

140 2099 191 2142 res
206 2078 317 2144 eodem
334 2091 487 2161 tempore,
503 2078 530 2117 ⁵⁶
539 2078 577 2143 P.
596 2077 739 2154 Manlius
751 2080 789 2144 in
800 2079 986 2144 ulteriorem
1003 2081 1208 2166 Hispaniam,
1221 2097 1250 2143 ιη
1263 2097 1351 2158 nispe.

139 2187 236 2250 quam
252 2178 285 2229 et
299 2163 405 2249 priore
418 2177 560 2250 praetura
581 2166 778 2249 provinciam
794 2167 993 2243 obtinuerat;
1018 2167 1060 2242 Q.
1078 2169 1210 2236 Fulvius
1221 2163 1269 2211 ¹¹⁵⁸·

140 2250 276 2331 Flaccus
305 2252 339 2313 in
369 2251 547 2322 citeriorem
577 2251 732 2336 pervenit,
758 2252 997 2338 exercitumque
1022 2254 1212 2321 aTerentio

139 2339 273 2422 accepit.
302 2337 410 2400 ⁵⁷nam
444 2337 575 2406 ulterior
603 2350 707 2402 morte
730 2336 768 2402 P.
786 2338 967 2422 Sempronii
998 2343 1213 2422 proconsulis‘

139 2424 208 2488 sine
222 2424 357 2508 imperio
369 2422 481 2488 fuerat.
521 2423 668 2488 Fulvium
680 2423 830 2494 Flaccum
846 2423 1000 2508 oppidum
1014 2425 1209 2510 Hispanum,

142 2509 318 2580 Urbicuam
332 2508 721 2598 nornine,-obpugnautem
734 2509 885 2577 Celtiberi
895 2511 998 2575 adorti
1010 2524 1094 2576 sunt.
1117 2513 1212 2578 Dura

137 2596 184 2660 ibi
200 2595 317 2680 proelia
330 2595 451 2683 aliquot
465 2595 563 2672 factm
586 2596 681 2661 multi
696 2596 836 2672 Romani
861 2597 976 2662 milites
997 2611 1029 2662 et
1043 2599 1210 2677 vulnerati,

139 2696 172 2748 et
195 2681 350 2748 interlecti
368 2695 451 2754 sunt.
477 2683 586 2748 ⁵⁸victi
611 2685 845 2767 perseverantia
861 2682 999 2761 Fulviiu,
1015 2685 1102 2770 quod
1125 2687 1212 2752 nullu

138 2769 171 2832 vi
193 2768 334 2848 abstrahi
356 2772 396 2834 ab
419 2768 586 2834 obsidione
608 2769 725 2852 potuit,
741 2768 903 2847 Celtiberi,
918 2768 989 2834 fessi
1013 2772 1135 2854 proeliis
1151 2789 1211 2836 ‘va-

139 2855 197 2919 riis
217 2858 446 2920 abscesserunt.
469 2854 555 2931 urbs,
571 2867 679 2920 amoto
702 2856 823 2920 auxilio
844 2873 966 2935 eorum,
989 2859 1071 2920 intra
1092 2880 1212 2941 paucos

137 2941 209 3008 dies
225 2955 316 3026 capta
329 2956 363 3006 et
377 2941 502 3028 direpta
517 2955 580 3008 est:
603 2941 746 3026 proedam
769 2942 922 3007 militibus
945 2955 1064 3026 praetor
1082 2966 1212 3010 conces-

140 3029 192 3094 sit.
238 3028 379 3106 Fulvius,
404 3029 466 3094 hoc
487 3027 608 3114 oppido
630 3039 734 3112 capto,
753 3027 791 3094 P.
809 3027 963 3108 Manlius,
979 3030 1118 3120 exercitu
1141 3042 1211 3095 tan-

173 3191 183 3218 ¹
190 3185 287 3248 plaeere
296 3187 352 3243 eidi,
361 3200 406 3247 pet
416 3187 439 3232 d.
450 3187 481 3232 L·
493 3187 579 3246 recipi,
592 3193 616 3233 et
632 3187 733 3248 receptis
744 3191 788 3233 etc.
799 3185 873 3232 Gron.
888 3186 955 3232 Crer.
1037 3185 1046 3216 ³
1056 3185 1211 3246 propretoris
1266 3215 1268 3220 .

137 3251 209 3316 Eeu,
271 3252 354 3300 uuicit
361 3266 387 3313 p.
399 3251 501 3298 Fulvius
509 3251 574 3298 neu.

172 3391 203 3434 et
221 3382 393 3448 semperque]
405 3386 521 3437 Quamvis
530 3399 579 3434 nou
590 3399 659 3434 mus-
714 3389 755 3448 Ι56
772 3386 923 3434 Ridendum
935 3387 961 3432 iu
973 3386 1108 3432 ulteriorem
1118 3387 1210 3448 Hr‘spa-

136 3459 190 3509 tus,
209 3451 249 3498 ted
269 3452 395 3500 consulum
415 3452 559 3499 sententiam
578 3453 659 3512 exqui-
690 3453 767 3508 niam,
779 3465 853 3512 quam
863 3458 886 3498 et
894 3452 977 3511 priore
987 3457 1100 3510 praetura
1111 3455 1210 3511 procin-

137 3531 190 3564 rere
207 3516 334 3573 decuisset,
348 3531 373 3563 ee
389 3521 469 3564 tumen
484 3518 589 3566 dicturos
601 3517 659 3580 quid
692 3518 755 3564 ciam
764 3513 910 3578 obtinuerat]
926 3516 992 3562 Huic
1003 3522 1084 3562 temen
1095 3516 1121 3563 iu
1132 3518 1211 3578 priore

135 3583 253 3641 sentient,
273 3596 368 3641 nempe,
388 3597 436 3628 aen
451 3583 553 3644 ptume,
572 3585 596 3630 ei
614 3597 659 3644 per
691 3587 794 3643 prature
824 3580 919 3628 citerior
946 3581 1065 3643 Hispanis
1096 3583 1211 3643 obtigisse

136 3648 281 3696 deditionem
298 3648 405 3708 ligures
425 3649 535 3708 recipiet,
557 3649 659 3709 receptio
691 3651 836 3694 memoratur
857 3661 873 3693 a
893 3647 970 3705 Lirio,
994 3661 1066 3708 cupre
1086 3647 1211 3696 xxxru.

137 3713 299 3762 medieni.
332 3713 371 3758 Ite
381 3713 445 3758 enim
463 3713 589 3774 legendum
607 3727 659 3760 eece
691 3719 732 3760 ⁴8.

136 3795 167 3828 ex
184 3777 371 3826 merueram
385 3782 504 3838 putemus.
538 3779 600 3829 Qun
618 3779 659 3826 bie
724 3777 856 3828 wNem
865 3773 977 3840 uberim]
992 3779 1058 3824 Ante
1073 3778 1125 3825 hnc
1139 3779 1211 3825 verbe

135 3847 252 3893 dicuntur
268 3843 296 3890 de
317 3857 366 3890 non
389 3843 520 3890 adimendis
530 3844 611 3897 ermis,
622 3844 658 3890 vi·
691 3844 774 3904 supple
784 3855 813 3889 ex
829 3856 915 3889 senen:
932 3842 970 3890 Ab
988 3844 1056 3890 nullo
1072 3845 1210 3904 precarer.

135 3913 226 3958 deutur
247 3923 276 3955 ee
294 3913 375 3956 mente
399 3907 517 3970 appositu,
536 3914 565 3955 ut
585 3909 658 3956 tecite
690 3908 935 3955 Menliueexercitum
945 3907 1043 3970 accepit.
1068 3909 1188 3955 Nemete.

136 3975 319 4037 aprobreretur
328 3975 352 4021 id
364 3974 487 4031 Marcello,
501 3975 565 4034 quod
581 3974 659 4034 priore
723 3979 754 4020 et
785 3973 854 4020 Vicit
881 3973 1060 4034 perseverentia
1095 3971 1210 4038 Fuluiae]

137 4055 205 4089 euno
217 4039 301 4087 consul
309 4039 405 4099 iecerat,
418 4041 475 4088 dum
485 4040 561 4086 Gallis
572 4039 659 4088 deden·
691 4037 755 4086 vict
766 4042 794 4086 et
809 4039 849 4086 elii
868 4040 949 4100 scripti
961 4040 1055 4086 hebent
1064 4039 1123 4086 uicti
1130 4054 1211 4099 perse·

137 4109 205 4155 tibue
225 4119 251 4152 ee
268 4107 333 4151 erma
350 4106 476 4154 edement.
508 4105 658 4166 Vid.supre,
691 4105 799 4151 wanda
816 4105 908 4152 hott.
939 4104 976 4151 Ex
993 4110 1094 4163 utreque
1110 4103 1212 4150 lectione

138 4174 182 4222 lib.
190 4170 345 4220 xxxmo.
357 4177 404 4218 Ην
691 4169 781 4230 enquid
796 4171 936 4222 tenendum,
947 4169 1036 4229 aliquid
1053 4167 1211 4228 objiciendum

174 4243 205 4286 55
222 4237 266 4284 Ad
274 4234 404 4300 mnes]
419 4238 483 4300 Lege
493 4251 548 4286 cum
560 4236 659 4298 sigonio
691 4235 864 4293 censuerimus,
884 4235 1058 4294 legendumque
1075 4248 1129 4283 eum
1148 4235 1211 4282 (im-

136 4309 164 4351 et
188 4301 311 4351 Gronotio
340 4303 374 4349 ed
401 4305 512 4351 emulor.
553 4303 659 4364 Uterque
692 4301 1020 4362 noviocier'tpereeverante'a
1031 4300 1121 4347 Fulvii.

138 4366 505 4424 eulm'eemuliubieurieeret.
973 4385 976 4393 ¹
1006 4380 1007 4394 ¹

720 4427 818 4493 nh3
