<?xml version="1.0" encoding="UTF-8"?>
<!DOCTYPE html PUBLIC "-//W3C//DTD XHTML 1.0 Transitional//EN"
    "http://www.w3.org/TR/xhtml1/DTD/xhtml1-transitional.dtd">
<html xmlns="http://www.w3.org/1999/xhtml" xml:lang="en" lang="en">
 <head>
  <title>
</title>
<meta http-equiv="Content-Type" content="text/html;charset=utf-8" />
  <meta name='ocr-system' content='tesseract 3.04.00' />
  <meta name='ocr-capabilities' content='ocr_page ocr_carea ocr_par ocr_line ocrx_word'/>
</head>
<body>
  <div class='ocr_page' id='page_1' title='image "./tliviipatavinih04crevgoog_0136.png"; bbox 0 0 3104 4976; ppageno 0'>
   <div class='ocr_carea' id='block_1_1' title="bbox 379 127 1236 268">
    <p class='ocr_par' dir='ltr' id='par_1_1' title="bbox 379 127 1236 268">
     <span class='ocr_line' id='line_1_1' title="bbox 379 127 1236 268; baseline 0 -20"><span class='ocrx_word' id='word_1_1' title='bbox 379 127 477 248; x_wconf 72' lang='lat' dir='ltr'><strong>¹n1n.</strong></span> <span class='ocrx_word' id='word_1_2' title='bbox 499 160 648 248; x_wconf 74' lang='lat' dir='ltr'><strong>xxinr.</strong></span> <span class='ocrx_word' id='word_1_3' title='bbox 679 185 780 248; x_wconf 82' lang='lat' dir='ltr'><strong>cnr.</strong></span> <span class='ocrx_word' id='word_1_4' title='bbox 802 181 929 248; x_wconf 82' lang='lat' dir='ltr'><strong>xnvn.</strong></span> <span class='ocrx_word' id='word_1_5' title='bbox 1141 191 1199 258; x_wconf 73' lang='lat'><strong>129</strong></span> <span class='ocrx_word' id='word_1_6' title='bbox 1234 265 1236 268; x_wconf 74' lang='lat'><em>.</em></span> 
     </span>
    </p>
   </div>
   <div class='ocr_carea' id='block_1_2' title="bbox 136 353 1357 1387">
    <p class='ocr_par' dir='ltr' id='par_1_2' title="bbox 137 353 1342 867">
     <span class='ocr_line' id='line_1_2' title="bbox 137 353 1342 438; baseline -0.001 -22"><span class='ocrx_word' id='word_1_7' title='bbox 137 355 253 438; x_wconf 81' lang='lat' dir='ltr'><strong>legatos</strong></span> <span class='ocrx_word' id='word_1_8' title='bbox 264 354 394 416; x_wconf 78' lang='lat' dir='ltr'><strong>uertisse.</strong></span> <span class='ocrx_word' id='word_1_9' title='bbox 422 353 560 436; x_wconf 82' lang='lat' dir='ltr'><strong>Utferas</strong></span> <span class='ocrx_word' id='word_1_10' title='bbox 573 354 718 436; x_wconf 85' lang='lat' dir='ltr'><strong>quasdant</strong></span> <span class='ocrx_word' id='word_1_11' title='bbox 732 374 891 438; x_wconf 81' lang='lat' dir='ltr'><em>numquam</em></span> <span class='ocrx_word' id='word_1_12' title='bbox 906 353 1073 426; x_wconf 82' lang='lat' dir='ltr'><strong>mitescere,·</strong></span> <span class='ocrx_word' id='word_1_13' title='bbox 1090 356 1133 418; x_wconf 86' lang='lat' dir='ltr'><strong>sic</strong></span> <span class='ocrx_word' id='word_1_14' title='bbox 1147 355 1235 418; x_wconf 71' lang='lat' dir='ltr'><strong>inu.</strong></span> <span class='ocrx_word' id='word_1_15' title='bbox 1246 367 1273 414; x_wconf 86' lang='lat' dir='ltr'><strong>n.</strong></span> <span class='ocrx_word' id='word_1_16' title='bbox 1286 371 1342 418; x_wconf 79' lang='lat' dir='ltr'><strong>aar.</strong></span> 
     </span>
     <span class='ocr_line' id='line_1_3' title="bbox 137 433 1341 522; baseline 0.002 -20"><span class='ocrx_word' id='word_1_17' title='bbox 137 439 248 516; x_wconf 85' lang='lat' dir='ltr'><strong>mitam,</strong></span> <span class='ocrx_word' id='word_1_18' title='bbox 264 439 480 522; x_wconf 79' lang='lat' dir='ltr'><em>inplacabilem</em></span> <span class='ocrx_word' id='word_1_19' title='bbox 495 438 557 521; x_wconf 64' lang='lat' dir='ltr'><strong>egica</strong></span> <span class='ocrx_word' id='word_1_20' title='bbox 571 441 634 502; x_wconf 84' lang='lat' dir='ltr'><strong>uiri</strong></span> <span class='ocrx_word' id='word_1_21' title='bbox 647 441 778 504; x_wconf 84' lang='lat' dir='ltr'><strong>animum</strong></span> <span class='ocrx_word' id='word_1_22' title='bbox 793 461 863 504; x_wconf 84' lang='lat' dir='ltr'><strong>ease.</strong></span> <span class='ocrx_word' id='word_1_23' title='bbox 886 459 1063 505; x_wconf 76' lang='lat' dir='ltr'><em>marcescere</em></span> <span class='ocrx_word' id='word_1_24' title='bbox 1077 444 1140 505; x_wconf 84' lang='lat' dir='ltr'><strong>otio</strong></span> <span class='ocrx_word' id='word_1_25' title='bbox 1154 433 1273 504; x_wconf 52' lang='lat' dir='ltr'><strong>sisti-⁰·</strong></span> <span class='ocrx_word' id='word_1_26' title='bbox 1289 437 1341 484; x_wconf 51' lang='grc' dir='ltr'><strong>Μ</strong></span> 
     </span>
     <span class='ocr_line' id='line_1_4' title="bbox 137 525 1196 616; baseline 0 -28"><span class='ocrx_word' id='word_1_27' title='bbox 137 535 231 609; x_wconf 85' lang='lat' dir='ltr'><strong>taque</strong></span> <span class='ocrx_word' id='word_1_28' title='bbox 240 526 403 616; x_wconf 77' lang='lat' dir='ltr'><strong>ciuitatem,</strong></span> <span class='ocrx_word' id='word_1_29' title='bbox 421 527 509 608; x_wconf 81' lang='lat' dir='ltr'><strong>queri</strong></span> <span class='ocrx_word' id='word_1_30' title='bbox 521 545 595 600; x_wconf 79' lang='lat' dir='ltr'><strong>eant,</strong></span> <span class='ocrx_word' id='word_1_31' title='bbox 611 536 641 588; x_wconf 86' lang='lat' dir='ltr'><strong>ct</strong></span> <span class='ocrx_word' id='word_1_32' title='bbox 655 525 800 590; x_wconf 68' lang='lat' dir='ltr'><strong>²⁷inertia</strong></span> <span class='ocrx_word' id='word_1_33' title='bbox 811 529 929 608; x_wconf 63' lang='lat' dir='ltr'><strong>‹peria-</strong></span> <span class='ocrx_word' id='word_1_34' title='bbox 951 547 1004 590; x_wconf 84' lang='lat' dir='ltr'><strong>nec</strong></span> <span class='ocrx_word' id='word_1_35' title='bbox 1017 528 1084 590; x_wconf 84' lang='lat' dir='ltr'><strong>sine</strong></span> <span class='ocrx_word' id='word_1_36' title='bbox 1097 548 1196 590; x_wconf 79' lang='lat' dir='ltr'><strong>armo-</strong></span> 
     </span>
     <span class='ocr_line' id='line_1_5' title="bbox 138 608 1197 697; baseline 0.002 -23"><span class='ocrx_word' id='word_1_37' title='bbox 138 631 206 674; x_wconf 81' lang='lat' dir='ltr'><strong>rnm</strong></span> <span class='ocrx_word' id='word_1_38' title='bbox 220 614 321 675; x_wconf 84' lang='lat' dir='ltr'><strong>sonitu</strong></span> <span class='ocrx_word' id='word_1_39' title='bbox 335 611 468 675; x_wconf 75' lang='lat' dir='ltr'><strong>recitari</strong></span> <span class='ocrx_word' id='word_1_40' title='bbox 480 633 577 694; x_wconf 83' lang='lat' dir='ltr'><strong>posse.</strong></span> <span class='ocrx_word' id='word_1_41' title='bbox 623 610 707 674; x_wconf 80' lang='lat' dir='ltr'><strong>Hoec</strong></span> <span class='ocrx_word' id='word_1_42' title='bbox 720 611 896 697; x_wconf 76' lang='lat' dir='ltr'><strong>probabilia</strong></span> <span class='ocrx_word' id='word_1_43' title='bbox 910 608 1060 676; x_wconf 89' lang='lat' dir='ltr'><strong>memoria</strong></span> <span class='ocrx_word' id='word_1_44' title='bbox 1082 612 1197 697; x_wconf 87' lang='lat' dir='ltr'><strong>prioris</strong></span> 
     </span>
     <span class='ocr_line' id='line_1_6' title="bbox 138 696 1195 783; baseline 0.003 -24"><span class='ocrx_word' id='word_1_45' title='bbox 138 697 227 775; x_wconf 85' lang='lat' dir='ltr'><strong>belli,</strong></span> <span class='ocrx_word' id='word_1_46' title='bbox 241 717 298 780; x_wconf 90' lang='lat' dir='ltr'><strong>per</strong></span> <span class='ocrx_word' id='word_1_47' title='bbox 314 719 412 760; x_wconf 89' lang='lat' dir='ltr'><strong>unum</strong></span> <span class='ocrx_word' id='word_1_48' title='bbox 428 696 515 760; x_wconf 92' lang='lat' dir='ltr'><strong>illum</strong></span> <span class='ocrx_word' id='word_1_49' title='bbox 531 717 594 759; x_wconf 91' lang='lat' dir='ltr'><strong>non</strong></span> <span class='ocrx_word' id='word_1_50' title='bbox 614 697 715 783; x_wconf 80' lang='lat' dir='ltr'><strong>magis</strong></span> <span class='ocrx_word' id='word_1_51' title='bbox 737 699 825 778; x_wconf 79' lang='lat' dir='ltr'><strong>gesti,</strong></span> <span class='ocrx_word' id='word_1_52' title='bbox 840 719 934 782; x_wconf 87' lang='lat' dir='ltr'><strong>quam</strong></span> <span class='ocrx_word' id='word_1_53' title='bbox 950 697 1037 776; x_wconf 88' lang='lat' dir='ltr'><strong>moti,</strong></span> <span class='ocrx_word' id='word_1_54' title='bbox 1054 696 1195 762; x_wconf 81' lang='lat' dir='ltr'><strong>faciebat.</strong></span> 
     </span>
     <span class='ocr_line' id='line_1_7' title="bbox 140 781 1180 867; baseline -0.001 -21"><span class='ocrx_word' id='word_1_55' title='bbox 140 783 324 846; x_wconf 85' lang='lat' dir='ltr'><strong>irritaverat</strong></span> <span class='ocrx_word' id='word_1_56' title='bbox 334 783 428 846; x_wconf 84' lang='lat' dir='ltr'><strong>etiam</strong></span> <span class='ocrx_word' id='word_1_57' title='bbox 445 783 562 847; x_wconf 86' lang='lat' dir='ltr'><strong>recenti</strong></span> <span class='ocrx_word' id='word_1_58' title='bbox 577 781 659 846; x_wconf 88' lang='lat' dir='ltr'><strong>sacto</strong></span> <span class='ocrx_word' id='word_1_59' title='bbox 674 782 843 848; x_wconf 85' lang='lat' dir='ltr'><strong>multorum</strong></span> <span class='ocrx_word' id='word_1_60' title='bbox 860 784 1034 867; x_wconf 80' lang='lat' dir='ltr'><strong>potamium</strong></span> <span class='ocrx_word' id='word_1_61' title='bbox 1049 783 1180 848; x_wconf 87' lang='lat' dir='ltr'><strong>animos.</strong></span> 
     </span>
    </p>

    <p class='ocr_par' dir='ltr' id='par_1_3' title="bbox 136 867 1357 1387">
     <span class='ocr_line' id='line_1_8' title="bbox 183 867 1317 955; baseline 0.002 -23"><span class='ocrx_word' id='word_1_62' title='bbox 183 867 309 932; x_wconf 80' lang='lat' dir='ltr'>XLVI.</span> <span class='ocrx_word' id='word_1_63' title='bbox 334 869 355 931; x_wconf 88' lang='lat' dir='ltr'>J</span> <span class='ocrx_word' id='word_1_64' title='bbox 358 869 484 932; x_wconf 88' lang='lat' dir='ltr'><strong>udicum</strong></span> <span class='ocrx_word' id='word_1_65' title='bbox 499 869 579 934; x_wconf 86' lang='lat' dir='ltr'><strong>ordo</strong></span> <span class='ocrx_word' id='word_1_66' title='bbox 592 868 790 955; x_wconf 82' lang='lat' dir='ltr'><strong>Karthagine</strong></span> <span class='ocrx_word' id='word_1_67' title='bbox 804 892 841 933; x_wconf 85' lang='lat' dir='ltr'><strong>ea</strong></span> <span class='ocrx_word' id='word_1_68' title='bbox 855 881 1038 954; x_wconf 81' lang='lat' dir='ltr'><strong>tempestate</strong></span> <span class='ocrx_word' id='word_1_69' title='bbox 1053 869 1317 950; x_wconf 47' lang='lat' dir='ltr'><strong>domina-tubas</strong></span> 
     </span>
     <span class='ocr_line' id='line_1_9' title="bbox 138 941 1357 1050; baseline 0 -33"><span class='ocrx_word' id='word_1_70' title='bbox 138 955 252 1030; x_wconf 84' lang='lat' dir='ltr'><strong>batnr3</strong></span> <span class='ocrx_word' id='word_1_71' title='bbox 277 979 315 1018; x_wconf 90' lang='lat' dir='ltr'><strong>eo</strong></span> <span class='ocrx_word' id='word_1_72' title='bbox 330 956 478 1033; x_wconf 78' lang='lat' dir='ltr'><strong>maxime,</strong></span> <span class='ocrx_word' id='word_1_73' title='bbox 494 955 578 1040; x_wconf 90' lang='lat' dir='ltr'><strong>quod</strong></span> <span class='ocrx_word' id='word_1_74' title='bbox 588 955 688 1019; x_wconf 88' lang='lat' dir='ltr'><strong>iidem</strong></span> <span class='ocrx_word' id='word_1_75' title='bbox 706 955 849 1040; x_wconf 87' lang='lat' dir='ltr'><strong>perpetui</strong></span> <span class='ocrx_word' id='word_1_76' title='bbox 858 956 981 1041; x_wconf 83' lang='lat' dir='ltr'><strong>jndices</strong></span> <span class='ocrx_word' id='word_1_77' title='bbox 995 969 1096 1024; x_wconf 85' lang='lat' dir='ltr'><strong>erant.</strong></span> <span class='ocrx_word' id='word_1_78' title='bbox 1122 956 1194 1033; x_wconf 84' lang='lat' dir='ltr'><strong>Res,</strong></span> <span class='ocrx_word' id='word_1_79' title='bbox 1205 941 1357 1050; x_wconf 57' lang='grc' dir='ltr'><strong>ΜἯ</strong></span> 
     </span>
     <span class='ocr_line' id='line_1_10' title="bbox 137 1017 1352 1127; baseline 0 -23"><span class='ocrx_word' id='word_1_80' title='bbox 137 1040 232 1119; x_wconf 81' lang='lat' dir='ltr'><strong>fama,</strong></span> <span class='ocrx_word' id='word_1_81' title='bbox 247 1041 372 1126; x_wconf 86' lang='lat' dir='ltr'><strong>vitaque</strong></span> <span class='ocrx_word' id='word_1_82' title='bbox 386 1040 527 1105; x_wconf 88' lang='lat' dir='ltr'><strong>omnium</strong></span> <span class='ocrx_word' id='word_1_83' title='bbox 551 1042 582 1104; x_wconf 93' lang='lat' dir='ltr'><strong>in</strong></span> <span class='ocrx_word' id='word_1_84' title='bbox 606 1041 730 1106; x_wconf 90' lang='lat' dir='ltr'><strong>illorum</strong></span> <span class='ocrx_word' id='word_1_85' title='bbox 754 1053 907 1126; x_wconf 86' lang='lat' dir='ltr'><strong>potestate</strong></span> <span class='ocrx_word' id='word_1_86' title='bbox 921 1053 997 1108; x_wconf 83' lang='lat' dir='ltr'><strong>erat.</strong></span> <span class='ocrx_word' id='word_1_87' title='bbox 1020 1043 1072 1127; x_wconf 91' lang='lat' dir='ltr'><strong>qui</strong></span> <span class='ocrx_word' id='word_1_88' title='bbox 1098 1063 1194 1106; x_wconf 88' lang='lat' dir='ltr'><strong>unum</strong></span> <span class='ocrx_word' id='word_1_89' title='bbox 1204 1017 1352 1124; x_wconf 51' lang='lat' dir='ltr'><strong>mildi,</strong></span> 
     </span>
     <span class='ocr_line' id='line_1_11' title="bbox 136 1127 1349 1213; baseline -0.008 -23"><span class='ocrx_word' id='word_1_90' title='bbox 136 1129 202 1213; x_wconf 85' lang='lat' dir='ltr'><strong>ejus</strong></span> <span class='ocrx_word' id='word_1_91' title='bbox 225 1127 357 1204; x_wconf 84' lang='lat' dir='ltr'><strong>ordinis,</strong></span> <span class='ocrx_word' id='word_1_92' title='bbox 373 1127 455 1190; x_wconf 88' lang='lat' dir='ltr'><strong>idem</strong></span> <span class='ocrx_word' id='word_1_93' title='bbox 479 1149 588 1192; x_wconf 87' lang='lat' dir='ltr'><strong>ornnes</strong></span> <span class='ocrx_word' id='word_1_94' title='bbox 610 1129 764 1191; x_wconf 85' lang='lat' dir='ltr'><strong>adversos</strong></span> <span class='ocrx_word' id='word_1_95' title='bbox 779 1128 930 1204; x_wconf 88' lang='lat' dir='ltr'><strong>babebat;</strong></span> <span class='ocrx_word' id='word_1_96' title='bbox 952 1151 1011 1193; x_wconf 89' lang='lat' dir='ltr'><strong>nec</strong></span> <span class='ocrx_word' id='word_1_97' title='bbox 1033 1142 1196 1192; x_wconf 86' lang='lat' dir='ltr'><strong>accusator</strong></span> <span class='ocrx_word' id='word_1_98' title='bbox 1205 1133 1349 1188; x_wconf 70' lang='lat' dir='ltr'><strong>insoniunt·</strong></span> 
     </span>
     <span class='ocr_line' id='line_1_12' title="bbox 138 1212 1283 1299; baseline 0.003 -23"><span class='ocrx_word' id='word_1_99' title='bbox 138 1213 224 1299; x_wconf 92' lang='lat' dir='ltr'><strong>apud</strong></span> <span class='ocrx_word' id='word_1_100' title='bbox 249 1214 374 1298; x_wconf 87' lang='lat' dir='ltr'><strong>judices</strong></span> <span class='ocrx_word' id='word_1_101' title='bbox 402 1212 539 1276; x_wconf 81' lang='lat' dir='ltr'><strong>infensos</strong></span> <span class='ocrx_word' id='word_1_102' title='bbox 564 1215 698 1279; x_wconf 79' lang='lat' dir='ltr'><strong>deerat·</strong></span> <span class='ocrx_word' id='word_1_103' title='bbox 728 1214 855 1278; x_wconf 90' lang='lat' dir='ltr'><strong>Horum</strong></span> <span class='ocrx_word' id='word_1_104' title='bbox 886 1217 917 1279; x_wconf 91' lang='lat' dir='ltr'><strong>in</strong></span> <span class='ocrx_word' id='word_1_105' title='bbox 947 1230 1010 1278; x_wconf 89' lang='lat' dir='ltr'><strong>tom</strong></span> <span class='ocrx_word' id='word_1_106' title='bbox 1041 1215 1283 1299; x_wconf 54' lang='lat' dir='ltr'><strong>inpotentitr*</strong></span> 
     </span>
     <span class='ocr_line' id='line_1_13' title="bbox 137 1299 1196 1387; baseline 0.002 -25"><span class='ocrx_word' id='word_1_107' title='bbox 137 1321 240 1384; x_wconf 81' lang='lat' dir='ltr'><strong>regno</strong></span> <span class='ocrx_word' id='word_1_108' title='bbox 255 1299 402 1382; x_wconf 78' lang='lat' dir='ltr'><strong>(²⁸neque</strong></span> <span class='ocrx_word' id='word_1_109' title='bbox 416 1301 500 1362; x_wconf 86' lang='lat' dir='ltr'><strong>enim</strong></span> <span class='ocrx_word' id='word_1_110' title='bbox 515 1299 646 1362; x_wconf 88' lang='lat' dir='ltr'><strong>civiliter</strong></span> <span class='ocrx_word' id='word_1_111' title='bbox 669 1301 771 1364; x_wconf 86' lang='lat' dir='ltr'><strong>nimiis</strong></span> <span class='ocrx_word' id='word_1_112' title='bbox 785 1301 900 1385; x_wconf 90' lang='lat' dir='ltr'><strong>opibus</strong></span> <span class='ocrx_word' id='word_1_113' title='bbox 916 1301 1097 1382; x_wconf 84' lang='lat' dir='ltr'><strong>utebantur)</strong></span> <span class='ocrx_word' id='word_1_114' title='bbox 1112 1323 1196 1387; x_wconf 86' lang='lat' dir='ltr'><strong>proe·</strong></span> 
     </span>
    </p>
   </div>
   <div class='ocr_carea' id='block_1_3' title="bbox 39 1385 1197 1472">
    <p class='ocr_par' dir='ltr' id='par_1_4' title="bbox 39 1385 1197 1472">
     <span class='ocr_line' id='line_1_14' title="bbox 39 1385 1197 1472; baseline -0.001 -22"><span class='ocrx_word' id='word_1_115' title='bbox 39 1402 46 1418; x_wconf 90' lang='lat'><strong><em>‘</em></strong></span> <span class='ocrx_word' id='word_1_116' title='bbox 137 1399 188 1450; x_wconf 91' lang='lat' dir='ltr'><strong>tor</strong></span> <span class='ocrx_word' id='word_1_117' title='bbox 209 1385 312 1449; x_wconf 76' lang='lat' dir='ltr'><strong>iactus</strong></span> <span class='ocrx_word' id='word_1_118' title='bbox 330 1385 494 1449; x_wconf 82' lang='lat' dir='ltr'><strong>Hannibal</strong></span> <span class='ocrx_word' id='word_1_119' title='bbox 508 1407 620 1450; x_wconf 90' lang='lat' dir='ltr'><strong>vocare</strong></span> <span class='ocrx_word' id='word_1_120' title='bbox 639 1386 679 1450; x_wconf 89' lang='lat' dir='ltr'><strong>ad</strong></span> <span class='ocrx_word' id='word_1_121' title='bbox 702 1409 734 1449; x_wconf 90' lang='lat' dir='ltr'><strong>se</strong></span> <span class='ocrx_word' id='word_1_122' title='bbox 749 1399 947 1470; x_wconf 71' lang='lat' dir='ltr'><strong>quaestorem.</strong></span> <span class='ocrx_word' id='word_1_123' title='bbox 990 1386 1114 1451; x_wconf 70' lang='lat' dir='ltr'><strong>²’idem</strong></span> <span class='ocrx_word' id='word_1_124' title='bbox 1137 1408 1197 1472; x_wconf 85' lang='lat' dir='ltr'><strong>pro</strong></span> 
     </span>
    </p>
   </div>
   <div class='ocr_carea' id='block_1_4' title="bbox 110 1461 1388 3462">
    <p class='ocr_par' dir='ltr' id='par_1_5' title="bbox 136 1461 1300 2076">
     <span class='ocr_line' id='line_1_15' title="bbox 137 1461 1195 1560; baseline 0.002 -24"><span class='ocrx_word' id='word_1_125' title='bbox 137 1471 241 1536; x_wconf 87' lang='lat' dir='ltr'><strong>nihilo</strong></span> <span class='ocrx_word' id='word_1_126' title='bbox 263 1471 382 1534; x_wconf 89' lang='lat' dir='ltr'><strong>habuit.</strong></span> <span class='ocrx_word' id='word_1_127' title='bbox 411 1493 481 1536; x_wconf 87' lang='lat' dir='ltr'><strong>nam</strong></span> <span class='ocrx_word' id='word_1_128' title='bbox 506 1484 537 1534; x_wconf 91' lang='lat' dir='ltr'><strong>et</strong></span> <span class='ocrx_word' id='word_1_129' title='bbox 562 1461 700 1536; x_wconf 77' lang='lat' dir='ltr'><strong>adversa</strong></span> <span class='ocrx_word' id='word_1_130' title='bbox 721 1471 864 1536; x_wconf 84' lang='lat' dir='ltr'><strong>factionis</strong></span> <span class='ocrx_word' id='word_1_131' title='bbox 885 1487 970 1536; x_wconf 87' lang='lat' dir='ltr'><strong>erat:</strong></span> <span class='ocrx_word' id='word_1_132' title='bbox 993 1488 1034 1546; x_wconf 87' lang='lat' dir='ltr'><strong>et,</strong></span> <span class='ocrx_word' id='word_1_133' title='bbox 1057 1475 1132 1560; x_wconf 89' lang='lat' dir='ltr'><strong>quia</strong></span> <span class='ocrx_word' id='word_1_134' title='bbox 1153 1493 1195 1538; x_wconf 81' lang='lat' dir='ltr'><strong>ex</strong></span> 
     </span>
     <span class='ocr_line' id='line_1_16' title="bbox 137 1557 1300 1643; baseline 0.005 -21"><span class='ocrx_word' id='word_1_135' title='bbox 137 1573 298 1642; x_wconf 75' lang='lat' dir='ltr'><strong>quaestura</strong></span> <span class='ocrx_word' id='word_1_136' title='bbox 319 1559 350 1620; x_wconf 92' lang='lat' dir='ltr'><strong>in</strong></span> <span class='ocrx_word' id='word_1_137' title='bbox 371 1557 503 1643; x_wconf 87' lang='lat' dir='ltr'><strong>judices,</strong></span> <span class='ocrx_word' id='word_1_138' title='bbox 520 1559 769 1642; x_wconf 90' lang='lat' dir='ltr'><strong>potentissimum</strong></span> <span class='ocrx_word' id='word_1_139' title='bbox 796 1558 950 1635; x_wconf 84' lang='lat' dir='ltr'><strong>ordinem,</strong></span> <span class='ocrx_word' id='word_1_140' title='bbox 970 1557 1195 1634; x_wconf 84' lang='lat' dir='ltr'><strong>referebantur,</strong></span> <span class='ocrx_word' id='word_1_141' title='bbox 1297 1621 1300 1628; x_wconf 90' lang='grc'><strong><em>,</em></strong></span> 
     </span>
     <span class='ocr_line' id='line_1_17' title="bbox 136 1643 1196 1730; baseline -0.003 -21"><span class='ocrx_word' id='word_1_142' title='bbox 136 1645 234 1730; x_wconf 73' lang='lat' dir='ltr'><strong>”jam</strong></span> <span class='ocrx_word' id='word_1_143' title='bbox 259 1667 319 1728; x_wconf 91' lang='lat' dir='ltr'><strong>pro</strong></span> <span class='ocrx_word' id='word_1_144' title='bbox 340 1643 453 1708; x_wconf 86' lang='lat' dir='ltr'><strong>futuris</strong></span> <span class='ocrx_word' id='word_1_145' title='bbox 474 1667 547 1708; x_wconf 89' lang='lat' dir='ltr'><strong>mox</strong></span> <span class='ocrx_word' id='word_1_146' title='bbox 565 1645 678 1728; x_wconf 89' lang='lat' dir='ltr'><strong>opibus</strong></span> <span class='ocrx_word' id='word_1_147' title='bbox 699 1645 821 1708; x_wconf 89' lang='lat' dir='ltr'><strong>animos</strong></span> <span class='ocrx_word' id='word_1_148' title='bbox 843 1645 980 1730; x_wconf 87' lang='lat' dir='ltr'><strong>gerebat.</strong></span> <span class='ocrx_word' id='word_1_149' title='bbox 1026 1645 1196 1708; x_wconf 82' lang='lat' dir='ltr'><strong>Enimvero</strong></span> 
     </span>
     <span class='ocr_line' id='line_1_18' title="bbox 136 1729 1195 1818; baseline 0 -24"><span class='ocrx_word' id='word_1_150' title='bbox 136 1732 306 1818; x_wconf 86' lang='lat' dir='ltr'><strong>indignum</strong></span> <span class='ocrx_word' id='word_1_151' title='bbox 330 1731 363 1794; x_wconf 92' lang='lat' dir='ltr'><strong>id</strong></span> <span class='ocrx_word' id='word_1_152' title='bbox 386 1743 472 1794; x_wconf 85' lang='lat' dir='ltr'><strong>ratus</strong></span> <span class='ocrx_word' id='word_1_153' title='bbox 499 1730 674 1807; x_wconf 89' lang='lat' dir='ltr'><strong>Hannibal,</strong></span> <span class='ocrx_word' id='word_1_154' title='bbox 695 1732 844 1795; x_wconf 86' lang='lat' dir='ltr'><strong>viatorem</strong></span> <span class='ocrx_word' id='word_1_155' title='bbox 871 1729 911 1794; x_wconf 87' lang='lat' dir='ltr'><strong>od</strong></span> <span class='ocrx_word' id='word_1_156' title='bbox 937 1729 1195 1814; x_wconf 88' lang='lat' dir='ltr'><strong>prehendendum</strong></span> 
     </span>
     <span class='ocr_line' id='line_1_19' title="bbox 137 1816 1271 1904; baseline -0.004 -22"><span class='ocrx_word' id='word_1_157' title='bbox 137 1830 329 1904; x_wconf 82' lang='lat' dir='ltr'><strong>qaaestorem</strong></span> <span class='ocrx_word' id='word_1_158' title='bbox 345 1817 450 1880; x_wconf 80' lang='lat' dir='ltr'><strong>misit:</strong></span> <span class='ocrx_word' id='word_1_159' title='bbox 473 1816 727 1904; x_wconf 89' lang='lat' dir='ltr'><strong>subductumque</strong></span> <span class='ocrx_word' id='word_1_160' title='bbox 746 1816 778 1880; x_wconf 91' lang='lat' dir='ltr'><strong>in</strong></span> <span class='ocrx_word' id='word_1_161' title='bbox 796 1819 992 1896; x_wconf 82' lang='lat' dir='ltr'><strong>concionem,</strong></span> <span class='ocrx_word' id='word_1_162' title='bbox 1008 1839 1071 1880; x_wconf 89' lang='lat' dir='ltr'><strong>non</strong></span> <span class='ocrx_word' id='word_1_163' title='bbox 1092 1817 1195 1901; x_wconf 84' lang='lat' dir='ltr'><strong>ipsum</strong></span> <span class='ocrx_word' id='word_1_164' title='bbox 1267 1855 1271 1864; x_wconf 87' lang='lat'><strong>·</strong></span> 
     </span>
     <span class='ocr_line' id='line_1_20' title="bbox 136 1903 1197 1990; baseline -0.002 -22"><span class='ocrx_word' id='word_1_165' title='bbox 136 1927 187 1968; x_wconf 87' lang='lat' dir='ltr'><strong>ma</strong></span> <span class='ocrx_word' id='word_1_166' title='bbox 213 1904 249 1980; x_wconf 87' lang='lat' dir='ltr'><strong>is,</strong></span> <span class='ocrx_word' id='word_1_167' title='bbox 266 1925 361 1989; x_wconf 90' lang='lat' dir='ltr'><strong>quam</strong></span> <span class='ocrx_word' id='word_1_168' title='bbox 378 1903 520 1968; x_wconf 85' lang='lat' dir='ltr'><strong>ordinem</strong></span> <span class='ocrx_word' id='word_1_169' title='bbox 538 1904 692 1988; x_wconf 87' lang='lat' dir='ltr'><strong>judicum,</strong></span> <span class='ocrx_word' id='word_1_170' title='bbox 710 1924 776 1986; x_wconf 90' lang='lat' dir='ltr'><strong>prae</strong></span> <span class='ocrx_word' id='word_1_171' title='bbox 791 1925 925 1990; x_wconf 91' lang='lat' dir='ltr'><strong>quorum</strong></span> <span class='ocrx_word' id='word_1_172' title='bbox 942 1903 1089 1989; x_wconf 87' lang='lat' dir='ltr'><strong>superbia</strong></span> <span class='ocrx_word' id='word_1_173' title='bbox 1103 1915 1197 1988; x_wconf 88' lang='lat' dir='ltr'><strong>etque</strong></span> 
     </span>
     <span class='ocr_line' id='line_1_21' title="bbox 136 1927 1197 2076; baseline 0.001 -23"><span class='ocrx_word' id='word_1_174' title='bbox 136 1927 253 2074; x_wconf 66' lang='lat' dir='ltr'><strong>opibus</strong></span> <span class='ocrx_word' id='word_1_175' title='bbox 268 2011 327 2054; x_wconf 89' lang='lat' dir='ltr'><strong>nee</strong></span> <span class='ocrx_word' id='word_1_176' title='bbox 342 1989 426 2075; x_wconf 87' lang='lat' dir='ltr'><strong>leges</strong></span> <span class='ocrx_word' id='word_1_177' title='bbox 440 1989 611 2074; x_wconf 84' lang='lat' dir='ltr'><strong>quidquam</strong></span> <span class='ocrx_word' id='word_1_178' title='bbox 634 2005 747 2067; x_wconf 88' lang='lat' dir='ltr'><strong>essent,</strong></span> <span class='ocrx_word' id='word_1_179' title='bbox 762 2011 822 2054; x_wconf 87' lang='lat' dir='ltr'><strong>nec</strong></span> <span class='ocrx_word' id='word_1_180' title='bbox 844 1989 1054 2076; x_wconf 83' lang='lat' dir='ltr'><strong>magistratus,</strong></span> <span class='ocrx_word' id='word_1_181' title='bbox 1070 2011 1197 2054; x_wconf 86' lang='lat' dir='ltr'><strong>accusa·</strong></span> 
     </span>
    </p>

    <p class='ocr_par' dir='ltr' id='par_1_6' title="bbox 137 2075 1196 2160">
     <span class='ocr_line' id='line_1_22' title="bbox 137 2075 1196 2160; baseline -0.001 -20"><span class='ocrx_word' id='word_1_182' title='bbox 137 2080 192 2144; x_wconf 87' lang='lat' dir='ltr'><strong>rit.</strong></span> <span class='ocrx_word' id='word_1_183' title='bbox 215 2090 258 2154; x_wconf 90' lang='lat' dir='ltr'><strong>et,</strong></span> <span class='ocrx_word' id='word_1_184' title='bbox 276 2087 310 2140; x_wconf 89' lang='lat' dir='ltr'><strong>ut</strong></span> <span class='ocrx_word' id='word_1_185' title='bbox 333 2075 478 2140; x_wconf 90' lang='lat' dir='ltr'><strong>secundis</strong></span> <span class='ocrx_word' id='word_1_186' title='bbox 500 2076 627 2140; x_wconf 85' lang='lat' dir='ltr'><strong>auribus</strong></span> <span class='ocrx_word' id='word_1_187' title='bbox 646 2076 746 2160; x_wconf 87' lang='lat' dir='ltr'><strong>accipi</strong></span> <span class='ocrx_word' id='word_1_188' title='bbox 768 2077 940 2142; x_wconf 88' lang='lat' dir='ltr'><strong>orationem</strong></span> <span class='ocrx_word' id='word_1_189' title='bbox 965 2076 1196 2153; x_wconf 83' lang='lat' dir='ltr'><strong>animadvertit,</strong></span> 
     </span>
    </p>

    <p class='ocr_par' dir='ltr' id='par_1_7' title="bbox 134 2162 1198 2336">
     <span class='ocr_line' id='line_1_23' title="bbox 136 2162 1198 2248; baseline 0.001 -21"><span class='ocrx_word' id='word_1_190' title='bbox 136 2178 167 2228; x_wconf 90' lang='lat' dir='ltr'><strong>et</strong></span> <span class='ocrx_word' id='word_1_191' title='bbox 188 2163 375 2226; x_wconf 85' lang='lat' dir='ltr'><strong>infimorum</strong></span> <span class='ocrx_word' id='word_1_192' title='bbox 399 2183 526 2248; x_wconf 89' lang='lat' dir='ltr'><strong>quoque</strong></span> <span class='ocrx_word' id='word_1_193' title='bbox 550 2162 687 2227; x_wconf 85' lang='lat' dir='ltr'><strong>libertati</strong></span> <span class='ocrx_word' id='word_1_194' title='bbox 710 2185 836 2244; x_wconf 87' lang='lat' dir='ltr'><strong>gravem</strong></span> <span class='ocrx_word' id='word_1_195' title='bbox 859 2187 925 2226; x_wconf 85' lang='lat' dir='ltr'><strong>esse</strong></span> <span class='ocrx_word' id='word_1_196' title='bbox 946 2163 1124 2247; x_wconf 87' lang='lat' dir='ltr'><strong>snperbiam</strong></span> <span class='ocrx_word' id='word_1_197' title='bbox 1144 2185 1198 2247; x_wconf 83' lang='lat' dir='ltr'><strong>eq·</strong></span> 
     </span>
     <span class='ocr_line' id='line_1_24' title="bbox 134 2248 1198 2336; baseline -0.004 -21"><span class='ocrx_word' id='word_1_198' title='bbox 134 2273 217 2326; x_wconf 80' lang='lat' dir='ltr'><strong>runi,</strong></span> <span class='ocrx_word' id='word_1_199' title='bbox 234 2248 336 2335; x_wconf 83' lang='lat' dir='ltr'><strong>legem</strong></span> <span class='ocrx_word' id='word_1_200' title='bbox 353 2248 516 2332; x_wconf 82' lang='lat' dir='ltr'><strong>extemplo</strong></span> <span class='ocrx_word' id='word_1_201' title='bbox 530 2248 752 2336; x_wconf 83' lang='lat' dir='ltr'><strong>promulgavit,</strong></span> <span class='ocrx_word' id='word_1_202' title='bbox 768 2249 968 2334; x_wconf 85' lang='lat' dir='ltr'><strong>pertulitque,</strong></span> <span class='ocrx_word' id='word_1_203' title='bbox 990 2251 1031 2314; x_wconf 84' lang='lat' dir='ltr'><strong>Ul</strong></span> <span class='ocrx_word' id='word_1_204' title='bbox 1046 2253 1079 2312; x_wconf 84' lang='lat' dir='ltr'><strong>in</strong></span> <span class='ocrx_word' id='word_1_205' title='bbox 1093 2253 1198 2334; x_wconf 76' lang='lat' dir='ltr'><strong>siniga-</strong></span> 
     </span>
    </p>

    <p class='ocr_par' dir='ltr' id='par_1_8' title="bbox 130 2333 1388 3114">
     <span class='ocr_line' id='line_1_25' title="bbox 130 2333 1198 2420; baseline -0.002 -20"><span class='ocrx_word' id='word_1_206' title='bbox 130 2333 179 2401; x_wconf 80' lang='lat' dir='ltr'><strong>ios</strong></span> <span class='ocrx_word' id='word_1_207' title='bbox 193 2335 420 2418; x_wconf 84' lang='lat' dir='ltr'><strong>annosjudices</strong></span> <span class='ocrx_word' id='word_1_208' title='bbox 434 2338 614 2418; x_wconf 81' lang='lat' dir='ltr'><strong>legerentur,</strong></span> <span class='ocrx_word' id='word_1_209' title='bbox 625 2357 663 2397; x_wconf 81' lang='lat' dir='ltr'><strong>aa</strong></span> <span class='ocrx_word' id='word_1_210' title='bbox 677 2337 744 2420; x_wconf 83' lang='lat' dir='ltr'><strong>quis</strong></span> <span class='ocrx_word' id='word_1_211' title='bbox 754 2336 905 2399; x_wconf 84' lang='lat' dir='ltr'><strong>biennium</strong></span> <span class='ocrx_word' id='word_1_212' title='bbox 919 2335 1198 2419; x_wconf 83' lang='lat' dir='ltr'><strong>continuumjadea</strong></span> 
     </span>
     <span class='ocr_line' id='line_1_26' title="bbox 133 2415 1196 2509; baseline -0.002 -21"><span class='ocrx_word' id='word_1_213' title='bbox 133 2433 220 2488; x_wconf 85' lang='lat' dir='ltr'><strong>esset.</strong></span> <span class='ocrx_word' id='word_1_214' title='bbox 268 2422 418 2486; x_wconf 86' lang='lat' dir='ltr'><strong>Ceterum</strong></span> <span class='ocrx_word' id='word_1_215' title='bbox 444 2437 593 2506; x_wconf 87' lang='lat' dir='ltr'><strong>quantam</strong></span> <span class='ocrx_word' id='word_1_216' title='bbox 618 2443 656 2485; x_wconf 91' lang='lat' dir='ltr'><strong>eo</strong></span> <span class='ocrx_word' id='word_1_217' title='bbox 678 2421 760 2485; x_wconf 85' lang='lat' dir='ltr'><strong>facto</strong></span> <span class='ocrx_word' id='word_1_218' title='bbox 781 2423 820 2484; x_wconf 89' lang='lat' dir='ltr'><strong>ad</strong></span> <span class='ocrx_word' id='word_1_219' title='bbox 845 2415 967 2506; x_wconf 90' lang='lat' dir='ltr'><strong>plebem</strong></span> <span class='ocrx_word' id='word_1_220' title='bbox 991 2419 1103 2485; x_wconf 90' lang='lat' dir='ltr'><strong>inierat</strong></span> <span class='ocrx_word' id='word_1_221' title='bbox 1123 2443 1196 2509; x_wconf 86' lang='lat' dir='ltr'><strong>gra·</strong></span> 
     </span>
     <span class='ocr_line' id='line_1_27' title="bbox 132 2505 1195 2594; baseline -0.002 -20"><span class='ocrx_word' id='word_1_222' title='bbox 132 2511 226 2590; x_wconf 89' lang='lat' dir='ltr'><strong>tiam,</strong></span> <span class='ocrx_word' id='word_1_223' title='bbox 241 2520 364 2572; x_wconf 90' lang='lat' dir='ltr'><strong>tantum</strong></span> <span class='ocrx_word' id='word_1_224' title='bbox 392 2529 516 2594; x_wconf 88' lang='lat' dir='ltr'><strong>magnae</strong></span> <span class='ocrx_word' id='word_1_225' title='bbox 538 2507 636 2592; x_wconf 89' lang='lat' dir='ltr'><strong>partis</strong></span> <span class='ocrx_word' id='word_1_226' title='bbox 657 2507 838 2593; x_wconf 88' lang='lat' dir='ltr'><strong>principum</strong></span> <span class='ocrx_word' id='word_1_227' title='bbox 853 2505 1042 2570; x_wconf 86' lang='lat' dir='ltr'><strong>obfendebat</strong></span> <span class='ocrx_word' id='word_1_228' title='bbox 1064 2507 1195 2572; x_wconf 84' lang='lat' dir='ltr'><strong>animos.</strong></span> 
     </span>
     <span class='ocr_line' id='line_1_28' title="bbox 133 2592 1197 2681; baseline -0.001 -21"><span class='ocrx_word' id='word_1_229' title='bbox 133 2596 262 2681; x_wconf 85' lang='lat' dir='ltr'><strong>Adjecit</strong></span> <span class='ocrx_word' id='word_1_230' title='bbox 279 2593 375 2670; x_wconf 89' lang='lat' dir='ltr'><strong>aliud,</strong></span> <span class='ocrx_word' id='word_1_231' title='bbox 392 2594 503 2679; x_wconf 72' lang='lat' dir='ltr'><strong>qnod⁰,</strong></span> <span class='ocrx_word' id='word_1_232' title='bbox 521 2596 606 2656; x_wconf 92' lang='lat' dir='ltr'><strong>bono</strong></span> <span class='ocrx_word' id='word_1_233' title='bbox 621 2592 759 2678; x_wconf 88' lang='lat' dir='ltr'><strong>publico,</strong></span> <span class='ocrx_word' id='word_1_234' title='bbox 776 2593 837 2658; x_wconf 90' lang='lat' dir='ltr'><strong>sibi</strong></span> <span class='ocrx_word' id='word_1_235' title='bbox 858 2595 1003 2678; x_wconf 86' lang='lat' dir='ltr'><strong>proprias</strong></span> <span class='ocrx_word' id='word_1_236' title='bbox 1025 2594 1197 2659; x_wconf 88' lang='lat' dir='ltr'><strong>simultates</strong></span> 
     </span>
     <span class='ocr_line' id='line_1_29' title="bbox 132 2675 1388 2768; baseline 0.002 -22"><span class='ocrx_word' id='word_1_237' title='bbox 132 2681 279 2746; x_wconf 83' lang='lat' dir='ltr'><strong>irritavit</strong></span> <span class='ocrx_word' id='word_1_238' title='bbox 326 2681 500 2767; x_wconf 86' lang='lat' dir='ltr'><strong>Vectigalia</strong></span> <span class='ocrx_word' id='word_1_239' title='bbox 522 2679 649 2763; x_wconf 89' lang='lat' dir='ltr'><strong>publica</strong></span> <span class='ocrx_word' id='word_1_240' title='bbox 670 2681 784 2762; x_wconf 88' lang='lat' dir='ltr'><strong>partim</strong></span> <span class='ocrx_word' id='word_1_241' title='bbox 804 2681 1001 2768; x_wconf 87' lang='lat' dir='ltr'><strong>neglegentia</strong></span> <span class='ocrx_word' id='word_1_242' title='bbox 1015 2675 1291 2766; x_wconf 64' lang='lat' dir='ltr'><strong>,51,b,b„„n3sn</strong></span> <span class='ocrx_word' id='word_1_243' title='bbox 1302 2676 1337 2722; x_wconf 69' lang='lat'><strong>‘¹¹‘</strong></span> <span class='ocrx_word' id='word_1_244' title='bbox 1385 2743 1388 2748; x_wconf 91' lang='lat'>.</span> 
     </span>
     <span class='ocr_line' id='line_1_30' title="bbox 132 2744 1353 2864; baseline -0.002 -32"><span class='ocrx_word' id='word_1_245' title='bbox 132 2781 203 2844; x_wconf 85' lang='lat' dir='ltr'><strong>tur3</strong></span> <span class='ocrx_word' id='word_1_246' title='bbox 228 2767 343 2851; x_wconf 86' lang='lat' dir='ltr'><strong>partim</strong></span> <span class='ocrx_word' id='word_1_247' title='bbox 365 2765 484 2851; x_wconf 82' lang='lat' dir='ltr'><strong>praedae</strong></span> <span class='ocrx_word' id='word_1_248' title='bbox 498 2787 535 2829; x_wconf 91' lang='lat' dir='ltr'><strong>ac</strong></span> <span class='ocrx_word' id='word_1_249' title='bbox 549 2766 662 2830; x_wconf 89' lang='lat' dir='ltr'><strong>divisui</strong></span> <span class='ocrx_word' id='word_1_250' title='bbox 684 2767 861 2850; x_wconf 90' lang='lat' dir='ltr'><strong>principum</strong></span> <span class='ocrx_word' id='word_1_251' title='bbox 878 2765 1067 2851; x_wconf 88' lang='lat' dir='ltr'><strong>quibusdam</strong></span> <span class='ocrx_word' id='word_1_252' title='bbox 1084 2778 1115 2831; x_wconf 86' lang='lat' dir='ltr'><strong>et</strong></span> <span class='ocrx_word' id='word_1_253' title='bbox 1130 2744 1353 2864; x_wconf 56' lang='lat' dir='ltr'><strong>ma·{&#39;¹&#39;‡⁸}4¹:¹n⁸:⁸&#39;</strong></span> 
     </span>
     <span class='ocr_line' id='line_1_31' title="bbox 133 2832 1339 2938; baseline -0.002 -20"><span class='ocrx_word' id='word_1_254' title='bbox 133 2853 321 2938; x_wconf 82' lang='lat' dir='ltr'><strong>gistratibus</strong></span> <span class='ocrx_word' id='word_1_255' title='bbox 342 2868 450 2917; x_wconf 89' lang='lat' dir='ltr'><strong>erant:</strong></span> <span class='ocrx_word' id='word_1_256' title='bbox 464 2854 549 2937; x_wconf 91' lang='lat' dir='ltr'><strong>-quin</strong></span> <span class='ocrx_word' id='word_1_257' title='bbox 565 2867 596 2916; x_wconf 84' lang='lat' dir='ltr'><strong>et</strong></span> <span class='ocrx_word' id='word_1_258' title='bbox 617 2851 761 2936; x_wconf 88' lang='lat' dir='ltr'><strong>pecnnia,</strong></span> <span class='ocrx_word' id='word_1_259' title='bbox 778 2875 850 2938; x_wconf 73' lang='lat' dir='ltr'><strong>quar</strong></span> <span class='ocrx_word' id='word_1_260' title='bbox 873 2851 904 2913; x_wconf 93' lang='lat' dir='ltr'><strong>in</strong></span> <span class='ocrx_word' id='word_1_261' title='bbox 922 2852 1111 2935; x_wconf 84' lang='lat' dir='ltr'><strong>stipendium</strong></span> <span class='ocrx_word' id='word_1_262' title='bbox 1131 2832 1251 2929; x_wconf 50' lang='lat' dir='ltr'><strong>Rmblr</strong></span> <span class='ocrx_word' id='word_1_263' title='bbox 1331 2833 1339 2863; x_wconf 82' lang='lat'><strong>¹</strong></span> 
     </span>
     <span class='ocr_line' id='line_1_32' title="bbox 132 2936 1197 3024; baseline -0.004 -18"><span class='ocrx_word' id='word_1_264' title='bbox 132 2941 236 3006; x_wconf 79' lang='lat' dir='ltr'><strong>manis</strong></span> <span class='ocrx_word' id='word_1_265' title='bbox 257 2939 352 3004; x_wconf 67' lang='lat' dir='ltr'><strong>”suo</strong></span> <span class='ocrx_word' id='word_1_266' title='bbox 374 2961 499 3024; x_wconf 91' lang='lat' dir='ltr'><strong>quoque</strong></span> <span class='ocrx_word' id='word_1_267' title='bbox 521 2961 606 3002; x_wconf 88' lang='lat' dir='ltr'><strong>anno</strong></span> <span class='ocrx_word' id='word_1_268' title='bbox 628 2939 825 3022; x_wconf 88' lang='lat' dir='ltr'><strong>penderetur,</strong></span> <span class='ocrx_word' id='word_1_269' title='bbox 846 2937 964 3013; x_wconf 86' lang='lat' dir='ltr'><strong>deerat,</strong></span> <span class='ocrx_word' id='word_1_270' title='bbox 979 2936 1197 3024; x_wconf 88' lang='lat' dir='ltr'><strong>tributumque</strong></span> 
     </span>
     <span class='ocr_line' id='line_1_33' title="bbox 132 3024 1271 3114; baseline 0.002 -24"><span class='ocrx_word' id='word_1_271' title='bbox 132 3050 232 3114; x_wconf 87' lang='lat' dir='ltr'><strong>grave</strong></span> <span class='ocrx_word' id='word_1_272' title='bbox 246 3024 378 3110; x_wconf 85' lang='lat' dir='ltr'><strong>privatis</strong></span> <span class='ocrx_word' id='word_1_273' title='bbox 394 3026 548 3090; x_wconf 84' lang='lat' dir='ltr'><strong>inminere</strong></span> <span class='ocrx_word' id='word_1_274' title='bbox 562 3024 737 3090; x_wconf 84' lang='lat' dir='ltr'><strong>videbatur.</strong></span> <span class='ocrx_word' id='word_1_275' title='bbox 1266 3083 1271 3092; x_wconf 86' lang='lat'>.</span> 
     </span>
    </p>

    <p class='ocr_par' dir='ltr' id='par_1_9' title="bbox 176 3109 1198 3198">
     <span class='ocr_line' id='line_1_34' title="bbox 176 3109 1198 3198; baseline -0.001 -21"><span class='ocrx_word' id='word_1_276' title='bbox 176 3111 330 3177; x_wconf 86' lang='lat' dir='ltr'>XLVII.</span> <span class='ocrx_word' id='word_1_277' title='bbox 357 3111 522 3175; x_wconf 86' lang='lat' dir='ltr'><strong>Hannibal</strong></span> <span class='ocrx_word' id='word_1_278' title='bbox 535 3127 712 3198; x_wconf 85' lang='lat' dir='ltr'><strong>postquam,</strong></span> <span class='ocrx_word' id='word_1_279' title='bbox 729 3109 891 3198; x_wconf 89' lang='lat' dir='ltr'><strong>vectigalia</strong></span> <span class='ocrx_word' id='word_1_280' title='bbox 906 3122 1025 3198; x_wconf 88' lang='lat' dir='ltr'><strong>quauta</strong></span> <span class='ocrx_word' id='word_1_281' title='bbox 1039 3111 1198 3176; x_wconf 85' lang='lat' dir='ltr'><strong>terrestria</strong></span> 
     </span>
    </p>

    <p class='ocr_par' dir='ltr' id='par_1_10' title="bbox 110 3197 1199 3462">
     <span class='ocr_line' id='line_1_35' title="bbox 131 3197 1195 3284; baseline -0.004 -20"><span class='ocrx_word' id='word_1_282' title='bbox 131 3201 358 3284; x_wconf 87' lang='lat' dir='ltr'><strong>maritimaque</strong></span> <span class='ocrx_word' id='word_1_283' title='bbox 368 3211 481 3272; x_wconf 86' lang='lat' dir='ltr'><strong>essent,</strong></span> <span class='ocrx_word' id='word_1_284' title='bbox 494 3210 525 3260; x_wconf 90' lang='lat' dir='ltr'><strong>et</strong></span> <span class='ocrx_word' id='word_1_285' title='bbox 539 3199 572 3261; x_wconf 92' lang='lat' dir='ltr'><strong>in</strong></span> <span class='ocrx_word' id='word_1_286' title='bbox 584 3221 662 3284; x_wconf 86' lang='lat' dir='ltr'><strong>quas</strong></span> <span class='ocrx_word' id='word_1_287' title='bbox 674 3220 723 3260; x_wconf 86' lang='lat' dir='ltr'><strong>res</strong></span> <span class='ocrx_word' id='word_1_288' title='bbox 734 3211 950 3280; x_wconf 83' lang='lat' dir='ltr'><strong>erogarentur,</strong></span> <span class='ocrx_word' id='word_1_289' title='bbox 963 3197 1195 3276; x_wconf 81' lang='lat' dir='ltr'><strong>animadvertit,</strong></span> 
     </span>
     <span class='ocr_line' id='line_1_36' title="bbox 110 3283 1197 3374; baseline -0.003 -23"><span class='ocrx_word' id='word_1_290' title='bbox 110 3289 113 3298; x_wconf 80' lang='grc'><strong>’</strong></span> <span class='ocrx_word' id='word_1_291' title='bbox 132 3285 260 3374; x_wconf 85' lang='lat' dir='ltr'><strong>etquid</strong></span> <span class='ocrx_word' id='word_1_292' title='bbox 275 3307 384 3348; x_wconf 88' lang='lat' dir='ltr'><strong>eorum</strong></span> <span class='ocrx_word' id='word_1_293' title='bbox 401 3284 553 3348; x_wconf 89' lang='lat' dir='ltr'><strong>ordinarii</strong></span> <span class='ocrx_word' id='word_1_294' title='bbox 568 3283 751 3366; x_wconf 84' lang='lat' dir='ltr'><strong>reipublicae</strong></span> <span class='ocrx_word' id='word_1_295' title='bbox 765 3305 838 3348; x_wconf 88' lang='lat' dir='ltr'><strong>usus</strong></span> <span class='ocrx_word' id='word_1_296' title='bbox 852 3297 1082 3358; x_wconf 82' lang='lat' dir='ltr'><strong>consumerent,</strong></span> <span class='ocrx_word' id='word_1_297' title='bbox 1097 3307 1197 3369; x_wconf 88' lang='lat' dir='ltr'><strong>quan-</strong></span> 
     </span>
     <span class='ocr_line' id='line_1_37' title="bbox 132 3369 1199 3462; baseline 0 -26"><span class='ocrx_word' id='word_1_298' title='bbox 132 3387 200 3462; x_wconf 83' lang='lat' dir='ltr'><strong>tum</strong></span> <span class='ocrx_word' id='word_1_299' title='bbox 226 3370 392 3458; x_wconf 87' lang='lat' dir='ltr'><strong>peculatus</strong></span> <span class='ocrx_word' id='word_1_300' title='bbox 406 3374 576 3448; x_wconf 61' lang='lat' dir='ltr'><strong>averterem</strong></span> <span class='ocrx_word' id='word_1_301' title='bbox 597 3369 780 3434; x_wconf 71' lang='lat' dir='ltr'><strong>⁶²omnibus</strong></span> <span class='ocrx_word' id='word_1_302' title='bbox 796 3369 927 3434; x_wconf 88' lang='lat' dir='ltr'><strong>residuis</strong></span> <span class='ocrx_word' id='word_1_303' title='bbox 949 3373 1090 3455; x_wconf 86' lang='lat' dir='ltr'><strong>pecuniis</strong></span> <span class='ocrx_word' id='word_1_304' title='bbox 1105 3394 1199 3436; x_wconf 81' lang='lat' dir='ltr'><strong>exac-</strong></span> 
     </span>
    </p>
   </div>
   <div class='ocr_carea' id='block_1_5' title="bbox 548 3513 781 3574">
    <p class='ocr_par' dir='ltr' id='par_1_11' title="bbox 548 3513 781 3574">
     <span class='ocr_line' id='line_1_38' title="bbox 548 3513 781 3574; baseline -0.004 -16"><span class='ocrx_word' id='word_1_305' title='bbox 548 3514 560 3543; x_wconf 74' lang='lat'><strong><em>‘</em></strong></span> <span class='ocrx_word' id='word_1_306' title='bbox 571 3527 617 3574; x_wconf 82' lang='lat' dir='ltr'><strong>quo</strong></span> <span class='ocrx_word' id='word_1_307' title='bbox 627 3513 703 3574; x_wconf 78' lang='lat' dir='ltr'><strong>Gran.</strong></span> <span class='ocrx_word' id='word_1_308' title='bbox 715 3514 781 3560; x_wconf 82' lang='lat' dir='ltr'><strong>crer.</strong></span> 
     </span>
    </p>
   </div>
   <div class='ocr_carea' id='block_1_6' title="bbox 128 3641 1238 4427">
    <p class='ocr_par' dir='ltr' id='par_1_12' title="bbox 130 3641 1199 3840">
     <span class='ocr_line' id='line_1_39' title="bbox 164 3641 965 3711; baseline 0.001 -18"><span class='ocrx_word' id='word_1_309' title='bbox 164 3653 196 3696; x_wconf 68' lang='lat'><strong>27</strong></span> <span class='ocrx_word' id='word_1_310' title='bbox 215 3646 312 3692; x_wconf 74' lang='lat' dir='ltr'><strong>laertia</strong></span> <span class='ocrx_word' id='word_1_311' title='bbox 326 3641 414 3711; x_wconf 69' lang='lat' dir='ltr'><strong>operia]</strong></span> <span class='ocrx_word' id='word_1_312' title='bbox 430 3644 557 3706; x_wconf 73' lang='lat' dir='ltr'><strong>Ingeniosa</strong></span> <span class='ocrx_word' id='word_1_313' title='bbox 571 3644 650 3692; x_wconf 80' lang='lat' dir='ltr'><strong>Rtibe-</strong></span> <span class='ocrx_word' id='word_1_314' title='bbox 683 3647 769 3694; x_wconf 76' lang='lat' dir='ltr'><strong>turma</strong></span> <span class='ocrx_word' id='word_1_315' title='bbox 778 3661 833 3693; x_wconf 83' lang='lat' dir='ltr'><strong>mox</strong></span> <span class='ocrx_word' id='word_1_316' title='bbox 844 3647 965 3707; x_wconf 75' lang='lat' dir='ltr'><strong>potentiae.</strong></span> 
     </span>
     <span class='ocr_line' id='line_1_40' title="bbox 131 3705 1198 3774; baseline 0.002 -16"><span class='ocrx_word' id='word_1_317' title='bbox 131 3712 399 3771; x_wconf 77' lang='lat' dir='ltr'><strong>nine,a&#39;nertinrupiri.·</strong></span> <span class='ocrx_word' id='word_1_318' title='bbox 416 3711 454 3756; x_wconf 86' lang='lat' dir='ltr'><strong>coi</strong></span> <span class='ocrx_word' id='word_1_319' title='bbox 470 3709 651 3772; x_wconf 84' lang='lat' dir='ltr'><strong>rerboopponi·</strong></span> <span class='ocrx_word' id='word_1_320' title='bbox 715 3717 744 3758; x_wconf 84' lang='lat'><strong>81</strong></span> <span class='ocrx_word' id='word_1_321' title='bbox 764 3713 814 3758; x_wconf 81' lang='lat' dir='ltr'><strong>Sua</strong></span> <span class='ocrx_word' id='word_1_322' title='bbox 835 3725 924 3773; x_wconf 82' lang='lat' dir='ltr'><strong>quoqne</strong></span> <span class='ocrx_word' id='word_1_323' title='bbox 948 3705 1022 3774; x_wconf 83' lang='lat' dir='ltr'><strong>anno]</strong></span> <span class='ocrx_word' id='word_1_324' title='bbox 1050 3711 1108 3772; x_wconf 77' lang='lat' dir='ltr'><strong>Legi</strong></span> <span class='ocrx_word' id='word_1_325' title='bbox 1127 3712 1198 3771; x_wconf 83' lang='lat' dir='ltr'><strong>jubet</strong></span> 
     </span>
     <span class='ocr_line' id='line_1_41' title="bbox 130 3775 1199 3840; baseline 0 -16"><span class='ocrx_word' id='word_1_326' title='bbox 130 3781 172 3824; x_wconf 82' lang='lat' dir='ltr'><strong>tur</strong></span> <span class='ocrx_word' id='word_1_327' title='bbox 180 3778 208 3824; x_wconf 86' lang='lat' dir='ltr'><strong>ia</strong></span> <span class='ocrx_word' id='word_1_328' title='bbox 220 3776 251 3822; x_wconf 80' lang='lat' dir='ltr'><strong>iia</strong></span> <span class='ocrx_word' id='word_1_329' title='bbox 263 3789 316 3835; x_wconf 79' lang='lat' dir='ltr'><strong>qua</strong></span> <span class='ocrx_word' id='word_1_330' title='bbox 327 3780 459 3836; x_wconf 58' lang='lat' dir='ltr'><strong>mouetur</strong></span> <span class='ocrx_word' id='word_1_331' title='bbox 469 3775 580 3822; x_wconf 63' lang='lat' dir='ltr'><strong>exarari</strong></span> <span class='ocrx_word' id='word_1_332' title='bbox 684 3778 820 3828; x_wconf 77' lang='lat' dir='ltr'><strong>Gronovius</strong></span> <span class='ocrx_word' id='word_1_333' title='bbox 826 3793 868 3823; x_wconf 79' lang='lat' dir='ltr'><strong>sao</strong></span> <span class='ocrx_word' id='word_1_334' title='bbox 877 3791 973 3840; x_wconf 75' lang='lat' dir='ltr'><strong>quaque</strong></span> <span class='ocrx_word' id='word_1_335' title='bbox 983 3792 1060 3822; x_wconf 72' lang='lat' dir='ltr'><strong>aanor</strong></span> <span class='ocrx_word' id='word_1_336' title='bbox 1073 3778 1143 3838; x_wconf 85' lang='lat' dir='ltr'><strong>idque</strong></span> <span class='ocrx_word' id='word_1_337' title='bbox 1155 3793 1199 3826; x_wconf 86' lang='lat' dir='ltr'><strong>no·</strong></span> 
     </span>
    </p>

    <p class='ocr_par' dir='ltr' id='par_1_13' title="bbox 130 3837 1238 4034">
     <span class='ocr_line' id='line_1_42' title="bbox 163 3837 1197 3904; baseline 0 -16"><span class='ocrx_word' id='word_1_338' title='bbox 163 3841 311 3904; x_wconf 73' lang='lat' dir='ltr'><strong>28⁸Neque</strong></span> <span class='ocrx_word' id='word_1_339' title='bbox 330 3844 395 3888; x_wconf 79' lang='lat' dir='ltr'><strong>enim</strong></span> <span class='ocrx_word' id='word_1_340' title='bbox 416 3837 532 3903; x_wconf 82' lang='lat' dir='ltr'><strong>ciuiliter]</strong></span> <span class='ocrx_word' id='word_1_341' title='bbox 550 3842 606 3888; x_wconf 91' lang='lat' dir='ltr'><strong>Non</strong></span> <span class='ocrx_word' id='word_1_342' title='bbox 622 3845 652 3887; x_wconf 88' lang='lat' dir='ltr'><strong>ut</strong></span> <span class='ocrx_word' id='word_1_343' title='bbox 682 3841 719 3889; x_wconf 80' lang='lat' dir='ltr'><strong>bit</strong></span> <span class='ocrx_word' id='word_1_344' title='bbox 740 3856 788 3890; x_wconf 89' lang='lat' dir='ltr'><strong>non</strong></span> <span class='ocrx_word' id='word_1_345' title='bbox 807 3857 867 3899; x_wconf 66' lang='lat' dir='ltr'><strong>aare</strong></span> <span class='ocrx_word' id='word_1_346' title='bbox 883 3842 976 3902; x_wconf 82' lang='lat' dir='ltr'><strong>probet.</strong></span> <span class='ocrx_word' id='word_1_347' title='bbox 1009 3842 1197 3890; x_wconf 71' lang='lat' dir='ltr'><strong>vianetadl.</strong></span> 
     </span>
     <span class='ocr_line' id='line_1_43' title="bbox 130 3907 1050 3968; baseline -0.005 -14"><span class='ocrx_word' id='word_1_348' title='bbox 130 3908 193 3954; x_wconf 78' lang='lat' dir='ltr'><strong>eires</strong></span> <span class='ocrx_word' id='word_1_349' title='bbox 218 3907 246 3954; x_wconf 87' lang='lat' dir='ltr'><strong>itt</strong></span> <span class='ocrx_word' id='word_1_350' title='bbox 273 3907 492 3966; x_wconf 77' lang='lat' dir='ltr'><strong>libera.republica</strong></span> <span class='ocrx_word' id='word_1_351' title='bbox 515 3908 556 3955; x_wconf 82' lang='lat' dir='ltr'><strong>sed</strong></span> <span class='ocrx_word' id='word_1_352' title='bbox 581 3907 651 3968; x_wconf 85' lang='lat' dir='ltr'><strong>plane</strong></span> <span class='ocrx_word' id='word_1_353' title='bbox 683 3907 730 3954; x_wconf 89' lang='lat'>111.</span> <span class='ocrx_word' id='word_1_354' title='bbox 739 3923 759 3955; x_wconf 85' lang='lat' dir='ltr'><strong>e.</strong></span> <span class='ocrx_word' id='word_1_355' title='bbox 773 3913 813 3955; x_wconf 70' lang='lat'><strong>22.</strong></span> <span class='ocrx_word' id='word_1_356' title='bbox 823 3908 965 3954; x_wconf 81' lang='lat' dir='ltr'><strong>ettxxv.</strong></span> <span class='ocrx_word' id='word_1_357' title='bbox 978 3923 999 3954; x_wconf 92' lang='lat' dir='ltr'><strong>c.</strong></span> <span class='ocrx_word' id='word_1_358' title='bbox 1014 3913 1050 3956; x_wconf 86' lang='lat'><strong>17.</strong></span> 
     </span>
     <span class='ocr_line' id='line_1_44' title="bbox 131 3968 1238 4034; baseline 0 -14"><span class='ocrx_word' id='word_1_359' title='bbox 131 3973 198 4032; x_wconf 78' lang='lat' dir='ltr'><strong>quui</strong></span> <span class='ocrx_word' id='word_1_360' title='bbox 211 3972 447 4032; x_wconf 61' lang='lat' dir='ltr'><strong>manttyranni.</strong></span> <span class='ocrx_word' id='word_1_361' title='bbox 714 3979 746 4020; x_wconf 56' lang='grc' dir='ltr'><strong>ὃς</strong></span> <span class='ocrx_word' id='word_1_362' title='bbox 765 3970 1197 4034; x_wconf 71' lang='lat' dir='ltr'><strong>Omntturotdatepauatn]reeu-</strong></span> <span class='ocrx_word' id='word_1_363' title='bbox 1235 3968 1238 3972; x_wconf 69' lang='grc'><strong>’</strong></span> 
     </span>
    </p>

    <p class='ocr_par' dir='ltr' id='par_1_14' title="bbox 128 4032 1198 4228">
     <span class='ocr_line' id='line_1_45' title="bbox 163 4032 1198 4100; baseline -0.002 -16"><span class='ocrx_word' id='word_1_364' title='bbox 163 4044 194 4086; x_wconf 77' lang='lat'><strong>29</strong></span> <span class='ocrx_word' id='word_1_365' title='bbox 213 4038 282 4084; x_wconf 79' lang='lat' dir='ltr'><strong>Idem</strong></span> <span class='ocrx_word' id='word_1_366' title='bbox 301 4052 347 4098; x_wconf 80' lang='lat' dir='ltr'><strong>pro</strong></span> <span class='ocrx_word' id='word_1_367' title='bbox 366 4036 444 4084; x_wconf 71' lang='lat' dir='ltr'><strong>nihili</strong></span> <span class='ocrx_word' id='word_1_368' title='bbox 464 4032 651 4100; x_wconf 71' lang='lat' dir='ltr'><strong>inbuit111eute</strong></span> <span class='ocrx_word' id='word_1_369' title='bbox 683 4039 729 4084; x_wconf 86' lang='lat' dir='ltr'><strong>niis</strong></span> <span class='ocrx_word' id='word_1_370' title='bbox 747 4039 931 4099; x_wconf 78' lang='lat' dir='ltr'><strong>omnibur,qua</strong></span> <span class='ocrx_word' id='word_1_371' title='bbox 951 4053 1023 4099; x_wconf 87' lang='lat' dir='ltr'><strong>quum</strong></span> <span class='ocrx_word' id='word_1_372' title='bbox 1044 4037 1143 4099; x_wconf 76' lang='lat' dir='ltr'><strong>publice</strong></span> <span class='ocrx_word' id='word_1_373' title='bbox 1160 4051 1198 4082; x_wconf 80' lang='lat' dir='ltr'><strong>ea·</strong></span> 
     </span>
     <span class='ocr_line' id='line_1_46' title="bbox 130 4100 1197 4165; baseline -0.002 -17"><span class='ocrx_word' id='word_1_374' title='bbox 130 4103 269 4149; x_wconf 74' lang='lat' dir='ltr'><strong>Perizonius</strong></span> <span class='ocrx_word' id='word_1_375' title='bbox 281 4103 402 4149; x_wconf 82' lang='lat' dir='ltr'><strong>existimat</strong></span> <span class='ocrx_word' id='word_1_376' title='bbox 412 4104 550 4164; x_wconf 72' lang='lat' dir='ltr'><strong>legendum:</strong></span> <span class='ocrx_word' id='word_1_377' title='bbox 565 4103 591 4148; x_wconf 81' lang='lat' dir='ltr'><strong>Ia</strong></span> <span class='ocrx_word' id='word_1_378' title='bbox 601 4117 651 4149; x_wconf 83' lang='lat' dir='ltr'><strong>rem</strong></span> <span class='ocrx_word' id='word_1_379' title='bbox 682 4109 746 4160; x_wconf 77' lang='lat' dir='ltr'><strong>rent,</strong></span> <span class='ocrx_word' id='word_1_380' title='bbox 764 4105 826 4165; x_wconf 83' lang='lat' dir='ltr'><strong>apud</strong></span> <span class='ocrx_word' id='word_1_381' title='bbox 842 4105 946 4165; x_wconf 82' lang='lat' dir='ltr'><strong>privator</strong></span> <span class='ocrx_word' id='word_1_382' title='bbox 963 4105 1104 4158; x_wconf 75' lang='lat' dir='ltr'><strong>recederent,</strong></span> <span class='ocrx_word' id='word_1_383' title='bbox 1119 4115 1133 4146; x_wconf 84' lang='lat' dir='ltr'><strong>e</strong></span> <span class='ocrx_word' id='word_1_384' title='bbox 1148 4100 1197 4158; x_wconf 86' lang='lat' dir='ltr'><strong>pri-</strong></span> 
     </span>
     <span class='ocr_line' id='line_1_47' title="bbox 128 4164 1197 4228; baseline -0.004 -14"><span class='ocrx_word' id='word_1_385' title='bbox 128 4169 263 4228; x_wconf 75' lang='lat' dir='ltr'><strong>pronihilo</strong></span> <span class='ocrx_word' id='word_1_386' title='bbox 274 4168 367 4214; x_wconf 75' lang='lat' dir='ltr'><strong>babuit.</strong></span> <span class='ocrx_word' id='word_1_387' title='bbox 683 4170 852 4216; x_wconf 77' lang='lat' dir='ltr'><strong>retieretentae</strong></span> <span class='ocrx_word' id='word_1_388' title='bbox 863 4169 965 4215; x_wconf 75' lang='lat' dir='ltr'><strong>fluerent</strong></span> <span class='ocrx_word' id='word_1_389' title='bbox 993 4164 1197 4225; x_wconf 80' lang='lat' dir='ltr'><strong>*Ueurpavithoe</strong></span> 
     </span>
    </p>

    <p class='ocr_par' dir='ltr' id='par_1_15' title="bbox 132 4228 1197 4427">
     <span class='ocr_line' id='line_1_48' title="bbox 162 4228 1197 4294; baseline -0.005 -14"><span class='ocrx_word' id='word_1_390' title='bbox 162 4233 285 4280; x_wconf 53' lang='lat' dir='ltr'><strong>nouam</strong></span> <span class='ocrx_word' id='word_1_391' title='bbox 307 4249 353 4294; x_wconf 84' lang='lat' dir='ltr'><strong>pro</strong></span> <span class='ocrx_word' id='word_1_392' title='bbox 370 4233 468 4294; x_wconf 78' lang='lat' dir='ltr'><strong>futuris</strong></span> <span class='ocrx_word' id='word_1_393' title='bbox 493 4249 549 4280; x_wconf 75' lang='lat' dir='ltr'><strong>maa</strong></span> <span class='ocrx_word' id='word_1_394' title='bbox 569 4233 651 4294; x_wconf 76' lang='lat' dir='ltr'><strong>opibus</strong></span> <span class='ocrx_word' id='word_1_395' title='bbox 682 4234 743 4280; x_wconf 85' lang='lat' dir='ltr'><strong>idam</strong></span> <span class='ocrx_word' id='word_1_396' title='bbox 763 4233 904 4280; x_wconf 73' lang='lat' dir='ltr'><strong>vocabulum</strong></span> <span class='ocrx_word' id='word_1_397' title='bbox 923 4234 1003 4282; x_wconf 86' lang='lat' dir='ltr'><strong>eodem</strong></span> <span class='ocrx_word' id='word_1_398' title='bbox 1023 4243 1094 4278; x_wconf 83' lang='lat' dir='ltr'><strong>tantu</strong></span> <span class='ocrx_word' id='word_1_399' title='bbox 1115 4228 1197 4275; x_wconf 86' lang='lat' dir='ltr'><strong>Cicero</strong></span> 
     </span>
     <span class='ocr_line' id='line_1_49' title="bbox 132 4294 858 4361; baseline 0 -18"><span class='ocrx_word' id='word_1_400' title='bbox 132 4299 224 4344; x_wconf 76' lang='lat' dir='ltr'><strong>animoa</strong></span> <span class='ocrx_word' id='word_1_401' title='bbox 235 4294 345 4360; x_wconf 77' lang='lat' dir='ltr'><strong>gerebat]</strong></span> <span class='ocrx_word' id='word_1_402' title='bbox 360 4299 414 4346; x_wconf 70' lang='lat' dir='ltr'><strong>«iam</strong></span> <span class='ocrx_word' id='word_1_403' title='bbox 434 4313 474 4346; x_wconf 84' lang='lat' dir='ltr'><strong>eor</strong></span> <span class='ocrx_word' id='word_1_404' title='bbox 493 4299 648 4355; x_wconf 61' lang='lat' dir='ltr'><strong>perennant-</strong></span> <span class='ocrx_word' id='word_1_405' title='bbox 682 4299 858 4361; x_wconf 67' lang='lat' dir='ltr'><strong>praebuet.</strong></span> 
     </span>
     <span class='ocr_line' id='line_1_50' title="bbox 134 4363 650 4427; baseline 0 -17"><span class='ocrx_word' id='word_1_406' title='bbox 134 4376 194 4421; x_wconf 80' lang='lat' dir='ltr'><strong>moa,</strong></span> <span class='ocrx_word' id='word_1_407' title='bbox 217 4377 270 4411; x_wconf 80' lang='lat' dir='ltr'><strong>eam</strong></span> <span class='ocrx_word' id='word_1_408' title='bbox 294 4363 415 4423; x_wconf 80' lang='lat' dir='ltr'><strong>ferociam,</strong></span> <span class='ocrx_word' id='word_1_409' title='bbox 436 4379 489 4426; x_wconf 74' lang='lat' dir='ltr'><strong>que</strong></span> <span class='ocrx_word' id='word_1_410' title='bbox 511 4367 650 4427; x_wconf 79' lang='lat' dir='ltr'><strong>congrueret</strong></span> 
     </span>
    </p>
   </div>
   <div class='ocr_carea' id='block_1_7' title="bbox 84 4445 745 4492">
    <p class='ocr_par' dir='ltr' id='par_1_16' title="bbox 84 4445 745 4492">
     <span class='ocr_line' id='line_1_51' title="bbox 84 4445 745 4492; baseline -0.003 0"><span class='ocrx_word' id='word_1_411' title='bbox 84 4463 95 4472; x_wconf 86' lang='lat'>·</span> <span class='ocrx_word' id='word_1_412' title='bbox 174 4447 247 4492; x_wconf 76' lang='lat' dir='ltr'><strong>VOL·</strong></span> <span class='ocrx_word' id='word_1_413' title='bbox 263 4448 319 4491; x_wconf 85' lang='lat'>111.</span> <span class='ocrx_word' id='word_1_414' title='bbox 720 4445 745 4490; x_wconf 85' lang='lat' dir='ltr'>K</span> 
     </span>
    </p>
   </div>
   <div class='ocr_carea' id='block_1_8' title="bbox 0 0 1556 4976">
    <p class='ocr_par' dir='ltr' id='par_1_17' title="bbox 0 0 1556 4976">
     <span class='ocr_line' id='line_1_52' title="bbox 0 0 1556 4976; baseline 0 0"><span class='ocrx_word' id='word_1_415' title='bbox 0 0 1556 4976; x_wconf 95' lang='lat' dir='ltr'><strong> </strong></span> 
     </span>
    </p>
   </div>
  </div>
 </body>
</html>
