3042 4954
334 185 374 248 rs
737 173 852 238 rm
878 148 1020 238 nrvtt
1100 181 1105 193 ·

171 359 311 411 u.o.sss.
333 343 436 410 aciem
460 339 653 420 sdmiumt,
667 350 819 408 neumam
844 341 884 407 iis
905 361 1009 408 cornu
1033 339 1234 408 committere
1255 341 1335 424 ami,
1349 363 1403 424 ne,

170 428 202 476 Α·
213 426 244 474 ⁰·
255 431 311 476 ¹⁹⁷·
334 432 361 497 si
379 430 457 501 dolo
470 428 644 507 remissam,
659 447 729 496 rent
743 439 845 499 totam
866 427 1068 512 iuebnarast,
1081 440 1154 516 post
1166 428 1260 518 signe
1272 430 1307 496 in
1327 431 1405 497 snb·

333 518 422 586 cidiis
436 539 491 582 eos
505 518 697 582 lomveruut.
742 515 865 582 Consul
885 515 1045 618 principio
1065 535 1185 603 pugna
1199 517 1286 583 rosit
1298 517 1405 584 sedem

335 603 474 690 Semitas
488 602 621 681 Junonl,
635 602 664 669 si
685 623 725 668 eo
746 602 799 668 die
817 601 924 668 hostes
942 601 1003 668 fuss
1026 599 1191 690 fugatique
1212 617 1327 670 emant.
1371 605 1406 670 Α

332 689 486 757 militibus
508 689 632 756 clamor
653 689 808 768 sublatus,
822 700 1005 776 compotem
1023 688 1092 755 ruti
1105 689 1270 756 consulem
1285 713 1319 756 se
1336 689 1406 757 fec-

331 790 434 857 turos,
449 789 483 843 et
500 777 630 864 inpetus
651 776 684 842 in
704 775 812 842 hostes
832 789 882 843 est
899 775 1012 842 factus·
1056 775 1133 842 Non
1154 775 1298 844 tulerunt
1311 779 1409 844 Insu-

276 876 280 882 ’
331 867 405 930 bra
422 865 564 951 primum
583 883 785 930 coneursum.
807 862 938 951 quidam
952 876 984 929 et
998 885 1018 929 e
1033 863 1234 942 Cenomanis,
1248 876 1340 954 terga
1353 882 1408 930 rc·

330 962 428 1038 pente
440 951 475 1017 in
490 952 560 1036 Ipso
581 950 756 1028 certamine
780 950 948 1040 adgressis,
963 952 1136 1016 tumultum
1159 949 1331 1036 ancipitem
1353 951 1407 1016 in·

325 1041 447 1126 jectum
463 1049 608 1103 suctores
622 1048 706 1116 sunt,
723 1053 868 1126 enseque
889 1039 922 1102 in
942 1037 1052 1103 'medio
1074 1037 1216 1126 quinque
1235 1049 1268 1104 et
1288 1037 1406 1128 trigin-

331 1137 366 1191 ta
387 1123 489 1190 millia
508 1121 660 1207 hostiurn,
674 1125 816 1212 quinque
837 1123 983 1190 midisel
996 1124 1212 1212 septingentos
1225 1124 1314 1190 risos
1328 1147 1366 1190 ca

330 1225 398 1278 tos:
420 1212 459 1277 in.
476 1211 779 1280 iisflflamttcsrem
796 1210 972 1277 Poenorum
997 1211 1233 1298 imperatorem,
1254 1212 1310 1298 qui
1324 1145 1407 1279 tsIII

331 1320 444 1365 mussa
463 1298 592 1365 fuisset:
615 1298 707 1426 signa
723 1298 877 1363 militaria
894 1311 1023 1364 centnm
1045 1297 1188 1385 triginta,
1202 1310 1235 1364 et
1248 1311 1405 1386 carpenta

330 1407 429 1472 supra
449 1385 595 1452 ducenta
669 1383 813 1472 Oppida,
838 1405 911 1472 qum
936 1384 1147 1456 desectionem
1171 1397 1279 1451 secuta
1300 1397 1405 1486 epant,

331 1471 524 1538 dediderunt
538 1493 572 1538 se
589 1471 754 1538 Romanis.
929 1503 934 1510 ·

375 1557 505 1626 XXXI.
536 1557 704 1626 Minucius
730 1557 843 1626 consul
894 1557 977 1624 rimo
1004 1557 1111 1624 effusis
1138 1557 1404 1644 populationibus

274 1708 277 1716 ¹
329 1643 1405 1818 errarunttwttttulttt¹stills

517 1764 542 1789 ἎΙ
886 1775 896 1810 ,
1200 1776 1211 1809 ,
1388 1767 1406 1786 ο

328 1822 467 1886 candum
481 1840 556 1884 cum
578 1817 669 1883 hoste
690 1830 788 1885 ratus.
831 1817 902 1884 Nec
918 1817 1233 1893 Boii.detreotassent
1245 1840 1402 1906 pugnam,

329 1906 483 1972 nissama
501 1906 603 1970 victos
626 1904 777 1990 Insubrep
801 1903 908 1970 adlata
932 1903 1055 1970 animos
1078 1905 1232 2033 ῐιξξίιιιῐ.
1276 1906 1403 1996 Itaque,

329 1992 443 2058 relicto
460 1991 545 2058 duce
565 1991 747 2078 castrisque,
763 1991 837 2056 dissi
861 1992 905 2058 ati
918 2011 978 2076 per
998 1992 1095 2072 vicos,
1146 2003 1255 2059 suant
1269 1993 1406 2080 quisque

327 2077 547 2156 defenderent,
562 2078 721 2144 rationem
734 2099 832 2181 geren
858 2078 866 2093 ‘
889 2077 965 2144 belli
987 2078 1072 2146 hosti
1086 2091 1263 2145 mutarunt,
1283 2081 1404 2144 omissa

328 2166 416 2230 euim
437 2185 494 2252 spe
514 2185 574 2250 per
597 2187 696 2230 unam
718 2166 956 2232 dimicationem
982 2167 1030 2230 rai
1052 2166 1272 2245 decernanda,
1291 2185 1406 2232 rursus

328 2251 479 2404 populari
494 2271 606 2343 agros,
628 2264 661 2318 et
686 2273 779 2319 urere
801 2264 895 2331 tenta,
910 2251 1059 2340 vicosque
1082 2273 1271 2341 expugnare
1291 2253 1403 2339 erepit.

358 2361 395 2404 er
418 2339 547 2406 eosdem
570 2339 638 2405 diss
653 2336 844 2406 Clastidium
870 2339 1044 2406 incensum.
1065 2338 1141 2405 inde
1158 2340 1199 2404 in
1216 2338 1405 2428 Ligustinos

326 2425 456 2505 Ilvates,
472 2427 530 2514 qui
548 2426 607 2492 soli
620 2448 686 2491 non
706 2425 871 2514 parebant,
888 2427 1028 2510 legiones
1047 2427 1165 2493 ductae.
1209 2425 1260 2491 Ea
1273 2447 1404 2514 quoque

327 2535 417 2601 gens,
439 2526 477 2579 ut
500 2513 652 2578 Insubres
677 2515 745 2608 acie
774 2512 886 2593 victos,
916 2511 1023 2590 Boios,
1038 2515 1083 2580 ita
1103 2528 1140 2578 ut
1166 2525 1288 2578 tentare
1308 2534 1402 2600 spem

228 2647 230 2652 -
293 2655 297 2662 .
328 2600 511 2666 certaminis
538 2612 729 2682 metuerent,
751 2601 879 2666 territos
908 2600 1040 2679 audivit,
1067 2602 1100 2664 ἰιι
1125 2600 1280 2666 ditionem
1301 2601 1402 2666 venit.

327 2687 448 2752 Literae
461 2685 630 2753 consulum
645 2689 681 2752 a‘
693 2685 799 2753 Gallia
814 2689 854 2753 de
867 2687 964 2775 gestis
979 2708 1131 2774 prospere
1145 2687 1205 2752 sub
1218 2687 1305 2752 idem
1320 2699 1404 2753 tem-

327 2793 388 2860 pus
414 2775 553 2839 Romam
577 2770 703 2840 edlatoe.
725 2775 793 2839 M.⁸
816 2773 945 2862 Sergius
969 2787 1090 2862 praetor
1112 2773 1270 2841 urbisliu
1286 2785 1402 2839 senatu

327 2883 391 2940 eas,
413 2860 531 2927 deinde
551 2881 594 2927 etr
616 2861 804 2928 auctoritate
831 2860 964 2927 Petrum
990 2861 1032 2926 ad
1060 2861 1230 2948 populum
1246 2858 1402 2930 recitarit.

327 2949 520 3035 supplicatio
533 2949 568 3014 iu
583 2947 791 3036 quatriduum
812 2949 950 3016 decreta.
994 2947 1148 3017 ³⁰Iliense
1168 2949 1235 3035 jam
1258 2969 1297 3014 eo
1318 2960 1403 3014 tcm-

327 3048 501 3119 posceret.

403 3178 563 3226 οιιίιίίὶιιιιι.
630 3168 831 3224 faumacres.
898 3173 1053 3224 8M'-Ilaed·
1119 3173 1248 3224 hertam
1258 3173 1325 3222 Eaed.

364 3316 395 3360 st
412 3308 561 3357 Amilcarem
572 3307 702 3356 ranorum
720 3307 849 3368 imperato·
880 3314 977 3355 matu.
1012 3305 1045 3353 Et
1054 3320 1110 3355 sero
1121 3319 1185 3355 anne
1194 3313 1307 3368 sequente
1318 3319 1405 3354 rursus

330 3374 393 3438 rem]
414 3375 489 3422 Iluuc
506 3375 532 3421 in
549 3373 631 3435 puello
653 3375 684 3420 ad
705 3371 849 3421 Cremonam
881 3373 971 3420 bellum
991 3370 1083 3428 geritur
1102 3384 1157 3420 cum
1178 3372 1330 3430 Insubribus,
1349 3385 1403 3420 uon

330 3440 442 3486 cecidisse
466 3438 592 3486 affirmarit
619 3452 692 3500 supra
714 3439 808 3496 Livius,
832 3439 849 3486 1.
881 3439 1046 3498 ampliuscum
1059 3438 1211 3487 Cenomanis.
1244 3437 1299 3486 Vsd.
1311 3435 1375 3484 inira
1383 3438 1401 3485 l.

330 3503 433 3552 XXXI.
445 3519 466 3550 c.
479 3510 520 3554 at.
551 3505 621 3552 Alica
632 3509 784 3566 unpetunc
792 3517 848 3551 auo
880 3503 1006 3552 xxxttt.
1014 3519 1035 3551 o.
1046 3507 1087 3551 86.

329 3573 395 3616 tores
414 3574 511 3618 secutus
525 3572 588 3629 erat,
599 3584 670 3632 quam
689 3584 788 3632 quorum
800 3570 849 3628 bic,
913 3576 945 3620 99
962 3569 1050 3617 Suasa
1057 3571 1156 3632 quisque
1163 3560 1326 3630 defenderent]
1338 3569 1402 3618 Gre-

330 3640 356 3681 st
361 3635 425 3682 intra
431 3637 447 3683 1.
455 3635 582 3684 XXXIII.
590 3651 611 3682 c.
622 3634 850 3698 amponitdirar·
881 3635 967 3684 novius
978 3636 1079 3684 affirmat
1090 3637 1115 3683 iu
1127 3635 1222 3696 scriptis
1236 3632 1348 3682 omuibus
1366 3633 1402 3682 le·

330 3712 381 3748 sam
400 3701 472 3760 plane
489 3701 518 3748 da
532 3701 616 3751 eodem
631 3703 751 3750 Amilcsre
769 3713 848 3750 narra·
880 3701 904 3760 gi
916 3717 961 3748 sua
975 3702 1073 3764 quisque
1091 3701 1229 3762 defendere:
1246 3700 1310 3760 qued
1326 3699 1400 3760 plene

329 3765 428 3814 tionem·
880 3766 994 3814 sitlosum
1017 3775 1061 3816 est·
1105 3767 1195 3817 Noster
1216 3766 1309 3815 Victor.
1329 3765 1365 3814 ita
1385 3779 1401 3812 a

363 3837 394 3878 ss
415 3831 511 3894 Oppida
529 3848 582 3895 qun
598 3832 752 3894 dqt‘ects'm
767 3839 849 3882 secuta
880 3833 984 3895 vulgatis
1002 3833 1109 3888 discedit,
1121 3836 1242 3880 attamen
1258 3845 1302 3880 sua
1317 3831 1401 3880 sensui

330 3893 412 3958 aaut]
436 3898 550 3945 Insubres
570 3898 706 3946 rebeIIIonis
726 3899 845 3961 principes
877 3898 1003 3959 integritas
1014 3903 1124 3948 constet:
1140 3897 1400 3961 quomqacqaede·

328 3968 355 4010 st
382 3963 454 4010 duces
481 3964 591 4011 fuerautr
621 3964 755 4012 Οοιιοιιιιιιὶ
776 3965 846 4012 Insu-
870 3963 1007 4024 sauderent.

328 4029 779 4091 bdumdeiectiouisesssdjunxeraut.
810 4030 846 4078 U·
910 4036 943 4077 80
962 4031 1055 4092 ¹Hiatus
1071 4029 1128 4090 jam
1154 4044 1180 4076 es
1207 4035 1310 4090 tempere
1336 4035 1400 4077 not.

327 4100 440 4157 transque
450 4099 584 4146 constater
595 4095 625 4143 iis
636 4110 689 4157 qne
700 4096 845 4159 praecedunt.
880 4095 961 4152 Quum
978 4097 1006 4143 T.
1020 4093 1156 4152 Quintius.
1168 4127 1175 4143 .
1186 4123 1193 4141 .
1205 4097 1233 4142 s'sr
1248 4095 1401 4142 Phariaene

327 4163 404 4210 Recta
420 4161 494 4219 igitur
509 4162 636 4212 Fabrcttas
653 4162 679 4209 iu
695 4163 799 4224 Apolog.
816 4163 845 4210 ad
878 4162 982 4210 Locride
999 4161 1098 4210 tumn
1111 4161 1228 4223 disposita
1246 4161 1352 4217 baberet,
1366 4160 1400 4206 0-

329 4229 508 4288 Grunnsrinm,
520 4229 584 4276 buna
596 4229 674 4278 locum
686 4229 720 4276 sic
730 4227 845 4289 exponit:
875 4234 953 4289 pente
962 4227 1047 4274 seditio
1057 4234 1111 4274 crta
1122 4223 1169 4290 est]
1185 4227 1235 4274 Hic
1246 4227 1313 4274 locus
1324 4239 1399 4287 prava

330 4295 427 4356 opp-'aa
443 4291 716 4358 Germanorumque
735 4293 846 4354 maceio·
879 4293 1034 4341 distinctione
1056 4293 1187 4341 laborabat.
1220 4292 1259 4340 Sia
1276 4291 1340 4340 cutm
1359 4291 1401 4338 in·

326 4375 380 4408 aem
402 4357 539 4411 Insubrium
557 4368 641 4410 secuta
654 4367 734 4421 murt,
753 4361 847 4410 dedide·
879 4359 1080 4422 tcrpuugcbstur:
1097 4359 1281 4422 Htmjmo
1292 4364 1399 4422 tenpore
