3082 4976
374 151 437 232 aas
618 141 621 148 ’
772 165 887 226 rrrr
917 161 1054 225 nrvrr

215 347 246 402 tt.
258 323 361 417 cL‘s'ss:
377 331 414 396 C.
431 327 596 396 Decimius
618 325 733 394 Flavus
755 325 921 407 urbanam,
939 327 977 394 P.
993 325 1160 395 Cornelius
1178 323 1340 418 Cethegus
1365 330 1455 396 inter

215 411 248 466 b
259 413 289 468 ὓ·
299 416 353 465 ¹⁸⁴·
376 418 460 483 cives
473 429 506 481 et
520 418 704 504 peregrinos
720 415 823 480 sortiti
838 429 925 494 suntt
949 415 989 480 Ο.
1007 416 1213 500 Sempronius
1228 415 1351 481 Blaesus
1370 417 1454 482 Sici-

376 503 462 581 liam,
480 502 523 580 Q.
540 499 670 568 Naevius
687 499 805 567 Matho
821 501 1014 582 Sardiniam,
1028 513 1061 566 et
1082 514 1118 567 nt
1131 501 1215 566 idem
1231 504 1270 566 de
1288 501 1455 567 veneficiis

401 601 546 667 uaereret,
572 591 614 654 A.
630 585 799 653 Terentius
829 586 934 653 Varro
965 587 1157 674 Hispaniam
1187 587 1379 665 citeriorem,
1410 589 1452 653 P.

377 605 589 762 lempronius
605 675 737 762 Longus
753 673 945 759 Hispaniam
963 672 1154 738 ulteriorem.
1198 674 1252 739 De
1271 673 1309 737 iis
1323 673 1454 738 duabus

373 761 550 914 ppovinciis
563 761 659 848 legati
698 781 733 824 er
746 759 779 826 id
801 757 867 825 fere
882 769 1017 846 tempus,
1034 760 1073 824 L.
1089 759 1111 825 J
1113 760 1258 829 aventius
1273 758 1404 827 Thalna
1420 775 1454 824 et

411 848 633 926 .Quinotilius
682 859 950 923 emarcuerunt.
973 846 1038 934 qui,
1059 860 1214 933 quantum
1239 846 1356 912 bellum
1378 847 1452 932 jam

375 935 582 1022 profligatum
608 932 641 998 in
666 929 829 1017 Hispania
850 947 940 1013 esset,
960 944 1070 996 senatu
1096 932 1222 1013 edocto,
1244 931 1453 1018 postularunt

346 1097 348 1100 ¹
376 1019 482 1099 simul,
500 1031 535 1085 ut
555 1040 617 1106 pro
637 1014 732 1083 rebus
750 1031 815 1083 tam
838 1039 989 1104 prospere
1010 1017 1105 1106 gestis
1128 1015 1201 1084 Diis
1223 1017 1451 1084 inmortalibus

375 1105 550 1172 haberetur
571 1105 681 1182 bonos,
698 1117 730 1169 et
744 1115 780 1169 ut
793 1105 983 1189 praetoribus
998 1104 1173 1168 exercitum
1188 1103 1358 1190 deportare
1373 1104 1453 1169 lice·

376 1205 436 1259 ret.
482 1190 681 1278 Supplicatio
702 1189 736 1254 in
761 1189 894 1255 biduum
908 1189 1036 1254 decreta
1057 1203 1112 1254 est.
1134 1191 1175 1255 de
1197 1190 1378 1278 legionibus
1393 1191 1452 1254 de·

375 1278 553 1369 portandis,
581 1297 681 1364 quum
713 1273 755 1339 de
787 1275 953 1340 consulum
986 1289 1225 1364 praetorumque
1256 1276 1452 1344 exercitibus

375 1389 395 1430 a
418 1376 534 1440 eretur,
549 1383 617 1427 rem
632 1363 789 1449 integram
804 1360 913 1426 referri
932 1363 1103 1448 jusserunt.
1149 1361 1272 1428 Paucos
1290 1374 1366 1448 post
1380 1363 1452 1427 dies

400 1449 594 1530 ¹consulibus
609 1449 641 1513 in
660 1448 795 1536 Ligures
809 1447 896 1512 binoe
909 1447 1061 1535 legiones,
1078 1469 1155 1536 quas
1171 1449 1234 1533 Ap.
1248 1447 1408 1513 Claudius
1420 1462 1452 1513 et

375 1533 426 1602 M.
442 1536 650 1622 Sempronius
675 1533 863 1610 habuerant,
889 1533 1027 1598 decretae
1051 1547 1134 1600 sunt.
1178 1535 1233 1600 De
1257 1536 1452 1600 exercitibus

377 1619 647 1709 Hispaniensibus
670 1636 786 1707 magna
801 1620 962 1685 contentio
983 1619 1045 1684 fuit
1065 1620 1148 1686 inter
1169 1641 1268 1685 noros
1289 1633 1453 1708 praetores

373 1717 407 1804 et
422 1711 540 1774 a'miebs
551 1706 741 1808 absentium,
753 1705 922 1792 Calpurnii
936 1705 1153 1792 Quinctiique.
1176 1707 1323 1826 Utrapue
1337 1730 1451 1808 caussa

374 1793 521 1860 tribunos
540 1791 652 1877 plebis,
671 1791 840 1880 ⁴⁰utraque
862 1793 1007 1857 eonsules
1028 1791 1177 1860 babebat.
1196 1791 1451 1873 ⁴¹hr,se1nter-

372 1889 518 1946 bessuros
531 1879 816 1962 senatusconsulto,
832 1877 857 1942 si
872 1877 1085 1964 deportandos
1099 1893 1265 1945 censerent
1278 1882 1451 1960 exercitus,

351 1964 624 2044 'denuntiabant3
648 1963 705 2042 illi,
735 1965 762 2028 si
790 1959 861 2028 haec
889 1965 1070 2029 intercessio
1098 1963 1199 2042 fieret,
1225 1963 1349 2030 nullam
1378 1967 1448 2032 r'em

374 2051 469 2117 aliam
485 2074 518 2116 se
532 2049 658 2116 decerni
676 2065 834 2136 passuros.
879 2047 972 2115 Victa
995 2061 1158 2134 postremo
1172 2050 1351 2116 absentium
1374 2074 1448 2142 gra-

373 2137 420 2203 tia
445 2150 501 2215 est,
522 2147 555 2202 et
582 2135 888 2201 senatusconsultum
913 2134 1043 2214 factum,
1072 2139 1116 2201 ut
1134 2148 1287 2220 pretores
1312 2150 1450 2222 quaeror

371 2225 475 2289 nitria
491 2225 632 2308 peditum
647 2220 855 2288 Romanorum
873 2223 1049 2303 scriberent,
1065 2221 1303 2308 quadringentos
1317 2227 1448 2310 equites,

373 2316 404 2375 e‘t
415 2312 548 2396 quinque
558 2311 660 2374 millia
670 2311 819 2373 sociorum
829 2309 971 2392 peditum
981 2311 1098 2372 Letini
1108 2308 1250 2385 nominis,
1263 2311 1449 2395 quingentos

373 2398 498 2482 equites,
515 2405 587 2481 quos
600 2414 695 2460 seeum
712 2397 745 2459 in
754 2395 949 2478 Hispaniam
958 2404 1135 2478 portarent.
1151 2391 1271 2480 ”qaum
1281 2417 1335 2460 eus
1350 2400 1448 2482 legio-

373 2503 426 2548 nes
440 2493 572 2567 quotuor
585 2483 823 2564 desumpsissent,
836 2483 918 2564 qued
924 2483 1007 2564 plus,
1025 2501 1114 2566 quum
1129 2483 1225 2570 quina
1240 2483 1342 2546 millia
1351 2487 1447 2568 pedi·
1520 2507 1521 2576 ι

372 2577 446 2646 tum,
462 2569 580 2632 treceni
597 2567 723 2652 equites,
740 2567 773 2630 r‘n
792 2568 922 2652 singulis
943 2568 1113 2652 legionibus
1135 2575 1219 2645 esset,
1235 2567 1446 2634 dimitterent.-

372 2675 423 2719 σοι
431 2655 575 2756 primurn,
592 2654 647 2739 qui
660 2653 787 2716 merite
801 2653 961 2754 stipendio⁸
971 2653 1139 2754 haberat,
1161 2651 1281 2755 deinde,
1297 2664 1332 2755 ut
1347 2656 1448 2740 atejus·
1518 2701 1519 2760 p

341 2841 345 2850 .
367 2741 612 2848 'quesortrsssme
626 2759 722 2824 opera
739 2739 927 2824 Cetriumtus
940 2748 971 2804 et
987 2741 1148 2813 Qusnetrus
1162 2758 1196 2804 m
1204 2741 1321 2824 proelto
1334 2745 1388 2806 usi
1401 2765 1447 2809 es·
1517 2787 1518 2852 p

211 2915 353 2968 maanus.
370 2837 589 2978 smiiXXlX.
613 2911 685 2975 Hac
700 2909 809 2976 sedata
822 2909 1035 2988 contentione,
1051 2910 1113 2975 alia
1135 2909 1271 2975 subinde
1286 2910 1326 2976 C.
1344 2909 1445 2979 Deci-
1515 2853 1517 2950 i

209 2985 427 3099 &tw-mit
453 2997 600 3084 praetoris
625 3008 728 3098 morte
748 3007 861 3062 exorta
877 3009 932 3062 est.
979 2997 1039 3060 Cn.
1056 2997 1193 3062 Sicinius
1206 3010 1238 3062 et
1254 2999 1290 3061 b.
1309 2995 1360 3063 Pu
1385 3000 1445 3079 ius,
1515 2969 1516 3033 i

371 3085 426 3172 qui
440 3083 549 3150 aediles
563 3098 710 3168 proximo
724 3099 808 3148 auno
823 3081 1002 3157 lucrantes
1016 3083 1058 3150 C.
1070 3079 1218 3148 Valerius
1231 3083 1349 3150 flamen
1401 3088 1445 3152 's-
1514 3079 1515 3125 l

838 3179 967 3234 sesana.
1513 3171 1514 3217 l

401 3293 433 3337 89
452 3273 668 3350 (incultissimo
680 3287 791 3333 mendose
799 3270 889 3347 legitur
921 3289 976 3334 tuor
996 3286 1108 3342 legiones.
1141 3285 1197 3334 ideo
1213 3281 1343 3337 ¹emendate
1371 3306 1445 3352 quum

368 3351 566 3414 iuGronprisnir
578 3352 723 3402 editionibus
734 3353 832 3399 consult.
854 3351 888 3406 Α,-
921 3365 959 3397 eos
968 3351 994 3396 in
1007 3358 1108 3412 quatuor
1122 3351 1236 3412 legiones,
1249 3365 1302 3412 quae
1317 3354 1370 3412 jam
1389 3361 1444 3402 tum

366 3416 406 3463 lise
428 3415 545 3464 'editiones
563 3423 588 3463 et
607 3417 671 3464 Vict.
692 3415 744 3463 MS.
761 3422 786 3463 et
806 3428 889 3462 ιιιιιιιι
920 3415 1024 3462 arentin
1038 3415 1165 3476 Hispanis,
1176 3417 1363 3477 duertprisrert.
1394 3422 1446 3468 Eos

362 3481 419 3542 ipss
430 3487 496 3530 ιιιιιι
506 3482 701 3544 praeelectione
712 3495 783 3542 quana
797 3495 889 3542 expres-
921 3486 1000 3528 sutem
1017 3481 1124 3543 intellige
1141 3482 1344 3542 solosliomanoa
1380 3485 1445 3533 Socii

367 3548 451 3595 rimus.
919 3545 982 3592 enim
1003 3546 1028 3592 in
1043 3547 1152 3606 ‘legiones
1170 3560 1221 3593 uon
1239 3547 1444 3598 describebantur.

291 3619 294 3624 “
400 3617 433 3658 ⁴0
453 3611 558 3674 Utrs'que
585 3607 700 3674 cmsules]
729 3611 780 3658 ltao
806 3620 887 3656 eursu·
917 3611 1031 3657 Ceterum
1050 3611 1112 3658 circa
1123 3611 1185 3657 banc
1195 3603 1389 3662 emendationem
1401 3617 1445 3662 ati.

365 3677 420 3746 lem,
920 3689 968 3742 qus
978 3677 1108 3723 etiamnum
1120 3675 1244 3723 difficultas
1255 3684 1373 3726 remanet.
1391 3683 1445 3742 Ap·

398 3740 428 3788 '⁴1
447 3735 486 3788 Hs*
495 3755 520 3788 re
530 3737 708 3802 intercessuros]
725 3737 835 3802 Intellige
846 3753 886 3786 cor
912 3740 985 3801 ‘paret
995 3741 1059 3788 enim
1071 3756 1099 3788 ex
1110 3757 1132 3788 c.
1143 3747 1183 3788 80.
1198 3744 1278 3804 tupris,
1290 3747 1357 3790 et'ex
1369 3760 1390 3792 c.
1402 3751 1445 3795 ³8.

366 3807 408 3867 qni
432 3807 544 3854 terebant
572 3807 640 3854 noris
662 3806 812 3866 praetoribus,
833 3811 885 3851 tum
918 3805 1299 3854 l.XXXVIil.imoetsxomni
1316 3815 1383 3856 retro
1398 3811 1445 3857 hn-

365 3872 486 3934 tribuuos,
508 3877 560 3933 turn
582 3872 683 3918 alterum
705 3886 719 3916 e
741 3870 886 3917 consulibus.
915 3870 955 3932 Jnr
973 3872 1072 3917 deendor
1091 3871 1200 3929 historia,
1218 3872 1278 3918 duaa
1296 3879 1397 3937 tanturn
1418 3877 1445 3923 in

364 3935 445 4000 Vulgo
456 3935 515 3984 editi
527 3930 617 4004 bilbant
628 3937 654 3982 rt.
689 3932 847 3996 lisposuimus
859 3933 884 3980 bi
917 3935 1037 3995 Hispania
1053 3937 1156 3994 legiones
1173 3937 1253 3990 fuisse,
1266 3935 1316 3985 nob
1328 3943 1442 4000 quatuor.

355 4017 393 4070 (ex
405 4015 454 4050 uno
465 4017 478 4049 e
490 4000 559 4048 MSS.
573 3996 683 4072 Hearpii,
696 3993 720 4046 e't
734 4005 815 4046 nostro
826 4001 883 4047 Vic-
907 3995 963 4068 ,sen
978 3999 1092 4058 bimirum
1103 4001 1149 4060 ⁴,bic
1160 3999 1201 4062 res
1218 4001 1378 4063 mulctasset
1388 4005 1442 4054 tta

362 4067 456 4115 torino:
475 4073 503 4114 ut
520 4067 661 4128 respondeat
672 4067 705 4126 uqi
715 4065 754 4112 itti
769 4067 831 4126 quod
848 4080 884 4111 se·
915 4063 1020 4126 legiones
1037 4065 1137 4128 singulis
1154 4067 1181 4113 in
1195 4064 1316 4128 Hirp'snia
1331 4069 1442 4130 pretori-

363 4134 452 4194 qnitur.
643 4161 647 4168 .
668 4179 670 4196 ,
917 4129 962 4177 bur
978 4133 1151 4182 decernuntur:
1166 4129 1236 4193 idqire
1251 4123 1277 4180 ἐι
1294 4135 1321 4182 ἰιι
1339 4138 1443 4198 sequen·

395 4204 426 4244 42
446 4197 525 4254 Quum
543 4213 583 4243 eas
602 4190 705 4256 legiones
725 4200 826 4256 quotuor
846 4194 883 4240 de·
916 4195 981 4242 tib'ua
999 4197 1068 4243 endis
1088 4201 1206 4246 rer'vstirm
1225 4205 1277 4246 'csse
1297 4201 1395 4250 c'o'nrtm
1412 4215 1441 4248 ex

361 4259 521 4324 scripsissent]
538 4261 613 4308 Recte
624 4261 734 4308 observat
746 4259 883 4306 Gronovius
916 4275 983 4324 capp.
994 4269 1035 4310 32.
1046 4267 1086 4310 86.
1098 4268 1138 4313 ⁴0.
1150 4265 1175 4310 et
1185 4266 1226 4314 219,
1238 4263 1256 4312 l.
1268 4255 1323 4314 XI.

361 4340 390 4372 cx
401 4328 497 4374 tantillo
508 4341 607 4374 numero
619 4326 667 4372 fieri
681 4325 814 4386 uetpririsse
826 4337 882 4383 qus·
