3136 4982
351 196 410 258 eeo
744 159 858 254 riri
886 191 1023 252 L1v11

191 377 328 426 uenas.
352 381 422 426 rum
450 357 591 446 Philippi
617 358 713 444 prius,
736 355 852 424 deinde
878 355 1033 423 Antiochi
1053 355 1154 422 betto:
1182 357 1276 434 Nihil,
1299 355 1414 442 inquit,

159 503 165 516 .
190 445 259 491 Α’θ·
273 449 326 494 ¹⁸⁹²
351 450 439 513 nobis
461 457 525 511 tota
547 455 652 510 nostra
675 444 803 521 actione,
818 446 933 509 Patres
954 445 1122 526 conscripti,
1138 464 1232 528 neque
1251 441 1415 529 difficilius,

116 579 121 600 t
189 546 337 594 Rhodiorum
353 555 447 619 ireque
465 533 613 598 molestius
627 531 682 610 eit,
696 549 786 616 quam
807 533 887 616 quod
908 551 972 595 eum
987 534 1123 596 Eumene
1143 531 1226 594 nobis
1239 530 1418 612 disceptatio

164 679 171 689 .
191 611 323 688 ¹⁸⁸⁸i⁰¹⁰¹²¹
352 631 416 685 est:
433 641 499 684 eum
513 639 571 705 quo
585 637 644 682 uno
657 617 790 681 manime
802 639 909 702 regum
923 627 953 680 et
964 618 1114 699 priuatum
1127 617 1266 702 singulis,
1282 626 1322 693 et,
1337 617 1419 699 quod

192 683 276 726 aratro.

353 707 450 795 magis
463 717 517 771 uos¹
528 714 636 784 mouet,
648 703 798 788 publicum
812 704 927 768 civitati
941 713 1049 768 nostra
1062 704 1219 785 hospitium
1233 712 1294 767 een
1331 705 1418 768 Cete-

353 815 420 858 rum
440 813 498 856 non
520 791 616 856 animi
636 789 742 866 nostri,
760 790 873 855 Patres
896 789 1062 872 conscripti,
1082 811 1146 866 nos,
1166 791 1219 854 sed
1242 809 1341 854 rerum
1360 807 1418 852 na·

354 891 431 958 tura,
446 897 514 964 quse
534 877 738 960 potentissima
751 885 804 954 est,
820 873 970 962 diqicmgit
977 897 991 952 ,-
1013 887 1050 952 nt
1068 895 1122 940 reos
1138 876 1221 940 liberi
1234 876 1328 939 etiam
1341 875 1419 938 clio-

354 987 424 1029 rum
439 965 585 1029 libertatis
598 983 738 1028 comeam
753 983 884 1049 agamus
891 986 906 1040 ,-
926 982 1109 1048 regensema
1123 962 1224 1026 omnia
1239 971 1269 1025 et
1281 960 1420 1045 subjecta

355 1053 483 1134 imperio
495 1073 548 1115 suo
562 1069 627 1114 esse
640 1051 742 1115 uelint.
791 1049 957 1133 Utcumque
975 1058 1077 1114 tamen
1096 1070 1144 1114 res
1156 1069 1190 1112 se
1203 1049 1299 1126 habet,
1317 1049 1422 1132 magis
1543 1089 1544 1094 κ

355 1138 532 1204 verecsmdia
547 1147 650 1201 recena
664 1138 808 1200 aduersus
821 1157 924 1221 regem
943 1135 1027 1198 nobis
1039 1137 1148 1212 obstat,
1163 1157 1255 1220 mam
1276 1135 1345 1217 ipsu
1358 1135 1420 1198 die-

357 1224 483 1307 ceptatio
508 1233 563 1289 aut
587 1223 671 1287 nobis
691 1223 824 1305 inpedita
850 1232 905 1304 est,
932 1231 985 1285 aut
1009 1221 1092 1286 uobis
1113 1222 1285 1304 perplexam
1309 1221 1422 1284 delibe-

357 1313 506 1375 rationem
533 1309 697 1392 proebituca
727 1309 853 1373 uidetur.
915 1308 1010 1388 Nam,
1039 1308 1067 1370 si
1100 1307 1187 1372 aliter
1217 1309 1296 1372 socio
1332 1318 1422 1392 atqcue

357 1398 452 1462 amico
473 1397 551 1482 regi,
567 1405 598 1459 et
618 1397 691 1459 bene
714 1395 819 1474 merito
844 1394 899 1468 hoe
920 1393 988 1477 ipso
1010 1395 1043 1458 in
1067 1393 1153 1471 oeta,
1174 1396 1212 1458 de
1236 1391 1318 1479 aq'us
1338 1414 1422 1476 prce-

357 1485 425 1547 miis
449 1484 564 1567 agina,
585 1481 674 1544 honos
698 1479 802 1544 haberi
822 1480 922 1544 nulhts
945 1490 1053 1562 posset,
1071 1480 1129 1546 nisi
1153 1479 1262 1546 liberm
1285 1481 1424 1545 ciuitates

359 1569 440 1633 eiin
465 1569 636 1632 seruitutem
661 1567 827 1645 uadmetis,
851 1576 926 1631 esset
950 1568 1124 1631 deliberatio
1148 1587 1279 1650 areeeps3
1305 1589 1342 1632 ne
1367 1575 1424 1630 aut
1543 1603 1544 1608 κ

358 1676 462 1742 segem
483 1654 612 1719 amuum
631 1653 842 1718 inhonoratum
854 1653 1054 1732 dimitteretis,
1070 1663 1123 1716 aut
1137 1653 1317 1718 decederetis
1336 1653 1425 1716 insti-

336 1753 423 1806 ·tuto
444 1751 548 1818 nestro,
565 1749 595 1803 et
613 1740 756 1826 gloriam,
771 1739 911 1822 Philippi
932 1740 1008 1804 bello
1029 1749 1164 1824 partam,
1184 1759 1263 1805 nune
1282 1741 1426 1805 samace

360 1839 405 1892 tot
420 1827 584 1894 ciuitatium
597 1823 816 1907 deformaretie.
859 1827 920 1891 Sed
935 1825 977 1889 ab
998 1828 1055 1891 hac
1074 1826 1257 1905 necessitate,
1273 1837 1328 1891 out
1346 1847 1425 1911 gra-

308 1939 312 1965 ν
361 1915 414 1978 tiee
426 1915 458 1976 in
472 1914 601 1978 amioum
621 1911 802 1993 minuenda,
816 1922 872 1975 aut
894 1912 1004 1996 gloria
1023 1922 1140 1990 oestrae,
1156 1916 1279 1999 egregie
1291 1911 1425 1994 vassor-

362 2011 437 2063 tuna
465 1998 609 2063 uindicat.
663 1999 724 2061 Est
753 1999 831 2062 enim
859 1997 960 2063 Dedm
989 2000 1170 2084 benignitate
1200 2021 1260 2064 uon
1288 2000 1426 2084 gloriosa

361 2085 470 2170 magis,
486 2105 576 2170 quam
597 2084 688 2161 diues,
703 2083 830 2148 uictoria
850 2093 967 2148 uestra.-
990 2105 1059 2170 qua
1079 2106 1131 2150 uos
1143 2083 1242 2168 focile
1262 2087 1323 2150 isto
1343 2087 1426 2150 uelut

362 2192 422 2235 cere
436 2170 535 2234 altem
554 2170 697 2235 resoluat.
720 2192 792 2234 nans
807 2180 835 2234 et
850 2170 1018 2254 luJeoonia,
1035 2181 1065 2235 et
1081 2173 1221 2256 Plnqgia
1243 2183 1378 2258 utraque,
1394 2182 1426 2235 et

364 2257 488 2322 Pisidia
500 2258 605 2333 omnis,
622 2267 651 2320 et
666 2257 873 2335 Chersonesus,
889 2256 1045 2342 ⁶⁰quoeque
1064 2256 1271 2343 circumjacent
1281 2259 1426 2341 Europe,

361 2346 394 2408 in
415 2354 514 2408 uestra
534 2354 606 2408 sunt
627 2354 786 2426 potestate.
809 2345 937 2430 quonum
958 2365 1020 2409 unu
1045 2343 1186 2429 qualibet
1210 2347 1280 2430 regi
1304 2343 1426 2429 adjecta

253 2429 255 2436 ’
361 2423 561 2512 multiplicare
574 2451 701 2514 reguum
714 2431 861 2494 Eumenis
881 2439 998 2512 potest:
1019 2445 1120 2495 omnes
1138 2453 1209 2495 uero
1220 2434 1307 2496 datee
1324 2453 1427 2495 mart·

362 2517 507 2580 missum
528 2517 647 2602 regibus
669 2537 796 2601 oeqttam.
840 2517 930 2580 Dicet
952 2538 1025 2601 ergo
1047 2518 1137 2595 uobis,
1153 2527 1183 2582 et
1201 2517 1339 2601 premiis
1360 2518 1429 2581 belli

363 2603 459 2667 ditare
478 2602 581 2679 socios,
604 2613 634 2666 et
655 2624 715 2666 nou
736 2604 878 2667 decedere
899 2604 1034 2667 instituto
1054 2613 1170 2679 uestro,·
1197 2615 1227 2668 et
1251 2605 1426 2682 meminisse,

363 2710 451 2774 quem
474 2689 592 2752 titulum
614 2689 838 2771 pretenderitie
858 2690 946 2772 prius
971 2691 1116 2754 aduersus
1142 2691 1326 2772 Philippum,
1349 2712 1429 2754 minc

364 2779 507 2840 aduersus
534 2775 726 2852 Antiochum,
756 2775 843 2840 belli.-
877 2778 954 2860 quid
976 2773 1124 2856 feceritis,
1157 2778 1299 2858 Philippo
1327 2776 1428 2854 uictos

365 2863 439 2946 quid
460 2883 536 2926 nune
554 2882 575 2926 u
594 2863 685 2940 uobis,
701 2883 759 2926 non
780 2863 883 2948 magis
903 2860 1114 2946 quiaseoistic,
1130 2884 1222 2947 quam
1236 2864 1357 2948 quia‘id
1377 2885 1430 2928 voc

356 2948 465 3031 facere
479 2949 573 3027 decet,
590 2950 773 3013 desideretur
787 2958 877 3034 atque
896 2957 1090 3032 exspectetur.
1134 2949 1206 3014 Alia
1220 2950 1385 3015 enincoliis
1398 2960 1431 3013 et
1543 3001 1544 3024 ,

366 3037 490 3100 honesta
504 3045 548 3098 est
563 3046 591 3098 et
608 3035 788 3118 probabilis⁸
801 3033 908 3103 carisa
922 3054 1086 3100 armorum.
1130 3035 1182 3098 illi
1199 3057 1320 3122 agitem,
1337 3037 1370 3100 hi
1382 3038 1430 3101 ai·

366 3143 426 3200 cos,
443 3123 473 3185 hi
492 3121 615 3204 oppida,
632 3121 663 3184 hi
681 3131 796 3202 portum
811 3141 953 3208 oramque
968 3121 1103 3206 aliquam
1123 3123 1220 3186 amris
1241 3132 1276 3186 ut
1296 3123 1431 3204 posside·
1543 3119 1544 3148 ¹

367 3218 433 3277 aut.
484 3209 543 3270 Vos
567 3229 621 3271 nec
642 3207 767 3290 cupistis
788 3207 860 3284 lraec,
887 3217 1046 3292 unusquam
1071 3208 1239 3272 haberetis.-
1261 3231 1316 3272 nee
1340 3231 1430 3287 nuuc,

367 3315 457 3378 quum
470 3293 549 3358 orbis
562 3303 708 3358 terrarum
721 3295 752 3357 in
765 3294 875 3357 ditione
888 3304 990 3358 uestra
1004 3294 1055 3371 sit,
1071 3317 1177 3377 cupere
1189 3297 1323 3375 potestis.
1363 3299 1432 3360 Pro

367 3381 555 3464 dignitatem
569 3380 669 3465 gloria
679 3381 763 3478 uptqd
775 3401 861 3442 omne
873 3401 972 3466 genus
983 3381 1155 3458 humanum,
1171 3381 1283 3466 ⁶¹qaod
1297 3389 1445 3446 uestrnm‘
1543 3407 1544 3410 ¹

367 3487 473 3529 nomen
485 3467 701 3550 imperiumque
714 3476 810 3551 puato
825 3487 862 3529 oc
876 3467 961 3532 Deos
981 3468 1154 3532 inmortales
1165 3465 1235 3552 jam
1250 3469 1372 3550 pridem
1385 3470 1434 3532 in-

369 3560 479 3628 tuetur,
494 3553 663 3637 pugnastis.
684 3573 746 3637 qua
766 3573 878 3636 parare
898 3563 927 3616 et
947 3573 1079 3636 quarere
1098 3555 1227 3618 arduum
1243 3553 1318 3637 suit,
1333 3557 1434 3619 nescio
1543 3549 1544 3552 '

368 3658 410 3702 an
425 3639 502 3702 tueri
516 3637 666 3725 difflilius
678 3640 726 3703 sit.
773 3638 882 3703 Gentis
894 3641 1102 3704 uetustissimae
1114 3641 1371 3726 mutuamque,
1385 3644 1436 3706 uel

360 3722 455 3806 samu
478 3745 580 3788 rerum
601 3735 768 3810 gestarum,
789 3725 837 3790 uel
860 3726 941 3789 omni
964 3728 1216 3793 commendatione
1239 3728 1437 3794 humanitatis
1543 3805 1544 3808 Ἴ

700 3842 713 3898 i
724 3870 748 3910 et
756 3863 887 3924 probabilis
898 3869 934 3911 est
944 3865 1018 3912 Gron.
1031 3865 1099 3912 Cres.

401 3995 434 4038 60
451 3991 555 4053 Quaque
576 3992 747 4053 circumjacent
767 3989 885 4056 Europa]
917 3993 1194 4043 outcacvideturabiis
1212 3993 1304 4054 adjectu
1321 3995 1435 4056 esse‚qui
1543 3993 1544 4000 ’

283 4075 286 4084 ·
368 4057 401 4104 Et
417 4071 450 4124 epe
468 4058 576 4117 regiones
591 4057 703 4118 Europa,
717 4071 769 4117 qaue
785 4059 884 4104 circum·
916 4060 1055 4120 ignorarent
1081 4061 1255 4122 praepositionis
1271 4061 1349 4122 jueta
1371 4073 1438 4105 cam·

366 4122 457 4182 jacent.
471 4123 519 4169 siro
536 4123 645 4180 ndJccent
655 4123 684 4168 iis
695 4136 747 4182 quoe
759 4125 829 4169 modo
841 4137 884 4169 na·
917 4125 970 4172 dem
982 4126 1028 4173 tere
1039 4139 1090 4172 csse
1100 4128 1149 4174 vim
1161 4141 1187 4172 cc
1199 4125 1229 4172 ri
1238 4125 1377 4182 secundum,
1388 4140 1438 4170 non

369 4188 466 4233 minata
486 4193 544 4236 snut
562 4189 638 4235 terrio.
656 4187 710 4234 vid.
728 4187 809 4248 Polyb.
827 4189 884 4248 leg.
918 4191 999 4236 minus
1017 4205 1096 4252 quom.
1129 4193 1168 4239 Sic
1186 4193 1201 4239 1.
1219 4191 1266 4238 tx.
1282 4205 1303 4238 c.
1321 4197 1344 4240 9.
1371 4191 1439 4250 opud

370 4258 411 4297 95.
918 4269 975 4316 quos
986 4256 1064 4316 jueta
1075 4257 1169 4306 dininas
1180 4255 1310 4318 reliqiortes
1318 4255 1383 4316 fides
1394 4255 1438 4302 hrc-

402 4321 430 4363 61
453 4317 522 4373 Quod
534 4325 638 4365 restrum
651 4331 733 4363 nomeu
749 4319 886 4378 imperium·
918 4323 1094 4371 manacolitur.
1327 4331 1331 4338 ’

371 4395 414 4441 que
429 4380 506 4441 pisata
525 4388 554 4430 a‘e
571 4381 790 4448 mammaeae}
811 4383 886 4432 Parti-
