3042 4954
308 193 346 246 eo
712 183 829 244 τιτι·
853 183 988 276 mvn
1086 188 1088 198 ·

72 363 78 368 '
148 365 181 416 υ.
192 364 221 412 c.
229 367 285 411 sss.
308 361 407 416 anm
422 350 643 434 amicorumque
652 351 757 427 cades,
767 359 799 419 et
807 349 967 414 libidinem
978 346 1251 412 “inhumaniorem
1258 367 1374 431 prope,

148 431 178 479 Α*
190 430 219 478 ⁰·
229 433 286 476 ²⁰⁰·
309 459 400 524 qaum
413 437 633 514 crudelitatem,
646 457 778 586 uos,quo
783 438 952 522 propiores
962 433 1158 499 Macedoniae
1171 436 1254 514 estis,
1266 435 1373 498 melius

309 525 414 588 sconis.
462 521 555 598 Quot
566 525 611 586 ud
624 525 675 588 uos
688 545 709 586 o
731 523 819 600 tinet,
832 523 946 600 AEtoli,
963 541 1017 586 nos
1025 541 1088 604 pro
1098 519 1181 585 uobis
1191 521 1299 585 belnum
1309 541 1375 585 sus·

309 612 440 692 cepimus
453 611 596 673 aduersus
610 611 814 692 Plilsqpum:
837 631 888 674 nos
901 611 968 672 sime
982 608 1069 670 uobis
1082 628 1147 670 eum
1161 629 1196 670 eo
1204 607 1375 690 pucemfe·

309 697 403 760 cistis.
440 695 486 758 Et
487 695 633 780 forsitan
648 696 770 771 dicatis,
786 694 864 758 bello
879 696 999 758 Punico
1014 693 1168 776 mcupa‘tis
1179 691 1274 770 uobis,
1287 715 1375 756 couc-

309 792 357 846 tos
370 789 450 847 metu
464 802 515 846 uos
528 783 608 866 leges
616 782 708 864 pacis
722 780 762 844 ab
776 803 821 857 eo,
837 782 893 866 qui
906 791 969 844 tum
977 781 1052 862 plus
1061 789 1198 862 poterat,
1211 780 1372 862 accepisses

309 877 340 932 ct
353 889 418 944 nos,
434 889 522 952 quum
536 870 605 931 ulia
619 867 739 952 majora
757 878 930 953 arguerent,
947 868 1114 949 depositum
1129 888 1150 928 a
1168 865 1251 930 uobis
1265 865 1376 929 bellum

310 964 340 1018 et
355 955 415 1038 ipsi
428 954 589 1018 omisimus.
635 953 725 1018 Nunc
738 963 768 1018 et
782 975 846 1031 nos,
859 955 959 1018 Derim
971 952 1161 1037 benignitate
1172 953 1375 1034 Punicoper-

296 1041 387 1126 secto
401 1040 488 1115 bella,
500 1042 573 1105 totis
587 1039 703 1105 viribus
717 1043 830 1104 nostris
845 1042 879 1104 im
894 1039 1112 1103 Macedoniam
1126 1038 1328 1104 incubuimus:
1344 1047 1376 1102 et

310 1127 394 1192 mois
403 1129 586 1192 restituendi
596 1129 690 1192 oosin
704 1128 874 1200 amicitiam
885 1127 1115 1209 societatemque
1125 1125 1377 1210 nostramsortu·

311 1234 355 1278 uo
368 1213 474 1278 oblatu
488 1223 549 1286 est,·
574 1215 638 1278 misi
656 1215 766 1296 perire
785 1215 850 1278 cum
866 1214 1027 1295 Philippo,
1050 1233 1140 1296 quarn
1164 1212 1285 1276 vincere
1308 1232 1376 1274 uon

310 1300 475 1377 Romanis,
490 1301 642 1364 mavultis.

355 1385 514 1451 XXXII.
540 1385 624 1450 Hoec
638 1385 724 1450 dictu
738 1387 779 1450 ab
796 1387 944 1451 Romano
966 1396 1063 1472 quum
1086 1396 1198 1461 munt,
1215 1382 1377 1448 inclinatis

150 1478 282 1529 medti
310 1473 456 1537 omnium
483 1472 597 1552 snimis
619 1475 659 1537 sd
683 1473 856 1550 Romums,
872 1472 1080 1538 Democritus
1101 1483 1222 1556 praetor
1244 1469 1376 1534 AEtolo-

150 1543 295 1658 ¹¹:¹52?ng
312 1579 395 1634 rum,
411 1559 553 1645 pecunia,
570 1575 606 1624 ut
627 1559 710 1624 lama
729 1575 786 1636 est,
803 1559 843 1623 ub
865 1581 940 1645 rege
962 1572 1100 1643 accepte,
1118 1557 1196 1622 nihil
1219 1570 1275 1621 sut
1298 1555 1376 1620 huic

148 1676 233 1724 ms„
312 1660 369 1711 sut
382 1646 429 1710 illi
442 1647 527 1732 parti
542 1647 701 1725 adsensus,
714 1648 792 1710 ilem
807 1645 948 1730 ”magui
958 1647 1145 1710 discriminis
1158 1645 1294 1708 consiliis
1304 1643 1377 1706 nul·

311 1735 373 1798 lum
398 1754 460 1800 esse
484 1744 548 1798 tam
574 1735 739 1808 inimicam,
766 1754 856 1815 quum
884 1733 1079 1808 celeritatem,
1102 1730 1192 1795 dixit.
1240 1731 1376 1794 Celerem

310 1822 391 1884 enim
408 1821 636 1902 poenitentium,
650 1821 704 1883 sed
717 1821 849 1882 eamdem
869 1839 968 1882 serum
990 1827 1082 1902 utque
1103 1819 1253 1897 inutilem,
1268 1817 1355 1900 sequi
1358 1849 1372 1888 ‚·
1465 1841 1470 1852 ¹

310 1927 400 1990 quum
410 1902 615 1988 precipitata
625 1907 743 1988 raptim
757 1906 888 1968 consiliu
901 1925 997 1988 neque
1009 1905 1158 1980 reuocari,
1170 1925 1266 1987 meque
1276 1904 1310 1966 iu
1324 1904 1376 1966 iu·

310 2002 427 2075 regrum
441 1993 566 2056 restitui
575 1993 703 2074 possim.
748 1990 995 2056 Deliberotionis
1008 2000 1108 2054 autem
1122 1989 1194 2074 ejus,
1210 1989 1295 2074 cujus
1308 1991 1377 2074 ipse

310 2075 518 2142 maturitatem
527 2079 760 2160 respectandum
769 2087 908 2160 putaret,
920 2087 1035 2161 tempus
1047 2075 1169 2161 itajom
1184 2097 1263 2140 nunc
1276 2076 1378 2140 statui

304 2185 416 2246 posse.-
439 2185 528 2248 quum
542 2164 658 2245 legibus
671 2173 791 2228 casuum
806 2173 890 2241 esset,
907 2185 945 2226 ne
960 2167 998 2229 de
1013 2185 1094 2248 pace
1108 2163 1230 2240 bellone,
1254 2164 1317 2226 misi
1338 2163 1375 2225 irs

309 2251 504 2315 Pouaetolico
518 2261 548 2314 et
561 2249 588 2289 ³⁶
596 2253 728 2336 quuico
741 2253 881 2328 concilio,
892 2257 1049 2336 ageretur,
1059 2252 1254 2314 decemomt
1263 2258 1377 2312 entmu-

307 2337 373 2418 plo,
385 2348 421 2401 ut
432 2338 759 2422 pratorsineftuude,
772 2340 862 2422 quum
877 2340 915 2400 de
929 2338 1007 2401 bello
1020 2347 1075 2400 uut
1089 2338 1128 2400 de
1139 2358 1216 2419 pace
1224 2357 1316 2420 ogere
1324 2356 1376 2400 ae·

312 2425 363 2498 lit,
378 2426 504 2488 advocet
517 2426 696 2488 concilium:
719 2433 759 2500 et,
776 2425 858 2508 quod
870 2434 932 2488 tum
947 2424 1103 2509 referatur
1124 2425 1374 2506 decernaturque,

294 2533 296 2540 ’
311 2519 347 2572 ut
358 2511 490 2592 perinde
503 2509 560 2592 jus
581 2519 740 2596 ratumque
757 2514 809 2587 sit,
823 2515 863 2573 'uc
876 2511 905 2573 si
920 2511 952 2574 in
965 2511 1158 2573 Puaaetolico
1172 2517 1227 2572 aut
1241 2509 1376 2593 Pylaico

148 2598 441 2660 mutunus-concilio
450 2606 550 2660 actum
565 2606 649 2661 esset.
677 2597 827 2660 Dimissis
844 2597 886 2661 ito
901 2617 1051 2679 suspensa
1064 2617 1100 2660 re
1110 2595 1232 2682 legatis,
1248 2595 1376 2682 egregie

148 2683 258 2782 quiqu
311 2681 492 2747 consultum
560 2685 607 2748 nti
633 2683 746 2747 aiebat.
770 2703 854 2759 nem,
877 2684 978 2747 utrius
998 2683 1097 2767 partis
1120 2680 1232 2746 melior
1247 2679 1376 2746 fortuna

158 2749 202 2797 ⁰⁸⁸
223 2766 229 2781 '
311 2767 386 2832 belli
397 2782 488 2845 esset,
518 2777 520 2782 '
556 2771 625 2856 ojus
635 2771 816 2834 societatem
828 2769 1049 2835 inclinaturus·
1088 2768 1173 2834 Hsec
1189 2768 1222 2832 in
1239 2766 1376 2832 oonsilio

303 2854 499 2921 'AEtolorum
514 2869 596 2922 nota.
994 2855 996 2860 ’

149 2957 272 3018 Philippu·
356 2942 531 3009 XXXIII.
556 2943 724 3029 Philippus
747 2943 873 3028 inpigre
899 2957 983 3007 terra
1005 2939 1374 3028 mariquepurnbstbel-
1489 3021 1491 3026 Ι

150 3023 243 3134 ¹3:53
311 3028 396 3095 lum:
421 3029 545 3094 rruvsles
560 3033 668 3113 copias
679 3029 915 3094 Demetriadem
929 3029 962 3092 in
975 3029 1193 3094 Thessaliamb
1207 3028 1380 3107 contrahe*

96 3141 100 3148 “
150 3153 254 3215 ,dm
311 3115 376 3180 bst.
432 3119 573 3182 Attalum
607 3116 852 3200 Romanamque
880 3115 1008 3179 classem
1039 3116 1198 3201 principio
1224 3116 1305 3178 veris
1332 3114 1374 3177 sb

313 3201 435 3292 AEginu
459 3216 544 3267 ratus
567 3215 721 3277 moturos,
742 3201 874 3265 navibus
899 3202 1129 3289 maritimoeque
1151 3224 1217 3266 oroe
1231 3199 1376 3287 praelecit

314 3288 528 3364 Heraclidem,
545 3311 640 3374 quem
656 3301 686 3352 et
702 3301 775 3351 ante
789 3287 982 3372 praefeeerat.
1006 3289 1072 3373 ipse
1091 3301 1252 3354 terrestres
1267 3287 1376 3371 copies

312 3374 528 3460 comparabat,
545 3396 660 3460 magne
674 3398 707 3438 se
720 3373 786 3438 duo
800 3373 920 3438 auxilie
941 3375 1118 3440 detruxisse
1135 3375 1287 3440 Romanis
1307 3395 1377 3438 cre·

313 3461 402 3537 dens,
419 3482 459 3525 ex
474 3482 537 3524 uns
552 3475 642 3544 perte
657 3460 792 3538 AEtolos,
809 3482 851 3526 ex
866 3461 964 3526 ultera
978 3462 1156 3538 Dardanos,
1173 3460 1317 3526 faucibus
1332 3459 1375 3524 ed

149 3556 290 3672 Isimque
316 3546 522 3634 Pelagoniam
535 3571 554 3612 s
569 3546 637 3611 lilio
650 3546 766 3612 Perseo
777 3547 965 3614 interclusis.
1004 3551 1057 3615 Ab
1068 3547 1197 3615 consule
1206 3570 1271 3613 non
1283 3569 1379 3634 pero·

262 3639 297 3672 ro-
849 3639 851 3646 ’
1179 3632 1183 3646 ‘

149 3690 270 3768 mustus·
686 3701 925 3752 trasennam.
938 3704 1007 3753 cm.

148 3756 286 3803 dominer·

149 3822 233 3879 litum.
344 3831 620 3899 inhumanorum]
664 3835 826 3898 Indiqoiorem
859 3835 936 3891 signet
955 3835 1153 3896 proieotolirlus
1166 3835 1293 3884 condilum
1310 3835 1374 3897 quod

312 3898 416 3946 homine.
858 3903 888 3947 erl
906 3900 1076 3962 Thermopylas
1093 3902 1226 3949 nuberetur.
1260 3903 1306 3949 Sed
1328 3902 1377 3949 elie

343 3961 826 4029 85'Mugrsirliserimisu'scosuiliis1De·
858 3980 926 4013 mens
940 3967 987 4013 fun
1001 3968 1142 4022 Democriti,
1160 3982 1230 4029 quem
1250 3967 1378 4015 senelmile

311 4029 492 4077 liberationibus
514 4045 567 4091 ques
593 4037 743 4078 venerentur
765 4032 827 4078 uires
858 4036 895 4078 est
912 4033 993 4092 potius
1014 4033 1121 4079 loentum
1143 4033 1215 4080 faisse
1235 4034 1263 4080 de
1281 4031 1376 4079 solenni

311 4097 484 4155 reseJusmodi,
495 4102 524 4143 ut
539 4098 568 4144 de
584 4097 614 4144 lis
634 4098 693 4144 bene
714 4110 744 4143 sn
764 4097 826 4144 mele
859 4098 960 4144 concilio
978 4098 1113 4144 AEtolorum
1130 4099 1155 4144 in
1177 4099 1236 4145 urbe
1254 4099 1372 4145 inermos

311 4165 427 4212 susurru
445 4163 549 4210 maltum
565 4163 706 4220 interesset;
723 4167 752 4208 ut
762 4161 826 4208 iniis
858 4163 893 4208 its
909 4167 938 4207 ut
958 4175 1035 4208 enare
1051 4163 1155 4210 staminis
1170 4165 1281 4226 dweqtue
1301 4163 1377 4210 inisse

312 4227 402 4290 peresi
421 4229 472 4275 sine
489 4241 576 4291 meguo
592 4223 698 4290 periculo
709 4241 759 4272 non
770 4227 826 4274 lice·
858 4227 1065 4274 Liriusvidestur.
1098 4229 1261 4290 Videreque
1272 4236 1377 4276 muen-

311 4297 356 4342 mt.
489 4303 493 4310 '
860 4291 1172 4344 nimus-omlnes
1202 4332 1206 4341 f

343 4362 376 4404 ³6
393 4359 494 4422 Pylaico
508 4354 619 4419 macilis]
636 4357 682 4404 His
699 4355 826 4404 verbisne·
