3104 4976
324 245 378 322 r'as
706 239 988 312 'T1T1n'rv11

30 447 34 452 ·
92 467 97 476 ,
146 411 225 486 'uc
238 441 293 484 sss.
319 413 420 500 clipea
434 413 579 498 inaurata
594 413 628 477 in
642 412 767 521 fastigio
781 413 869 479 Jovis
891 415 972 480 aedis‘
987 429 1168 502 posuerunt.
1215 413 1377 482 Porticum
1420 462 1427 475 .

156 501 224 562 Ml·
240 505 294 550 ¹⁹⁸·
322 521 417 565 uuam
438 512 530 566 extra
550 513 675 585 portam
691 499 750 564 'lri
774 500 922 579 eminam,
938 502 1081 588 emporio
1102 502 1144 566 ad
1159 501 1301 566 Tiberim
1321 503 1379 566 ad·

83 603 86 610 ’
314 587 419 673 ject03
441 585 573 652 alteram
597 609 616 650 a
639 598 731 670 porta
751 523 915 651 feminali
938 588 979 653 ad
1002 587 1117 653 Martis
1139 607 1236 665 aram,
1259 612 1324 675 qua
1341 590 1399 663 in,

321 669 479 754 Campum
491 672 550 736 iter
563 685 653 750 esset,
668 673 896 758 perduxerunt.

155 780 285 834 marnas
363 757 428 822 xl.
451 757 517 823 Diu
548 757 628 823 nihil
656 758 689 821 in
718 759 891 858 Liguribus
916 759 1046 846 dignum
1075 760 1228 826 memoria
1255 772 1378 848 gestum

155 844 299 906 spartian·
319 858 398 910 erat.
443 843 596 910 Extremo
611 845 677 930 ejus
692 855 767 907 anm
783 843 829 908 bis
847 844 880 908 in
902 867 1054 933 magnum
1068 845 1245 930 periculum
1258 866 1307 911 res
1321 847 1379 910 ad·

156 925 200 958 ¹⁶⁸·
320 933 414 996 ducta
427 943 487 997 est:
507 952 582 994 nam
601 945 632 995 et
647 942 749 994 castra
768 931 907 995 consulis
921 931 1113 1018 obpugnata,
1129 953 1214 1016 aegre
1229 944 1302 996 sunt
1321 933 1379 997 de·

319 1016 425 1082 fenea:
448 1027 480 1082 et
506 1039 570 1080 non
596 1019 640 1080 ita
663 1015 765 1080 multo
786 1021 938 1102 post'per
958 1016 1070 1081 saltum
1091 1030 1260 1104 angustum
1280 1039 1380 1105 quum

319 1103 488 1168 duceretur
513 1123 627 1190 agmen
651 1102 845 1179 Romanum,
866 1105 948 1187 ipsas
974 1101 1079 1166 fauces
1100 1103 1255 1168 exercitus
1281 1103 1381 1192 Ligu-

290 1214 297 1222 ·
320 1208 391 1254 rum
405 1188 532 1254 insedit.
553 1211 616 1275 qua
630 1209 729 1274 quum
744 1189 848 1252 exitus
861 1201 933 1253 nou'
942 1201 1073 1272 pateret,
1089 1208 1240 1253 converso
1255 1192 1382 1278 agmine

320 1275 424 1342 redire
438 1274 549 1340 institit
564 1272 691 1339 consul:
714 1287 746 1338 et
760 1274 818 1338 ab'
832 1287 922 1362 tergo
942 1273 1048 1338 fauces
1069 1274 1166 1339 saltus
1180 1289 1345 1360 occupata
1360 1299 1381 1340 a

322 1375 411 1448 parte
434 1361 568 1426 bostium
590 1373 690 1436 erant,
708 1359 924 1447 Caudinaeque
946 1359 1044 1424 cladis
1065 1362 1218 1426 memoria
1232 1383 1296 1426 non
1311 1363 1381 1428 arri·

158 1468 273 1516 numida
322 1448 381 1512 mis
396 1447 502 1524 modo,
519 1448 571 1511 sed
586 1469 686 1532 prope
707 1445 814 1523 oculis,
830 1446 1064 1512 obversabatur.
1108 1447 1265 1512 Numidas
1279 1447 1381 1512 octt'n·

76 1555 83 1572 1
157 1546 210 1581 Μ
223 1534 435 1623 uuita-gentos
448 1534 546 1598 ferme
565 1533 684 1618 equites
706 1533 789 1596 inter
811 1533 926 1598 auxilia
947 1533 1094 1598 habebat.
1117 1555 1227 1598 eorum
1249 1533 1381 1620 praefec·

159 1605 207 1648 ω’·
322 1629 373 1688 tus
387 1620 507 1686 consuli
521 1618 698 1704 pollicetur,
715 1619 754 1682 Se
769 1630 875 1703 purte,
891 1630 962 1683 utra
976 1622 1075 1698 uellet,
1089 1641 1153 1683 cum
1174 1621 1237 1684 suis
1256 1631 1382 1703 eruptu-

320 1725 399 1772 rum.
433 1707 566 1771 Tantum
580 1707 629 1769 uti
638 1707 761 1782 diceret,
773 1715 846 1769 utra
854 1727 934 1788 pars
935 1705 1137 1790 frequentior
1150 1707 1225 1790 uicis
1239 1717 1322 1770 esset.
1346 1709 1382 1770 r'u

321 1817 371 1859 eos
380 1815 412 1858 se
427 1795 560 1876 inpetum
562 1792 745 1876 sucturum:
767 1800 797 1854 et
811 1792 893 1854 rrilu'l
907 1793 999 1873 prius
1020 1793 1276 1878 quamflarurrrurrr
1294 1795 1383 1858 tectis

321 1879 510 1964 injecturum,
525 1887 560 1940 ut
580 1878 607 1941 r‘s
623 1897 724 1959 pauor
742 1887 859 1960 cogeret
874 1877 1006 1960 Ligures
1027 1880 1168 1942 accedere
1188 1880 1280 1954 saltu,
1296 1900 1381 1963 quem

321 1965 502 2040 obsiderent,
518 1970 548 2026 et
561 1964 731 2027 discurrere
745 1965 787 2025 ad
806 1983 891 2044 opem
899 1963 1068 2047 serendum
1081 1963 1152 2027 suis.
1198 1963 1381 2030 Conlauda-

246 2106 248 2111 .
322 2065 390 2116 tum
412 2069 485 2114 eum
508 2046 617 2111 consul
639 2068 694 2132 spe
719 2048 925 2132 praemiorum
945 2061 1066 2112 onerat.
1111 2048 1263 2114 Numidae
1284 2072 1381 2136 equos

253 2159 256 2168 ’
321 2133 549 2211 conscendunt,
576 2145 609 2197 et
634 2133 817 2221 obequitare
839 2133 1023 2212 stationibus
1045 2133 1194 2212 hostium,
1222 2135 1380 2200 neminem

321 2222 517 2297 lacessentes,
533 2231 708 2304 coeperunt.
753 2219 842 2285 Nihil
872 2221 976 2306 primo
1005 2219 1154 2305 adspectu
1181 2221 1381 2287 contemtius.

322 2307 395 2410 equi
417 2305 624 2393 hominesque
644 2305 811 2392 3’paulluli
833 2323 865 2371 et
885 2305 1033 2391 graciles:
1055 2305 1226 2372 discinctus
1247 2320 1279 2372 et
1297 2309 1381 2372 iner-

322 2413 382 2458 mrs
408 2414 516 2477 eques,
541 2391 861 2480 praeterquamquod
886 2392 993 2479 jacula
1018 2415 1122 2458 secum
1152 2405 1273 2478 portat:
1308 2396 1381 2480 equi

321 2481 391 2544 'sine
409 2479 515 2557 frenis,
536 2478 686 2543 deformis
707 2480 775 2562 ipse
795 2500 905 2543 cursus
928 2479 1032 2566 rigida
1053 2479 1174 2544 cervice
1195 2491 1227 2544 et
1249 2493 1382 2544 extento

323 2566 427 2652 capite
442 2565 646 2630 currentium.
693 2567 790 2629 Hunc
809 2578 1002 2630 contemtum
1025 2565 1066 2630 dc
1087 2563 1242 2631 industria
1263 2587 1382 2654 augen-

323 2667 380 2730 tes,
396 2650 512 2717 labier
526 2652 625 2736 equis,
641 2663 672 2716 et
687 2670 744 2736 per
758 2650 929 2716 ludibrium
945 2649 1124 2736 spectaculo
1138 2673 1214 2717 esse.
1242 2670 1245 2680 ¹
1260 2653 1400 2739 Itaque,-

347 2739 379 2803 ui
392 2737 498 2823 primo
519 2738 633 2802 intenti
652 2737 828 2824 paratique,
842 2737 867 2801 si
891 2737 1125 2815 lacesserentur,
1142 2737 1176 2801 in
1197 2739 1384 2806 stationibus

323 2761 537 2909 fauratanjam
560 2823 695 2888 inermes
717 2823 921 2910 sedentesque
942 2845 1014 2908 pars
1035 2825 1175 2888 maxima
1189 2825 1383 2908 spectabant.

311 2910 476 2984 *Numidae
490 2909 682 2994 adequitare,
696 2910 770 2974 dein
786 2908 937 2998 refugere,
950 2910 1004 2975 sed
1019 2932 1079 2995 pro
1100 2911 1148 2974 ius
1162 2911 1276 2974 saltum
1294 2908 1384 2994 paul·

324 2997 413 3063 latlm
429 2995 536 3062 evehi:
558 2995 585 3036 ³³
595 2995 679 3060 velut
693 3019 773 3082 quos
787 2996 964 3081 inpotentes
979 2932 1109 3096 regendi
1123 2995 1195 3081 equi
1209 2995 1324 3059 invitos
1338 2995 1383 3059 ef-

323 3082 454 3150 ferrent.
476 3095 636 3167 postremo
659 3081 792 3147 subditis
814 3081 989 3150 calcaribus
1011 3094 1108 3146 mter·
1134 3081 1252 3146 medias
1274 3082 1383 3147 statio-

324 3191 381 3234 nes
399 3168 538 3234 hostium
558 3189 708 3251 erupere:
731 3179 773 3247 et,
789 3169 828 3231 in⁴
842 3189 955 3256 agrum
976 3166 1119 3233 latiorem
1145 3169 1254 3245 evecti,
1277 3168 1385 3233 omnia

325 3255 505 3342 propinqua
525 3254 585 3318 viae
606 3266 688 3318 tecta
710 3253 893 3328 incendunt.
916 3255 1062 3338 proximo
1082 3253 1196 3318 deinde
1211 3255 1281 3322 vico
1304 3255 1385 3319 infe-

325 3353 402 3405 runt
427 3341 545 3429 ignem,
570 3339 655 3403 ferro
683 3339 873 3425 flammaque
896 3339 1004 3404 omnia
1027 3353 1218 3424 pervertant.
1262 3340 1385 3407 Fumus

325 3425 431 3512 pr'imo
452 3439 649 3512 conspectus,
665 3425 779 3491 deinde
798 3425 918 3490 clamor
936 3425 1161 3512 trepidantium
1183 3427 1215 3489 in
1232 3427 1309 3490 tricis
1330 3437 1387 3492 au·

148 3525 307 3576 'uberare-
325 3512 421 3590 ditus,
437 3525 599 3597 postremo
620 3512 757 3578 seniores
776 3513 929 3598 puerique
950 3512 1138 3614 refugientes
1158 3512 1329 3580 tumultum
1350 3514 1384 3588 in

164 3594 264 3706 geum
327 3597 437 3664 castris
461 3597 612 3663 fecerunt.
633 3599 740 3685 itaque
762 3599 991 3676 sineconsilio,
1011 3621 1078 3672 srne
1100 3599 1244 3684 imperio,
1267 3621 1327 3684 pro
1352 3621 1385 3664 se

204 3669 308 3705 amum.
327 3686 460 3774 quisque
474 3705 602 3749 currere
616 3685 725 3749 adsue
737 3684 898 3750 tutanda‘:
922 3699 1145 3772 momentoque
1155 3685 1307 3771 temporis
1319 3707 1387 3750 cas·

329 3785 378 3838 tra
400 3771 510 3838 relicta
531 3786 632 3850 erant,
651 3784 683 3837 et
701 3770 866 3837 obsidione
886 3769 1036 3838 liberatus
1059 3771 1262 3858 consulque
1283 3772 1387 3838 inten-

329 3859 429 3934 derat,
445 3858 596 3944 pervenit.

167 3960 299 4009 nunna
374 3943 458 4017 ΧΠ.
483 3943 546 4010 Sed
562 3965 663 4030 neque
679 3944 762 4022 Boii,
778 3965 881 4030 neque
896 3945 1047 4032 Hispani,
1059 3965 1131 4010 cum
1147 3945 1264 4031 quibus
1277 3966 1316 4008 eo
1330 3965 1387 4008 an·

168 4026 310 4074 mmm·
331 4056 373 4098 uo
390 4031 541 4102 bellatum
561 4044 638 4108 erat,
653 4029 753 4096 ³⁴tam
775 4029 895 4095 inimici
919 4032 1086 4116 infestique
1107 4039 1198 4096 eraut
1223 4030 1387 4109 Romanis,

492 4171 528 4215 ‘u
540 4169 612 4219 Gran
626 4167 692 4234 Creu.
798 4175 859 4228 'per
871 4167 935 4214 Ead.
1040 4164 1149 4212 ‘ruenda
1159 4166 1227 4212 Crer.

363 4304 395 4345 ss
412 4273 524 4360 nauali]
540 4299 642 4346 aaran.
656 4298 732 4358 Supra
744 4295 759 4340 r.
772 4295 842 4342 vnr.
877 4294 970 4356 rainu
981 4293 1011 4342 aa
1022 4295 1166 4355 eqursrnvra
1178 4295 1322 4344 ernamur.

332 4379 353 4410 s.
368 4369 404 4406 11.
413 4379 457 4421 pro
466 4363 565 4423 paulula
576 4365 622 4408 viu.
905 4368 940 4408 bt
959 4361 1019 4408 Tum
1031 4357 1137 4424 inimici]
1153 4361 1244 4406 Victor.
1255 4373 1303 4406 una
1314 4356 1386 4422 partl-

318 4485 320 4492 y
364 4428 499 4480 3³'Vclut
518 4425 585 4490 quor]
604 4427 679 4476 Quasi
702 4426 843 4496 impotentes
877 4420 1282 4487 eclesiasticarumrauciuimr'cr‘.
1364 4427 1370 4438 ¹
