3104 4976
328 237 387 314 196
715 244 825 306 ΤΙΤΙ
854 245 987 306 LIVII

167 415 198 476 tt.
208 405 235 470 d.
246 425 302 472 ssa.
328 427 417 494 quum
432 410 545 492 legato.
590 407 682 472 Nunc
697 411 797 474 uideri
808 430 870 476 esse
884 412 1012 475 ornatum
1027 411 1065 474 de
1080 411 1325 486 indesolatam
1339 427 1392 486 eu,

166 487 196 533 Α
209 485 236 533 ⁰·
248 493 302 537 ¹⁹³·
328 513 396 579 qooe
409 498 586 580 scripsisset,
603 493 769 578 ”praesens
789 499 912 573 diceret,
928 507 983 561 aut
997 495 1140 580 argueret
1160 516 1282 558 corum.-
1304 505 1345 575 ct,
1361 497 1391 558 si

328 583 405 666 quid
432 584 507 644 uani
529 583 677 666 urlfemet,
702 581 740 644 tir
761 583 795 646 ui
816 593 926 665 posset,
953 583 1046 646 donec
1070 584 1114 646 ad
1134 583 1284 664 liquidum
1310 583 1390 645 ueri-

328 679 377 730 tos
411 669 571 750 raptoroto
605 678 689 731 esset.
733 604 845 752 itaque
873 669 951 732 uiuit
978 689 1088 744 eorum,
1120 689 1187 752 quae
1216 667 1393 750 postularet

167 761 218 808 Nec
226 761 299 824 tupe-
328 755 439 832 causari,
456 755 671 816 decernendum
694 755 727 816 iu
744 755 915 838 praesentio
941 775 1067 818 censere.
1113 756 1224 830 Quum
1246 751 1392 854 pergeret

167 831 224 875 *Μ
329 835 576 928 ηἰὴίἰοιεεςηίυε
601 838 724 915 referre,
752 835 787 903 ut
810 839 997 924 supplicatio
1020 839 1252 918 decerneretur,
1278 854 1390 903 trium·

328 917 504 1075 phantique
530 925 588 990 sibi
614 928 746 990 urbem¹¹
760 925 865 989 invehi
887 926 995 991 liceret
1002 949 1011 1003 3
1036 925 1086 991 M.
1102 939 1135 996 ,et
1152 925 1189 990 C.
1206 925 1319 993 Titinii
1333 927 1392 988 tri·

331 1013 406 1075 buni
428 1009 538 1096 prbis,
555 1027 588 1075 se
602 1011 837 1094 intercessuros,
853 1012 879 1074 si
901 1012 942 1077 de
963 1035 1000 1076 ea
1021 1034 1056 1076 re
1078 1015 1167 1078 fieret
1189 1025 1393 1076 senatuscon-

329 1098 457 1176 sultum,
474 1097 634 1162 dixerunt.
807 1121 809 1126 ’
983 1122 996 1135 ¹·

374 1183 438 1248 IX.
463 1183 617 1249 Censores
631 1197 721 1248 erant
736 1185 841 1269 priore
855 1205 940 1248 anno
956 1184 1052 1248 creati
1069 1181 1144 1248 Sex.
1161 1181 1267 1247 AElius
1284 1181 1393 1246 Paetus

330 1281 362 1335 et
392 1266 431 1336 C.
456 1270 623 1336 Cornelius
651 1269 822 1358 Cethegus.
878 1270 1045 1335 Cornelius
1073 1269 1206 1334 lustrum
1236 1269 1391 1334 condidit

330 1357 424 1421 censa
438 1369 512 1421 sunt
534 1358 649 1420 civium
665 1358 769 1444 capita
783 1356 943 1420 ²3centum
964 1356 1174 1443 quadraginta
1196 1355 1257 1420 tria
1280 1354 1393 1436 millia,

330 1443 529 1530 septingenta
551 1457 698 1528 quatuor.
744 1443 849 1529 Aquae‘
870 1443 1011 1532 ingentes
1032 1463 1070 1508 eo
1092 1463 1176 1506 anno
1201 1441 1337 1518 fuerunt,
1361 1454 1393 1504 et

331 1529 457 1596 Tiberis
471 1529 541 1594 loco
555 1532 649 1614 plana
666 1527 752 1594 urbis
767 1529 940 1594 inundavit.
986 1527 1080 1592 Circa
1099 1539 1225 1612 portam
1242 1527 1393 1592 Flumen-

331 1630 438 1682 tanam
458 1617 553 1682 etiam
576 1616 723 1702 conlapsa
746 1616 891 1702 quaedam
912 1615 1013 1697 ruinis
1028 1629 1117 1679 sunt:
1141 1629 1172 1679 et
1185 1629 1279 1698 porta
1295 1613 1394 1678 Coeli-

332 1717 483 1768 montana
508 1696 640 1766 fulmine
661 1703 724 1766 ieta
745 1714 803 1778 est,
819 1723 992 1788 murusque
1016 1701 1100 1765 cir'ca
1126 1693 1231 1764 multis
1253 1699 1330 1764 locis
1353 1699 1394 1762 de

331 1789 413 1854 coeio
433 1799 544 1853 tactus.
589 1787 632 1852 Et
648 1787 775 1863 Ariciae,
792 1801 824 1852 et
838 1787 985 1864 Lanuvii,
1000 1799 1031 1852 et
1045 1787 1078 1850 in
1095 1787 1263 1862 Aventina,
1280 1783 1395 1872 lapidi-

331 1873 390 1940 bus
405 1875 506 1960 pluit;
528 1885 560 1937 et
575 1897 593 1936 a
609 1875 718 1958 Capua
737 1873 921 1938 nunciatum
941 1886 997 1950 est,
1013 1894 1146 1936 examen
1161 1895 1329 1957 vesparum
1344 1873 1394 1934 in-

331 1984 408 2046 gens
431 1961 463 2024 in
485 1959 589 2024 forum
614 1959 784 2035 advolasse,
801 1972 831 2024 et
853 1961 886 2022 in
903 1957 1019 2023 Martis
1042 1959 1112 2024 aede
1134 1959 1321 2023 consedisse.
1343 1979 1396 2022 eas

332 2047 489 2112 coniectas
504 2041 576 2109 cum
592 2067 679 2123 cura,
695 2059 726 2110 et
749 2045 757 2108 i
782 2047 815 2108 ni
838 2056 991 2110 crematas
1012 2067 1087 2109 esse.
1134 2039 1262 2110 Horum
1286 2045 1394 2128 prodi·

331 2135 456 2222 giorum
483 2153 591 2196 caussa
610 2069 781 2198 decemviri
805 2129 903 2201 libros
924 2130 1011 2196 adire
1034 2131 1123 2217 jussi,
1147 2145 1177 2195 et
1197 2131 1395 2196 novemdiale

332 2240 456 2284 sacrum
472 2217 599 2296 iactum,
614 2231 645 2282 et
660 2211 848 2304 supplicatio
869 2217 989 2282 indicta
1011 2233 1067 2294 est,
1084 2230 1178 2304 atque
1193 2217 1268 2284 urbs
1282 2217 1395 2281 lustra-

333 2321 376 2372 ta.
421 2305 538 2370 lisdem
565 2302 675 2368 diebus
701 2298 867 2370 aedicuiam
885 2303 1037 2368 Victoriae
1051 2303 1203 2394 Virginis,
1226 2325 1326 2390 prope
1351 2325 1396 2367 ae·

333 2389 405 2457 dem
431 2391 592 2468 Victoriae,
623 2389 672 2455 M.
701 2390 833 2455 Porcius
859 2390 940 2454 Cato
970 2389 1125 2454 dedicavit
1154 2390 1283 2454 biennio
1312 2393 1393 2474 post,

355 2500 427 2543 uam
443 2478 539 2550 vovit.
584 2476 707 2541 Eodem
728 2498 813 2541 anno
826 2474 1018 2541 ²⁴coloniam
1036 2477 1183 2540 Latinam
1198 2475 1266 2540 95ῐῐι
1281 2491 1394 2562 agrum

366 2564 515 2629 hurirmm
548 2564 703 2626 triumviri
732 2563 930 2627 deduxerunt
960 2561 1020 2626 Cn.
1049 2561 1192 2626 Manlius
1218 2562 1329 2641 Vulso,
1355 2561 1395 2626 L.

334 2645 491 2736 Apustius
504 2649 609 2726 Fullo,
621 2649 648 2688 ²⁶
658 2647 701 2726 Q.
715 2646 820 2713 AElius
830 2647 970 2728 Tubem,
985 2649 1074 2734 cujus
1088 2648 1158 2736 lege
1172 2649 1396 2713 deducebatur.

192 2745 197 2768 ⁸
236 2777 238 2780 ·
334 2739 396 2803 tria
418 2737 518 2801 millia
539 2736 681 2823 peditum
703 2735 777 2814 iere,
793 2735 924 2800 trecenti
939 2737 1076 2822 equites:
1100 2756 1249 2800 numerus
1264 2736 1399 2821 exiguus

334 2847 394 2912 pro
405 2823 497 2910 copia
507 2826 586 2910 agri.
631 2820 713 2888 Dari
724 2836 855 2908 potuere
865 2822 984 2886 tricena
992 2823 1106 2908 jugera
1116 2822 1150 2884 in
1161 2819 1293 2906 pedites,
1306 2843 1399 2884 sexus

332 2933 416 3000 gena
441 2911 473 2974 in
497 2911 631 2998 equites.
677 2909 815 2994 Apustio
840 2921 978 2987 auctore,
994 2908 1086 2973 tertia
1106 2929 1181 2993 pars
1202 2908 1271 2994 agri
1293 2904 1400 2971 demta

335 3012 400 3063 est:
424 3020 489 3083 quo
503 3008 622 3082 postea,
639 2995 664 3060 si
679 2995 803 3074 vellent,
818 3011 917 3059 novos
929 2993 1058 3058 colonos
1072 2991 1247 3058 adscribere
1262 3005 1401 3077 possent.

336 3083 459 3150 Viceua
467 3084 581 3172 jugera
595 3081 727 3168 pedites,
743 3079 948 3168 quadragena
958 3080 1077 3169 equites
1091 3091 1289 3165 acceperunt.

380 3171 421 3236 X.
446 3169 484 3234 ln
501 3169 585 3236 exitu
597 3170 663 3254 jam
679 3189 782 3233 annus
796 3180 872 3245 erat,
889 3179 922 3232 et
935 3167 1066 3232 ambitio
1080 3167 1192 3254 magis,
1209 3188 1305 3252 quam
1328 3187 1400 3230 um-

175 3264 328 3340 ntutuetp‘o'·
337 3279 433 3342 quam
448 3255 535 3332 alias,
551 3267 710 3319 exarserat
729 3251 947 3319 consularibus
968 3253 1112 3318 comitiis
1134 3253 1227 3317 multi
1241 3265 1273 3316 et
1288 3267 1400 3336 poten-

172 3348 252 3422 unta
263 3356 318 3390 ⁶⁸¹¹·
338 3356 384 3408 tes
395 3343 544 3428 petebant
559 3341 688 3426 patricii
699 3340 892 3428 plebeiique:
918 3337 955 3408 P.
972 3338 1140 3404 Cornelius
1156 3339 1217 3404 Cn.
1233 3337 1316 3403 filius
1333 3335 1401 3404 Sci·

176 3409 318 3527 fffflfffl
337 3430 403 3516 pin,
419 3429 474 3515 qui
489 3451 527 3496 ex
545 3428 704 3513 Hispania
718 3428 881 3514 provincia
901 3449 1002 3514 nuper
1016 3426 1192 3494 decesserat
1213 3424 1336 3512 anis
1352 3447 1403 3490 re·

270 3507 277 3524 ⁸
521 3535 616 3582 '¹¹uei.
629 3535 754 3598 quiGron.
767 3535 835 3583 crea.
993 3531 1208 3582 asturienses.

374 3641 406 3681 at
422 3634 531 3682 rreum
559 3634 656 3693 demet,
680 3642 724 3682 aut
742 3641 856 3696 meret
889 3634 1159 3684 m1.xxx1v.c.ss.
1252 3657 1255 3662 Δ

341 3695 579 3762 curametriquirl]
589 3700 667 3761 Magn
680 3701 795 3758 piscaret:
814 3701 855 3762 qui
921 3707 951 3748 2⁵
970 3701 1002 3748 lu
1026 3715 1115 3762 offlam
1137 3697 1285 3760 Thurinum]
1316 3697 1404 3759 scripti

340 3779 370 3814 ea
386 3781 439 3829 qua
453 3766 587 3824 arripiam
601 3779 707 3826 praem
723 3765 855 3824 discretae
887 3780 942 3813 oum
962 3767 1132 3816 sanatoribus
1149 3765 1219 3812 editis
1245 3764 1271 3810 ia
1295 3769 1405 3822 ,carmos

341 3837 387 3880 out
402 3836 515 3893 arguam
531 3843 619 3888 coram,
632 3831 856 3892 numquamne·
887 3831 1048 3880 Ferentinum
1081 3832 1155 3878 Reate
1176 3831 1270 3878 videtur
1292 3828 1403 3885 Sigonius

341 3897 447 3959 affer-m,
455 3896 621 3958 arguipooret·
887 3897 1020 3959 reposuisse
1031 3898 1166 3946 Plotinam
1178 3909 1208 3944 ex
1222 3897 1238 3942 l.
1250 3893 1369 3941 XXXIV.
1381 3910 1402 3942 a.

374 3961 548 4024 samaritam]
574 3962 708 4008 Admodum
728 3963 854 4010 consimile
888 3969 1016 4024 &anapia
1049 3960 1404 4012 Sednihilvetatrotiuerivo·

341 4029 586 4076 esthuucnumerum
594 4028 660 4086 justo
667 4029 782 4076 minorem
793 4043 854 4085 esse,
888 4037 1062 4087 contratrum,
1072 4029 1166 4090 tegique
1176 4028 1203 4074 ta
1213 4031 1318 4074 castrum
1338 4025 1404 4072 Tta-

341 4099 367 4142 et
390 4095 483 4142 bivium
506 4093 626 4154 scripum
653 4093 763 4142 ducenta.
801 4095 856 4141 Hoc
886 4095 976 4152 duum,
994 4096 1034 4154 qui
1051 4091 1150 4142 toruae
1169 4098 1206 4140 est
1223 4093 1243 4138 is
1261 4091 1312 4150 ipse
1328 4105 1404 4153 pagna

341 4159 446 4222 potam
458 4159 555 4206 nummi
566 4159 616 4218 ejus
629 4158 703 4205 lustri
718 4160 785 4218 cnjus
802 4173 855 4219 pso·
887 4158 1060 4212 Thunusuda
1077 4172 1124 4217 quo
1141 4157 1207 4220 Suet.
1224 4157 1250 4206 in
1261 4156 1326 4217 Aug.
1342 4171 1364 4206 c.
1381 4163 1404 4206 2.

340 4227 405 4273 xime
416 4226 534 4287 praecessit
547 4224 647 4282 mentio,
659 4222 742 4286 (supra
758 4223 855 4269 XXIX.
889 4224 949 4270 Haeo
959 4225 1007 4270 iere
1018 4224 1161 4272 Gronovius·

343 4289 394 4352 87.)
402 4296 427 4338 et
433 4292 502 4338 lustri
508 4289 637 4350 sequentis,
644 4289 707 4335 inira
713 4288 860 4336 xxxvnt.
924 4293 956 4336 96
973 4289 1004 4345 Q.
1014 4289 1097 4338 AElltu
1110 4283 1214 4348 Mero]
1229 4287 1284 4334 vio.
1296 4292 1347 4336 not.
1367 4289 1405 4334 86.

342 4359 383 4401 86.
890 4351 1010 4406 mutum
1020 4356 1266 4406 modomemoratum.

377 4423 408 4465 et
427 4419 548 4466 Calauium
558 4413 686 4480 Latinam]
694 4418 747 4464 Vrd.
757 4421 808 4464 not.
819 4423 857 4465 85.
