3126 4978
337 207 396 280 ar'a
644 269 646 276 .
728 212 841 276 stur
869 213 1005 288 nrvrr
1044 190 1046 198 ’
1111 214 1134 304 oe'

179 389 316 440 uosac.
340 373 430 443 dium
458 375 543 466 agris
569 378 720 456 ‘mitteret
748 377 900 444 discessit.
943 375 1061 442 ”inde
1088 375 1230 466 Tegeum
1257 375 1400 444 exercitu

179 457 251 504 M·
264 461 512 552 ¹⁹²·'1contractu
539 465 736 553 concilioque
755 463 867 530 eodem
889 475 921 529 et
944 463 1070 529 Achiuis
1095 477 1128 529 et
1151 464 1243 530 sociis
1267 463 1399 542 indicta

206 553 208 560 ’
340 551 373 614 iu
388 573 454 636 quo
467 564 500 615 et
515 549 719 638 Epirotarum
734 562 766 616 et
781 553 981 615 Acarnanum
996 549 1083 616 furere
1096 550 1265 638 principes,
1277 549 1397 626 statuit,

236 685 239 690 .
326 635 490 723 :quonism
504 638 579 702 satis
593 651 625 702 et
639 655 767 702 suorum
782 643 802 701 a
821 637 945 722 pudore
965 636 1133 702 maritimas
1150 636 1334 726 ignominiae
1349 655 1401 700 re·

341 721 440 787 stituti
454 723 562 804 animi,
574 725 606 789 et
618 723 757 789 bostium
773 724 936 788 conterriti
951 735 1062 799 essem,
1078 723 1119 788 ad
1135 723 1400 789 Lacedaemonem

341 800 473 874 ducere:
496 833 534 880 eo
560 811 654 875 modo
678 831 744 876 uno
768 821 855 875 ratus
882 809 923 875 ab
947 807 1111 874 obsidione
1137 809 1251 898 Gytbii
1277 809 1399 874 hostem

341 893 457 960 abduci
470 917 571 982 posse.
605 895 657 960 Ad
670 895 696 938 ⁹¹
707 895 827 983 Caryas
844 896 981 981 primurn
997 893 1030 958 in
1045 893 1183 961 hostium
1196 907 1280 961 terra
1293 893 1403 982 posuit

342 990 456 1048 castra.
501 983 551 1048 Eo
577 983 645 1067 ipso
671 982 722 1046 die
744 981 902 1066 Gythium
926 1003 1009 1064 expu
1034 995 1142 1048 natum
1164 995 1221 1047 cst.
1243 981 1332 1068 cujus
1353 979 1401 1044 rei

341 1068 352 1132 i
396 1088 472 1134 arus
498 1068 730 1154 Philopoemen,
757 1080 858 1132 castra
883 1068 924 1132 ad
950 1004 1200 1133 Barbosthenem
1224 1075 1327 1153 (mona
1353 1077 1403 1130 est

403 1175 451 1217 em
468 1153 566 1221 millia
581 1170 732 1239 passuum
748 1155 789 1219 ab
803 1153 1046 1233 Lacedaemone)
1062 1154 1229 1241 promovit.
1275 1153 1319 1223 Et
1333 1154 1401 1217 Na-

343 1239 402 1317 bis,
419 1241 590 1328 receptoG
613 1240 690 1317 thio,
707 1261 779 1304 cnm
800 1240 952 1326 expedito·
972 1242 1110 1307 exercitu
1132 1239 1207 1304 iude
1228 1240 1399 1325 proiectus,¹

314 1343 317 1355 ’
343 1347 440 1414 quum
456 1338 575 1412 praeter
586 1263 846 1392 bacedaemonem
862 1327 976 1411 raptim
988 1325 1140 1403 duxisset,
1155 1325 1215 1391 9Ῥ
1253 1323 1304 1390 rbi
1314 1330 1400 1411 (quae

343 1415 471 1495 vocant)
501 1425 602 1478 castra
629 1414 812 1498 occupavit:
841 1435 935 1500 quem
962 1411 1028 1498 peti
1057 1412 1162 1478 iocum
1191 1435 1236 1493 a*
1263 1411 1401 1490 Achaeis,

345 1521 409 1564 non
423 1500 601 1565 dubitabat.
623 1500 696 1564 inde
718 1498 861 1565 hostibus
878 1498 1032 1564 obcurrit.
1077 1497 1274 1564 Obtinebant
1294 1513 1411 1563 autem·

342 1585 440 1673 longo
461 1587 588 1674 agmine
633 1599 741 1670 rupter
764 1587 923 1674 angustias
939 1587 1000 1650 vite
1019 1606 1120 1671 prope
1142 1584 1282 1672 quinque
1304 1583 1404 1650 mittis

343 1693 503 1758 passuum.
532 1609 703 1760 cogebatur
728 1693 841 1759 agmen
867 1674 909 1736 ab
933 1671 1102 1758 equitibus,
1126 1669 1194 1735 ⁹⁵et
1221 1671 1359 1735 maxime
1380 1693 1403 1736 a

343 1777 435 1844 purte
459 1759 666 1825 auxiliorum:
695 1757 779 1842 quod
810 1757 1011 1823 existimabat
1038 1756 1268 1843 Philopoemen,
1294 1767 1402 1841 tyran·

342 1867 421 1923 num
450 1845 651 1910 mercenariis
676 1843 837 1920 militibus,
862 1845 976 1929 quibus
1000 1843 1173 1928 plurimum
1199 1841 1321 1922 fideret,
1345 1843 1404 1907 ab‘

343 1945 434 2018 tergo
448 1953 522 1995 suos
535 1931 767 2015 adgressurum.
810 1930 897 1995 Duae
911 1952 960 1994 res
981 1929 1075 1994 simul
1094 1930 1268 2014 inopinatae
1288 1934 1402 2014 percu-⁶

342 2017 450 2082 ierunt
463 2039 556 2084 eum:
579 2038 653 2094 uua,
669 2029 916 2101 praeoccupatua,
933 2038 1025 2102 quem
1043 2017 1180 2101 petebat,
1195 2016 1302 2080 locus:
1325 2015 1403 2080 alte·

343 2123 389 2180 ra,
417 2104 501 2189 quod
526 2102 776 2190 primo'agmini
800 2101 977 2167 obcurrisse
1006 2102 1127 2167 bostem
1152 2101 1311 2179 cernebat,
1334 2100 1402 2181 ubi,

342 2210 442 2276 quum
467 2211 525 2275 per
546 2189 617 2254 loca
637 2188 822 2277 confragosa
842 2189 906 2254 iter
923 2201 1012 2268 esset,
1040 2190 1106 2254 sine
1131 2189 1205 2253 levis
1230 2199 1402 2253 armaturae

343 2275 493 2361 praesidio
506 2278 530 2340 ai
578 2274 681 2340 aierri
696 2297 759 2339 nou
775 2273 901 2340 videbat
914 2297 1015 2360 posse.

181 2361 339 2440 ibium·
389 2361 530 2427 XXVII
552 2410 560 2427 .
584 2361 662 2426 Erat
675 2374 780 2427 autem
794 2360 1013 2447 Philopoemen
1028 2361 1404 2448 praecipuaeinducendo

181 2427 327 2540 Qum*
344 2450 482 2536 agmine
498 2448 636 2535 locisque
660 2447 821 2534 capiendis
849 2448 1105 2534 sotertiaeeatque
1130 2471 1220 2514 urusr
1243 2469 1303 2512 neo
1326 2446 1403 2511 belii

149 2548 162 2570 '²
182 2557 240 2604 1001·
251 2535 467 2620 capi-'tantum
490 2533 694 2620 temporibus,
710 2535 765 2598 sed
785 2535 879 2599 etium
902 2535 933 2598 in
956 2557 1043 2620 pace,
1059 2535 1099 2599 ad
1121 2535 1153 2599 id
1176 2533 1313 2599 maxime
1334 2532 1404 2598 uni-

182 2623 257 2672 entis.
345 2643 433 2686 mum
455 2634 650 2686 exercuerat.
698 2620 763 2685 Ubi
790 2621 853 2685 iter
877 2622 1026 2707 quopiam
1051 2619 1176 2698 faceret,
1198 2633 1233 2686 et
1255 2619 1298 2685 ad
1320 2617 1403 2684 diffi-

343 2707 434 2774 cilem
458 2708 593 2772 nansitu
613 2709 726 2772 saltum
747 2708 891 2782 venisset,
908 2709 1138 2792 contemplatus
1152 2707 1194 2772 ub
1208 2705 1296 2771 omni
1315 2717 1406 2792 parte

303 2823 306 2840 ¹
341 2794 411 2860 ioci·
428 2808 584 2873 naturam,
599 2793 732 2881 “quum
751 2792 837 2858 solus
856 2794 946 2871 iret⁰‚
962 2815 1067 2860 secum
1089 2793 1156 2879 ipse
1176 2793 1316 2881 agitabat
1335 2791 1403 2856 ani-

344 2901 414 2959 mo;
438 2903 537 2970 quum
563 2881 692 2946 comites
716 2879 856 2958 haberet,
880 2879 922 2944 ab
945 2880 983 2944 iis
1005 2881 1176 2966 quaerebat,
1196 2881 1233 2946 Si
1252 2880 1347 2944 hostis
1367 2901 1405 2942 eo

342 2971 410 3034 loco
421 2971 625 3052 adpeti-trista,
642 2969 726 3052 quid,
741 2969 771 3032 si
784 2989 804 3030 a
813 2968 939 3052 fronte,
954 2969 1038 3051 quid,
1054 2968 1083 3032 ri
1103 2967 1143 3030 od
1163 2969 1261 3044 lutere
1278 2967 1333 3028 doc
1346 2975 1404 3056 urst

233 3111 235 3130 ,
341 3056 409 3133 illo,
429 3057 513 3140 quid,
533 3057 562 3119 si
582 3053 621 3118 ub
634 3064 727 3138 tergo
739 3055 930 3138 *aratrorum
950 3054 1129 3136 rapiendum
1148 3053 1272 3118 comitii
1283 3052 1404 3137 soret?

346 3141 446 3206 Potae:
458 3143 620 3206 instmctur
639 3149 724 3203 rectu
744 3141 821 3215 acie,
832 3161 921 3222 purae
941 3140 1127 3202 inconditum
1147 3161 1266 3224 agmen,
1282 3147 1313 3203 et
1332 3149 1405 3204 tuu-

345 3230 494 3294 trrmmodo
512 3236 618 3310 aprum
638 3227 707 3302 vice,
722 3225 889 3290 manere.
936 3223 1032 3302 Quem
1056 3227 1149 3290 locum
1175 3228 1241 3310 ipm
1261 3235 1407 3309 coptum

319 3343 324 3352 τ
345 3323 431 3392 erra,
446 3311 617 3400 cogitando
641 3329 695 3376 aut
719 3309 893 3398 quaerendo
913 3309 1159 3396 exsequebatur3
1182 3322 1237 3377 urit
1258 3321 1331 3398 quot
1350 3335 1406 3375 ar·

344 3401 446 3476 matis,
469 3410 524 3464 ord
548 3419 607 3484 quo
628 3419 740 3483 genere
765 3417 915 3464 armorum
941 3398 1121 3480 (plurimum
1143 3401 1223 3464 anim
1248 3399 1406 3477 minemo)

344 3506 467 3558 rurum
492 3507 551 3570 quc
565 3486 783 3568 inpedimento,
799 3505 857 3568 quo
878 3486 1102 3569 sarcinaeque
1123 3485 1243 3550 turdum
1263 3486 1407 3549 inermem

343 3571 507 3656 rejicerem
529 3581 644 3655 quanto
658 3593 705 3648 ea,
721 3581 776 3636 aut
790 3572 879 3655 quali
889 3572 1041 3655 prmsr'dio
1054 3573 1218 3636 crutodiret
1226 3605 1239 3643 ,·
1263 3579 1293 3634 et
1306 3581 1407 3636 uuum

661 3722 698 3768 ic
709 3723 785 3771 (irum
796 3695 865 3770 cren.
929 3727 943 3756 ¹¹
953 3730 1006 3772 eret
1016 3725 1106 3780 Gran,

377 3871 409 3916 90
426 3865 486 3916 Inde
502 3865 617 3934 degeam]
650 3869 714 3917 Olim
733 3871 784 3918 cusi
805 3871 862 3919 inde
924 3875 955 3920 98
972 3871 1008 3918 Et
1023 3869 1155 3920 sturmo
1168 3869 1409 3938 amomacum-r]

264 3979 267 3988 ,
342 3932 465 3996 Τώςαπι·
498 3933 592 3982 Nomen
605 3934 685 3996 oppidi
696 3937 859 3984 restituith·
890 3936 1025 3996 iuriiubet
1033 3937 1179 3992 Perizonius,
1188 3940 1329 3986 otwino
1335 3945 1409 4000 perte

344 3997 429 4047 leuius.
462 3999 497 4045 At
512 4000 800 4048 ursiarcccnticrcscditi
815 4016 859 4064 pro
890 4003 1052 4050 uuautonm:
1068 4007 1138 4050 ncta
1171 4003 1327 4054 Quumsuim
1339 4005 1409 4064 cqui-

343 4064 399 4112 inde
414 4063 518 4112 ieccmnt
534 4065 604 4114 idern
636 4067 858 4127 eorresimusfluo.
889 4071 991 4114 tatuset
1006 4080 1060 4126 pars
1073 4068 1215 4116 auxiliorum
1224 4073 1295 4124 corut
1309 4081 1407 4130 agmen,

342 4134 418 4179 omre
426 4131 556 4178 Gronovio.
708 4163 710 4166 -
890 4131 932 4192 qui
950 4137 1030 4192 puteat
1045 4132 1146 4195 intelligi
1163 4134 1238 4196 magis
1254 4133 1278 4180 ‘sd
1293 4133 1325 4180 ab
1341 4133 1409 4181 ausi·

373 4200 402 4244 ar
423 4193 525 4261 Caryas]
543 4196 581 4244 Sic
595 4209 682 4243 nomeu
697 4195 857 4244 bocscriben·
889 4196 937 4253 iiis,
948 4209 1020 4256 quam
1031 4197 1062 4243 ab
1071 4198 1192 4257 equitibus
1204 4197 1328 4258 prestari?

341 4259 397 4306 dum
413 4265 465 4320 esu
482 4273 531 4310 non
545 4261 639 4319 Carica
650 4261 768 4320 quomodo
786 4262 857 4318 vulgo
921 4267 954 4309 ut
972 4262 1052 4318 ΟΜ»
1070 4264 1135 4310 soter
1156 4259 1216 4328 iret]
1237 4263 1317 4324 tergo
1339 4269 1408 4311 erse.-

340 4325 397 4370 cditi
410 4325 506 4373 babent.
889 4325 968 4374 minut
984 4327 1112 4388 eleganter,
1124 4333 1149 4376 et
1164 4336 1248 4377 comm
1265 4329 1407 4391 scriptorum

372 4395 403 4436 92
422 4385 680 4453 Pyntt...cairra]
696 4391 855 4438 Nomcoiocir
889 4391 966 4440 iidem.
1394 4432 1397 4442 .
