3042 4954
363 179 626 241 nrn.xxx111.
657 132 759 250 cnr.
781 179 840 236 111.
1024 159 1026 164 ’
1094 188 1133 254 aa

103 339 135 412 sd
153 339 314 426 hospitium
334 342 533 427 imperatoris
555 355 682 420 ventum
706 355 763 421 est,
787 363 990 427 conspexere.
1034 343 1294 424 Tum,u,c,„„.

103 425 175 494 velut
186 426 306 511 prodita
318 428 394 508 dolo
407 431 484 496 Anti
509 429 566 496 bili
586 429 731 515 pretoria
746 427 825 497 urbe
846 431 1174 515 captaque,.obstu-A·
1184 435 1211 482 ⁰·
1225 438 1281 484 ¹⁹⁷·

39 521 40 540 ¹
102 524 351 596 pueruntomnes.
397 515 441 582 Et
502 515 646 602 parebat,
667 514 747 581 nihil
767 515 877 586 liberae
897 511 1136 584 consultationis

102 599 225 684 concilio,
260 602 322 666 uod
337 601 371 668 iu
386 601 470 670 diem
493 603 653 688 posterum
676 602 831 670 indictum
853 614 921 669 erat
938 601 1069 682 Boeotis,
1085 625 1137 680 res

101 683 203 752 lictum.
275 701 410 756 exerunt
430 687 585 768 dolorem,
602 709 695 776 quern
717 701 749 757 et
768 688 995 776 nequidquam,
1017 702 1049 763 et
1069 711 1138 766 uon

102 769 157 856 sine
167 772 301 858 periculo
314 773 536 856 ostendissent.

135 857 174 924 ll.
194 859 232 926 ln
246 861 382 942 concilio
396 861 523 934 Attalus
541 863 664 946 primus
678 861 774 926 verba
787 860 870 936 feeit.
914 859 1016 928 Orsus
1036 884 1056 928 a
1070 868 1175 931 tua-,1n
1187 869 1286 936 anetus

98 942 185 1028 joram
199 969 326 1016 suorum
337 947 474 1035 suisque,
489 961 522 1014 et
533 947 757 1017 communibus
771 947 805 1014 in
818 968 947 1014 ornnem
964 934 1286 1047 Graeciamfflffiffffm

102 1034 265 1128 etpropriis
287 1035 321 1099 in
340 1035 529 1114 Boeotorum
551 1048 691 1122 gentem,
706 1033 835 1112 meritis,
850 1033 1000 1122 ⁶segnior
1017 1036 1085 1122 jam
1107 1013 1290 1124 etquZJ.

101 1117 244 1199 infirmior,
259 1134 408 1208 quamut
428 1123 663 1200 contentionem
684 1120 812 1186 dicendi
832 1121 1009 1199 sustineret,
1025 1121 1213 1190 obmu-uus

102 1203 149 1269 tuit
169 1219 197 1274 et
218 1209 368 1278 concidit.
413 1207 467 1286 Et,
490 1207 589 1274 ⁷dum
615 1230 649 1272 re
689 1229 731 1280 m,
746 1206 893 1276 auferunt
914 1207 1141 1295 perferuntque

100 1303 171 1373 parte
182 1295 402 1360 membrorum
415 1305 554 1380 captum,
570 1229 741 1381 pauliiiper
762 1295 875 1362 concio
892 1294 1069 1362 intermissa
1082 1307 1140 1370 est.¹

100 1376 256 1446 Aristaenus
270 1381 357 1458 inde,
374 1380 568 1452 Achaeorum
583 1393 713 1466 praetor,
729 1403 767 1446 eo
788 1402 861 1450 eum
876 1383 1016 1468 majore⁸
1029 1394 1140 1450 aucto-
1177 1423 1181 1428 -

100 1463 173 1530 ritate
195 1468 332 1546 auditus,
349 1469 434 1554 quod
458 1489 524 1534 non
545 1467 729 1553 relinquam
749 1488 822 1554 quae
842 1466 971 1532 Achaeis
990 1481 1139 1548 suaserat,
1180 1487 1183 1494 ’

101 1539 201 1617 Boeotis
215 1553 383 1624 suadebat.
426 1555 531 1622 Pauca
551 1555 592 1622 ab
613 1555 684 1639 ipso
706 1552 861 1630 Quinctio
883 1553 1017 1631 ad'ecta,
1042 1555 1141 1625 fidem

101 1637 181 1722 magis
204 1639 396 1720 Romanam,
419 1661 514 1726 quarn
539 1663 629 1709 arma
649 1651 705 1707 aut
725 1661 811 1724 opes,
834 1577 1005 1706 extoliente
1026 1641 1141 1707 verbis.

102 1720 218 1810 Rogatio
236 1727 327 1806 inde,
342 1727 384 1792 ⁸a
399 1725 567 1798 Plataeensi
586 1727 776 1797 Dicaearcho
797 1725 861 1792 lata
882 1726 1085 1808 recitataque,
1100 1726 1142 1792 de

101 1812 224 1880 societate
244 1835 323 1884 curu
346 1814 500 1884 Romanis
517 1813 692 1900 jungenda,
715 1812 804 1890 nullo¹
826 1824 938 1881 contm
958 1812 1063 1878 dicere
1084 1824 1254 1880 art-steteras

101 1893 183 1978 deute,
197 1902 343 1972 omnium
360 1901 495 1970 Boeotiae
516 1900 690 1968 civitatium
714 1899 872 1986 suffragiis
886 1898 1039 1985 accipitur
1048 1900 1141 1986 jube·
1150 1891 1304 2002 mam·

101 1992 202 2070 tuque.
244 1987 396 2062 Concilio
409 1985 551 2067 dimisso,
567 1985 744 2063 Quinctius
759 1999 883 2056 tantum
899 1985 1020 2052 Thebis
1037 2009 1143 2054 mara·-
1151 1971 1176 2003 ¹¹¹
1290 1987 1296 2002 '

101 2077 147 2146 tus,
160 2085 311 2158 quantum
327 2072 429 2141 Attali
443 2095 557 2158 repens
573 2095 663 2140 casus
677 2073 790 2158 coligit,
806 2085 973 2159 postquam
991 2095 1056 2138 non
1069 2075 1144 2146 vitra

101 2170 215 2234 praesens
237 2158 419 2245 periculum
446 2161 492 2223 vis
513 2159 616 2224 morbi
644 2159 805 2235 adtulisse,
829 2159 884 2223 sed
905 2159 1143 2226 ⁹metnbrorunr

101 2238 270 2312 debilitatem
298 2247 365 2314 visa
386 2258 445 2325 eet,
467 2246 578 2311 relicto
598 2267 638 2310 eo
658 2246 698 2311 ad
721 2245 916 2313 curationem
934 2248 1143 2319 necessariam

101 2333 231 2415 corporis,
246 2332 401 2412 Elatiam,
426 2332 511 2400 unde
524 2330 689 2418 profectus
709 2345 788 2412 erat,
804 2331 887 2398 redit
893 2356 903 2409 3
927 2331 1049 2401 Boeotis
1063 2357 1142 2420 quo·

102 2434 160 2496 que,
177 2419 252 2486 sicut
274 2419 367 2506 prius
390 2417 527 2498 Achaeis,
547 2419 588 2484 ad
609 2419 787 2486 societatem
809 2417 947 2496 adscitis,
962 2419 1028 2492 ¹⁰et
1042 2443 1143 2505 quarr-
1188 2427 1191 2436 '
1254 2493 1257 2500 ‚

101 2499 149 2564 dol
166 2518 229 2572 tuta
252 2529 297 2572 ea
318 2519 493 2594 pacataque
515 2506 556 2571 ab
581 2503 969 2592 tergorelinquebautur,
994 2506 1149 2582 omnibus,

97 2586 149 2669 jrrn
170 2593 412 2682 cogitationibus
437 2594 471 2658 in
497 2591 696 2678 Philippum,
722 2605 755 2658 et
775 2591 863 2682 quod
886 2592 1043 2680 reliquum
1068 2594 1150 2668 belli¹

100 2687 162 2752 ctat,
174 2679 344 2747 conversis.
377 2740 382 2746 .
1144 2743 1148 2756 ,

133 2762 190 2830 111.
210 2766 383 2851 Philippus
405 2786 533 2853 quoque
558 2764 663 2850 primo
684 2785 766 2842 vere,
786 2776 955 2850 postquam
980 2765 1077 2854 legati
1102 2766 1143 2831 ab
1152 2778 1255 2838 rnruppr
1264 2779 1304 2824 aa.

102 2844 187 2919 Roma
205 2853 287 2919 nihil
309 2852 414 2937 pacati
436 2852 617 2928 retulerant,
640 2849 797 2916 delectum
816 2872 875 2934 per
895 2851 1004 2916 ornnia
1025 2849 1256 2937 oppidarmlun

100 2937 172 3020 regni
185 2939 303 3012 habere
316 2939 462 3018 instituit,
478 2939 513 3007 in
528 2959 644 3024 magna
662 2936 772 3021 inopia
788 2937 962 3022 juniorum.
985 2940 1145 3006 absumse·

100 3034 157 3086 rant
171 3026 251 3104 enirn
278 3047 339 3112 per
364 3025 479 3095 multas
496 3026 565 3112 jam
586 3035 695 3103 aetates
719 3022 871 3098 continua
891 3021 976 3090 bella
991 3023 1146 3095 Maccdo-

100 3126 160 3172 uas:
189 3111 257 3196 ipro
290 3135 418 3199 quoque
443 3121 607 3200 regnante,
631 3125 663 3175 et
691 3109 855 3178 navalibus
877 3109 967 3175 bellis
995 3111 1148 3184 adversus

101 3189 224 3267 Rhodios
238 3199 459 3286 Attalumque,
473 3212 506 3264 et
526 3197 727 3274 terrestribus
748 3197 896 3264 adversus
913 3197 1076 3272 Romanos
1094 3224 1146 3272 ce-

100 3278 200 3350 ciderat
216 3307 356 3386 magnus
377 3308 538 3359 numerus.
562 3284 606 3350 ita
627 3297 659 3352 et
680 3283 799 3350 tirones
819 3283 861 3351 ab
884 3283 1039 3350 sedecim⁰
1053 3289 1146 3362 annis

102 3365 197 3433 milites
231 3372 401 3449 scribebat,
431 3386 463 3436 et
498 3370 636 3436 emeritis
665 3370 794 3457 quidam
830 3371 1002 3455 stipendiis,
1032 3377 1146 3461 quibus

100 3453 181 3518 nodo
194 3457 370 3543 quidquam
385 3458 498 3543 reliqui
512 3458 636 3522 ruboris
650 3457 727 3533 erat,
744 3457 784 3521 ad
802 3457 892 3544 signa
906 3461 1146 3529 revocabantur.

101 3533 142 3604 lta
154 3544 299 3628 suppleto
317 3544 469 3626 exercitu,
486 3543 658 3612 secundum
674 3565 806 3610 vernum
829 3543 1056 3628 aequinoctium
1078 3573 1149 3616 orn·

122 3663 225 3726 ²mnjm'
234 3669 303 3714 Gron
316 3655 386 3716 Ores,
525 3664 674 3734 b'erqaaado
685 3667 701 3712 l.
714 3670 825 3728 quoniam
834 3667 908 3712 (lton
921 3675 944 3714 et
955 3673 1068 3734 quonium
1076 3673 1146 3721 Crer.

100 3725 185 3776 ‘dcem
195 3740 218 3779 et
225 3749 269 3780 sex
279 3734 357 3796 tiron.
558 3749 562 3760 ¹
1115 3747 1118 3752 '

123 3847 137 3888 d
151 3845 267 3912 Senior]
279 3851 346 3897 llcne
357 3850 600 3909 &onoriummr'ra
634 3857 766 3900 constater
778 3867 799 3898 c.
811 3857 850 3900 97.
861 3849 930 3898 infra.

124 3912 218 3960 ‘le
235 3930 319 3976 regens
337 3916 451 3978 unstrout
465 3915 601 3976 perferant·
666 3918 871 3966 annnorum
888 3917 1046 3983 nomentan]
1078 3922 1147 3967 Para-

100 3969 145 4034 Μ]
158 3977 276 4028 suetan
286 3997 300 4028 e
311 3981 423 4039 coneilio,
433 3981 601 4048 perieruntque
634 3984 703 4044 lysln.

101 4038 124 4081 ἢ
134 4039 270 4104 hospitium.
669 4055 698 4096 ιο
713 4049 750 4094 Et
768 4052 879 4110 quoniam
896 4056 950 4097 tata
963 4047 1003 4112 aa]
1023 4049 1148 4095 Editioues

128 4109 171 4152 M
178 4109 602 4176 Mmtmcaemaowaveoum
635 4115 793 4162 mundana
815 4121 896 4162 carent
914 4116 1031 4175 particula
1046 4119 1079 4170 et,
1093 4125 1146 4172 quae

39 4211 40 4220 .
100 4165 418 4238 Donummmsampn
429 4177 601 4225 nummolioeo·
634 4189 715 4226 tamen
733 4182 862 4227 neesmaria
877 4182 976 4227 ridetur.
1009 4179 1068 4224 Eam
1084 4176 1148 4233 adje-

100 4235 320 4298 tormsstsnsaistratu
336 4255 426 4296 aarum.
456 4241 550 4290 Nomen
567 4248 604 4292 ert
635 4246 711 4292 rimus
727 4259 756 4291 ex
772 4248 901 4295 vetustiore
920 4246 1094 4301 editissimum
1111 4246 1152 4287 et·-

100 4303 209 4376 l‘t‘ndn
236 4308 288 4354 riri.
322 4308 433 4356 Somnus
461 4308 603 4359 Doctorum
635 4312 682 4360 iam
695 4311 787 4373 praefert
798 4319 822 4358 et
833 4312 934 4373 quanda
946 4321 994 4356 non
1006 4309 1127 4369 quoniam.

100 4373 243 4428 nummos
257 4374 386 4428 vocabatur
396 4375 556 4438 Butereller,
575 4380 603 4422 ut
