3082 4976
495 167 589 228 ΗΒ.
610 168 676 228 XL
704 169 808 229 CAP.
834 170 891 231 XI.
1168 169 1227 234 463

154 337 287 418 numque
300 331 498 398 Macedonia
509 333 688 418 ncofulura
701 335 811 400 sciunt.
835 333 875 399 Si
885 336 963 418 quid
975 339 1064 400 entra
1078 335 1228 401 Macedo·
1237 350 1271 400 vt
1281 354 1309 401 tt
1318 347 1374 404 s'ro'.

154 423 241 484 niam
255 419 316 484 tibi
328 421 685 504 Romamireliqnissent,
700 421 778 484 miti
795 425 915 505 quoque
926 423 962 485 id
973 424 1115 506 relictum
1125 425 1228 489 medo
1236 419 1268 465 Αἵ
1279 418 1308 469 ⁰·
1322 419 1374 466 ¹⁸²·

153 528 219 570 rem
233 508 464 590 receptaculum.
495 505 540 570 'At
555 507 590 570 in
604 505 827 571 Macedonibus
839 509 918 572 sotis
930 510 1074 590 praesidii
1083 518 1138 574 est.
1173 511 1228 575 Vn

153 594 232 668 disti
243 593 383 657 desterno
395 593 447 656 die
456 593 591 675 inpetum
605 591 639 654 in
652 613 700 656 me
709 593 849 658 militum.
875 592 963 670 Quid
972 595 1157 680 iuisdefitt,
1165 597 1230 662 nisi

139 679 298 764 serrum?
319 680 411 753 Quod
419 679 484 742 illis
495 679 596 764 deficit
608 679 755 756 interdiu,
771 682 906 744 conoiooe
906 680 1033 765 fratris
1045 691 1136 746 noctu
1149 705 1229 748 sum·

153 764 278 846 samad.
327 766 414 840 Quid
427 767 465 828 de
477 771 591 850 magna
607 774 704 846 porte
722 766 898 850 principum
912 769 1032 852 lopiac,
1048 769 1101 852 qui
1113 769 1146 832 in
1161 771 1228 834 Ro·

155 854 257 916 manis
269 872 351 934 spem
369 873 484 915 mnnem
497 851 664 934 dignitatis
683 861 714 915 et
721 851 869 936 fortunae
885 863 1063 936 posuerunt,
1079 857 1168 919 etin
1181 877 1227 932 eo,

154 939 211 1022 qui
224 940 328 1002 omnia
341 939 428 1020 apud
442 937 600 1001 Romanos
615 943 740 1019 potest?
763 960 869 1022 neque,
886 940 1029 1018 Hercule,
1047 943 1135 1006 istum
1150 943 1228 1006 milti

154 1033 275 1088 tantum
276 1024 385 1108 fratri
398 1022 522 1107 mojori,-
534 1025 589 1087 sed
595 1045 698 1106 prope
710 1034 765 1102 est,
779 1034 815 1088 ut
828 1025 887 1088 tibi
901 1047 1018 1110 quoque
1028 1027 1105 1110 ipsi,
1114 1030 1184 1112 regi
1197 1037 1228 1092 et
1272 1051 1275 1064 ·
1337 1033 1340 1038 '

153 1112 253 1194 patri,
265 1110 452 1194 proferant.
477 1111 541 1177 Iste
554 1112 635 1174 enim
649 1119 703 1187 est,
719 1109 803 1195 cujus
816 1111 959 1195 beneficio
966 1133 1093 1195 pcpnom
1107 1115 1171 1179 tibi.
1180 1136 1227 1178 se·

156 1207 248 1262 natus
261 1198 392 1277 remisit,
404 1197 459 1280 qui
471 1217 552 1260 nunc
563 1206 593 1260 te
603 1196 643 1260 ab
655 1198 751 1262 armis
761 1197 911 1262 Romanis
916 1201 1064 1284 protegit,
1075 1201 1135 1283 qui
1143 1210 1227 1265 tuom

153 1292 333 1362 senectutem
347 1282 514 1367 obligatam
525 1293 556 1346 et
565 1282 727 1348 obnoaiom
735 1286 949 1348 odolescentia
961 1306 1025 1350 suae
1034 1307 1227 1372 esseceqmcm

152 1379 262 1435 censet.
306 1371 375 1434 Pro
385 1368 444 1433 isto
457 1369 596 1433 Romani
616 1378 712 1445 stant,
725 1391 784 1452 pro
807 1372 867 1435 isto
888 1393 988 1435 omncs
1001 1372 1090 1436 urbes
1102 1381 1155 1456 tuo
1170 1376 1227 1438 iin-

147 1459 244 1540 perio
257 1456 408 1532 liberata,
418 1476 484 1538 pro
497 1457 556 1520 isto
565 1455 761 1534 Macedones,
773 1458 828 1541 qui
836 1458 1069 1539 puceRomono
1076 1460 1226 1543 gaudent.

154 1544 233 1608 milei
241 1551 361 1626 prater
374 1552 414 1619 te,
424 1551 530 1624 poter,
546 1543 623 1625 quid
635 1563 760 1627 usquam
774 1553 830 1607 aut
842 1544 921 1626 spei,
936 1554 991 1607 out
999 1547 1149 1626 praesidii
1158 1549 1225 1610 est?

200 1629 263 1694 Xl.
288 1628 357 1705 Quo
370 1637 508 1711 spectare
518 1629 592 1692 illas
604 1629 714 1692 literas
724 1631 768 1692 ad
776 1638 897 1693 tenone
907 1631 1014 1694 missas
1032 1631 1069 1694 T.
1085 1632 1228 1706 Quinctii

155 1715 264 1790 credis,
280 1715 398 1800 quibus,
415 1725 445 1778 et
459 1715 533 1778 bene
546 1724 577 1778 tc
596 1715 776 1780 consuluisse
796 1716 884 1780 rebus
904 1717 976 1791 tuis,
991 1716 1048 1793 ait,
1064 1719 1145 1801 quod
1159 1719 1226 1782 Do

155 1803 295 1867 metrium
310 1803 441 1866 &mum
456 1802 584 1877 miseris,
600 1810 629 1864 et
643 1801 797 1881 hortatur,
812 1802 980 1878 utiterum,
998 1813 1028 1867 et
1041 1825 1106 1866 cum
1117 1805 1227 1886 pluri-

154 1889 210 1952 bus
235 1890 347 1972 legatis
368 1897 399 1950 et
416 1887 625 1971 primoribusk
646 1887 861 1966 Macedonum,
885 1889 1026 1956 remittas
1053 1895 1141 1954 aem?
1187 1891 1226 1954 T.

144 1976 324 2052 'Quinctius
347 1995 428 2037 nunc
451 1983 495 2037 est
519 1983 627 2038 auctor
650 1975 911 2039 omniumrerom
937 1975 992 2039 isti
1016 1985 1046 2040 ct
1070 1978 1227 2060 magister.

154 2065 239 2128 Eum
252 2061 323 2138 sibi,
336 2070 366 2124 te
380 2060 633 2142 abdicatopatre,
645 2060 785 2124 inlocum
799 2071 882 2125 tuum
896 2061 1060 2126 substituit.
1077 2063 1144 2127 illic
1154 2073 1228 2126 onte

153 2151 259 2213 omnio
275 2148 466 2211 clandestina
480 2157 619 2210 concocta
634 2157 704 2210 sunt
717 2149 857 2212 consilio.
904 2147 1093 2224 amnentur
1106 2149 1228 2234 adjuto·

155 2257 207 2300 res
220 2235 367 2308 consiliis,
379 2254 468 2317 quum
482 2241 513 2296 te
522 2235 639 2314 plures,
654 2241 685 2296 et
693 2235 854 2316 principes
863 2234 1077 2312 Macedonum,
1089 2257 1155 2300 oum
1169 2237 1228 2302 isto

152 2323 278 2396 mittere
294 2319 399 2402 jubet.
445 2317 510 2394 Qui
533 2316 778 2402 linc.³³integri
802 2329 833 2383 et
856 2320 967 2384 sinceri
986 2321 1119 2385 Romm
1144 2332 1227 2400 eunt,

156 2409 342 2491 Philippum
363 2411 462 2490 regem
483 2425 516 2468 se
535 2403 647 2468 labem
660 2407 825 2485 credentes,
840 2405 949 2470 imbuti
961 2407 1048 2470 illinc
1068 2417 1099 2471 et
1120 2409 1230 2493 inffecti

156 2493 310 2558 Romanis
323 2491 531 2556 delenimentis
544 2493 681 2554 redeunt.
718 2492 896 2556 Demetrias
910 2493 951 2556 iis
964 2514 1042 2558 untes
1055 2495 1159 2558 onnia
1173 2504 1228 2560 cst.

155 2603 223 2646 eum
233 2579 431 2664 jom'rege'm,
446 2579 516 2642 uiuo
529 2587 634 2660 patre,
649 2579 822 2660 adpellant.
847 2621 850 2625 -
866 2579 946 2644 Haec
959 2580 989 2644 si
1002 2581 1229 2666 indignorpau-

143 2669 300 2732 diendu‘m
313 2674 358 2729 est
379 2664 493 2740 stetin,
508 2685 571 2728 non
584 2663 714 2728 eduliis
732 2667 838 2744 sotum,
852 2667 907 2730 sed
926 2667 1019 2730 etiam
1034 2689 1056 2729 a
1070 2677 1111 2744 te,
1120 2675 1227 2751 poter,

154 2753 341 2838 cupiditatis
361 2754 452 2835 regni
472 2752 598 2816 crimen.
642 2747 745 2834 “Ego
767 2771 850 2830 uero,
863 2753 893 2816 si
912 2753 946 2816 in
967 2755 1067 2816 medio
1083 2755 1227 2837 ponitur,

144 2863 222 2904 mon
233 2859 374 2924 agnosco.
397 2858 483 2921 quem
498 2838 643 2904 enimsuo
658 2837 857 2914 locomoueo,
871 2846 906 2902 ut
920 2839 986 2919 ipse
1000 2839 1035 2902 in
1048 2837 1119 2922 ejas·
1132 2841 1228 2904 locum

154 2928 333 2992 succedam?
362 2925 450 2988 Uatis
463 2933 537 2990 onte
550 2945 596 2986 me
606 2932 701 3006 poter
715 2931 779 2988 cst:
802 2933 842 3000 et,
857 2933 892 2989 nt
906 2925 962 2987 diu
974 2927 1026 3004 sit,
1042 2927 1129 2990 Deos
1142 2947 1227 3010 rogo.

153 3014 315 3097 Superstes
326 3007 365 3094 (³⁵
373 3019 404 3073 et
418 3011 465 3073 ito
476 3011 543 3086 sim,
553 3011 582 3073 si
589 3009 735 3086 *merebam
745 3019 780 3073 ut
790 3010 856 3092 ipse
870 3032 916 3073 me
926 3032 988 3074 esse
997 3012 1084 3092 uelit)
1096 3012 1228 3077 haredi-

153 3109 249 3165 tatem
259 3097 358 3182 regni,
367 3097 397 3160 si
401 3105 497 3178 poter
506 3097 621 3174 tradet,
630 3096 792 3178 accipiam.
816 3095 912 3179 Cupit
920 3118 1057 3181 regnum,
1066 3107 1097 3162 et
1107 3099 1229 3182 quidem
1267 3140 1271 3146 ·

152 3187 301 3250 scelerate
311 3184 406 3266 cupit,
418 3182 471 3266 qui
484 3183 699 3246 transcendere
699 3182 841 3267 festinat
854 3184 991 3246 ordinem
1006 3186 1120 3262 atatis,
1136 3195 1228 3250 natu-

153 3293 212 3351 rae,
227 3272 321 3336 moris
335 3269 548 3345 Macedonum,
558 3266 647 3352 juris
662 3269 812 3352 gentium.
859 3267 971 3334 Obstat
977 3269 1093 3353 frater
1117 3271 1226 3355 major,
1309 3313 1316 3324 ·

153 3361 202 3423 ad
214 3355 391 3443 quemjure,
405 3355 562 3420 uoluntate
575 3356 668 3418 etiam
684 3356 801 3436 patris,
816 3377 942 3440 regnum
962 3357 1106 3437 pertinet.
1154 3357 1229 3422 Tol-

152 3449 261 3510 lotnr:
276 3465 338 3506 non
346 3443 468 3524 primus
475 3461 604 3526 regnum
606 3440 762 3524 fraterno
774 3443 855 3506 coede
859 3444 992 3526 petiero.
1015 3444 1115 3507 Pater
1125 3449 1226 3526 sener',

152 3531 265 3614 etfitio
279 3531 359 3594 solus
373 3527 508 3602 orbatus
524 3529 562 3591 dc
575 3549 607 3590 se
618 3527 718 3610 magis
736 3526 865 3604 timebit,
880 3549 971 3613 quam
993 3538 1027 3592 nt
1037 3530 1111 3612 fittt
1128 3552 1228 3596 necem

152 3619 331 3683 ulciscatur.
379 3614 510 3677 Romam
523 3613 717 3689 latabantur,
726 3613 913 3696 probabunt,
927 3617 1091 3700 defendent
1090 3615 1227 3700 factum.

156 3705 223 3771 Ha
241 3724 309 3788 spes
328 3703 463 3776 incerta,
475 3709 579 3784 pater,
594 3700 649 3764 sed
669 3719 731 3763 non
753 3700 863 3764 inanes
875 3710 955 3765 mni.
978 3703 1026 3765 ito
1040 3704 1120 3767 enim
1134 3725 1167 3768 se
1179 3725 1229 3768 res

351 3831 361 3872 ¹
371 3846 534 3887 memmerunt
544 3840 620 3887 Grou.
632 3839 702 3889 θην.
772 3835 787 3875 ²
799 3839 854 3889 odd.
865 3853 954 3903 quoquc
965 3841 1031 3889 Eoed.

188 3960 349 4021 estimem·
360 3966 383 4006 et
394 3955 493 4020 duceri]
509 3960 572 4004 Puri
587 3961 676 4015 mente,
709 3970 760 4004 cnm
779 3957 812 4004 in'
825 3971 863 4004 me
882 3959 964 4006 cedere
984 3972 1056 4015 nego:
1076 3959 1137 4004 nihil
1154 3959 1180 4005 in
1199 3964 1229 4006 'ct

154 4034 229 4086 atque
244 4026 274 4072 nb
288 4026 354 4072 omni
369 4039 462 4072 veneno
478 4037 604 4085 pravorum
619 4036 675 4069 oon-
709 4023 772 4082 quod
783 4023 814 4068 sd
825 4037 863 4070 mo
874 4023 993 4083 pertinent
1003 4026 1114 4085 agnosco.

154 4091 263 4140 ciliorum
275 4090 374 4136 iniectu.
740 4085 839 4135 85‘Et
855 4089 896 4135 'ita
910 4087 969 4148 mm]
986 4087 1020 4134 Et
1036 4088 1071 4134 its
1086 4086 1190 4146 denium,
1200 4100 1229 4136 et

186 4163 219 4203 84
236 4155 293 4216 Ego
311 4157 414 4213 vernei
425 4153 545 4201 inmedio
560 4148 675 4214 ponitur]
708 4153 760 4199 tait
775 4154 952 4203 conditionem
968 4153 1019 4214 lege
1030 4158 1088 4214 opto
1105 4159 1133 4200 ut
1146 4167 1227 4214 super·

152 4223 208 4284 ugo
224 4235 291 4279 vcro,
302 4220 323 4266 si
342 4221 383 4267 iiis
401 4220 521 4266 monodia
538 4217 675 4280 cupiditatis
708 4223 756 4263 stes
772 4219 838 4278 putri
851 4219 907 4276 sim,
918 4218 938 4264 ei
954 4216 1071 4277 member,
1082 4224 1112 4265 ut
1127 4216 1177 4282 ipse
1190 4231 1228 4266 me

152 4288 221 4350 regni
239 4286 373 4334 communis
390 4283 505 4332 ambobus
522 4283 675 4343 relinquitur,
708 4283 858 4344 superstitem
870 4283 977 4334 sibime
988 4281 1054 4330 velit.

153 4353 202 4401 nisi
221 4351 305 4401 insin
324 4365 363 4399 mc
383 4350 525 4406 nominatim
545 4348 676 4406 continue,
