3104 4976
383 173 474 234 ura.
497 134 647 234 xxrrur.
675 173 776 235 cnr.
798 171 909 234 xurv.
1117 183 1173 245 rar

116 337 256 404 barbas*
276 336 402 410 et.²¹C.
420 336 606 408 Scribonius
628 337 759 415 cursor,
780 337 899 404 multos
919 336 1118 422 ”pecuum
1139 340 1181 411 ad

116 425 228 512 populi
244 423 404 512 judicium
422 423 642 492 adduxerunt:
665 437 729 490 tres
742 445 785 490 ex
799 423 849 488 his
870 423 1071 490 condemnati
1084 439 1180 508 auctr

117 535 158 579 ex
172 509 284 578 eorum
305 508 483 580 multaticia
503 509 788 597 pecunia²³aedem
810 510 844 574 in
865 510 968 578 insula
984 511 1088 576 Fauni
1100 512 1182 580 iece-

118 612 206 664 runt.
251 597 337 663 Ludi
358 597 493 682 plebeii⁶
506 618 565 683 per
579 597 712 662 biduum
734 597 909 675 instaurati,
924 608 956 662 et
976 598 1105 684 epulum
1123 598 1183 666 ibit

118 684 267 752 ludorum
286 705 407 751 caussa.
1057 725 1059 732 ·
1426 731 1428 736 ,

160 770 296 838 XLIII.
319 769 360 834 L.
377 768 524 836 Valerius
538 769 669 836 Flaccus
689 775 721 835 et
737 769 788 836 M.
806 767 947 848 Porcius,
963 793 1027 857 quo
1049 772 1101 838 die
1115 793 1221 845 metu.
1232 795 1341 860 casn,

117 857 286 944 gistratum
301 856 450 932 inierunt,
467 856 507 920 de
526 856 696 940 provinciis
710 878 808 942 quum
830 856 871 920 ad
893 871 1035 923 senatum
1058 859 1258 926 resultast-
1272 869 1325 942 ¹95·

117 957 194 1021 sent,
212 944 325 1010 Patres
339 955 541 1028 censuerunt,
558 941 657 1014 Quaem
676 946 710 1008 in
726 944 890 1026 Hispania
904 954 1022 1009 tantum
1040 927 1218 1039 glisceret}
1228 927 1332 1042 {232⁹

117 1031 236 1106 beilum,
253 1040 289 1094 ut
292 1029 363 1114 jans
378 1030 534 1094 amauri
547 1039 577 1093 et
591 1031 664 1094 duce
678 1039 707 1097 et
720 1032 855 1094 sancitu
868 1051 942 1114 opus
955 1035 1184 1114 sescuplum,
1192 1025 1259 1106 cia

117 1120 252 1190 mucules
266 1117 460 1200 Hispaniam
474 1116 643 1182 citeriorem
658 1125 688 1180 et
700 1117 829 1194 Italion
840 1118 1023 1200 prouincias
1036 1127 1092 1184 etet
1105 1141 1184 1184 conr-

112 1225 234 1287 purare
249 1205 334 1282 inter
347 1225 388 1280 se,
404 1211 459 1266 uret
471 1203 589 1266 sortiri.
639 1203 713 1270 Utri
723 1202 883 1284 Hispania
892 1203 1059 1285 prouincia
1069 1207 1330 1270 muana..

116 1301 169 1368 set,
180 1311 251 1356 cunc
259 1291 338 1364 dutus
351 1290 483 1373 legiones
493 1297 524 1352 et
537 1289 670 1373 quinque
679 1289 780 1354 millia
793 1287 903 1353 soeiim
915 1289 1033 1354 Latini
1041 1292 1183 1370 norninis,

117 1387 146 1442 et
157 1379 343 1462 quingentos
356 1376 471 1459 equites
483 1396 580 1442 recum
587 1385 729 1457 pertore,
739 1384 769 1439 et
779 1395 871 1440 nuces
879 1377 990 1460 longus
1003 1378 1118 1462 uiginti
1127 1379 1184 1444 du-

119 1485 192 1528 cere.
231 1461 325 1530 Aiter
337 1463 443 1534 nonnul
455 1463 532 1526 duas
543 1463 676 1546 legiones
685 1459 839 1528 surbac.
875 1462 943 1527 His
960 1461 1185 1548 Gallicmpro-

118 1549 253 1613 vinciam
266 1547 402 1612 obtineri
415 1549 492 1612 satis
506 1548 703 1632 esse,sruetis
711 1549 857 1630 pronimo
869 1569 953 1612 enno
967 1549 1139 1614 Insubrium
1154 1562 1186 1616 et

120 1637 268 1704 Boiorum
284 1635 409 1704 animis.
455 1633 537 1698 Cato
549 1631 752 1718 Hispaniam,
764 1632 910 1698 Valerius
923 1633 1046 1699 Italiam
1058 1646 1106 1698 est
1116 1657 1184 1700 sor·

120 1722 204 1788 titus.
253 1720 413 1786 Praetores
423 1717 537 1786 deinde
551 1719 730 1804 provincias
744 1719 857 1798 sortiti,
871 1719 910 1785 C.
923 1719 1087 1787 Fabricius
1103 1721 1185 1786 Lus-

121 1809 209 1874 cinus
225 1808 394 1882 urbanam,
411 1805 450 1870 C.
466 1806 590 1871 Atinius
604 1806 715 1872 Labeo
734 1828 810 1891 perc
834 1807 946 1884 sinam,
964 1806 1025 1874 Cn.
1041 1805 1185 1874 Manlius

121 1894 223 1962 Vulso
250 1893 403 1971 Siciliam,
420 1893 483 1978 Ap.
500 1891 653 1961 Claudius
669 1893 757 1957 Nero
780 1829 972 1978 Ifispaniam
992 1893 1185 1974 ulteriorem,

122 1981 158 2048 P.
185 1981 326 2056 Porcius
348 1979 445 2044 Laeca
466 1979 566 2056 Pisas,
587 1989 623 2044 ut
645 1979 686 2044 ab
712 1991 803 2081 tergo
824 1979 999 2068 Liguribus
1024 1992 1120 2047 esset:
1145 1980 1185 2048 P.

122 2067 267 2142 Manlius
278 2067 313 2131 in
326 2063 518 2150 Hispaniam
530 2065 706 2130 citeriorem
719 2064 846 2152 adjutor
856 2065 979 2132 consuli
991 2066 1096 2133 datur.
1141 2066 1185 2133 T.

120 2154 287 2231 Quinctio,
303 2151 454 2237 suspectis
467 2173 532 2216 non
547 2151 649 2218 solum
662 2151 824 2218 Antiocho
835 2165 867 2217 et
882 2151 1010 2232 AEtolis,
1022 2153 1185 2220 sedetiam

121 2240 250 2308 Nabide
272 2238 589 2306 Lacedoemoniorum
611 2251 756 2324 tyranno,
779 2253 986 2327 prorogatum
1007 2241 1041 2304 in
1064 2262 1185 2306 anuum

119 2327 290 2413 imperium
306 2337 363 2404 est,
378 2325 456 2390 duas
477 2324 618 2412 legiones
639 2337 675 2392 ut
690 2325 832 2390 haberet.
853 2326 995 2391 insessi
1011 2326 1097 2411 quid*
1110 2349 1186 2412 sup·

59 2467 72 2494 ν.
103 2455 107 2471 ι
118 2413 274 2499 plementi
295 2433 375 2496 opus
396 2423 485 2489 esset,
501 2415 645 2477 consules
666 2411 813 2488 scribere,
829 2423 861 2476 et
878 2412 1003 2478 mittere
1024 2413 1058 2477 in
1074 2411 1186 2478 Mace·

66 2515 73 2540 ²
119 2501 251 2574 doniam
261 2499 352 2586 jussi.
397 2499 461 2583 Ap.
477 2497 615 2564 Claudio
628 2510 746 2584 proeter
766 2498 936 2586 legionem,
952 2520 1046 2585 quarn
1063 2498 1107 2576 Q.
1124 2500 1186 2568 Fa·

119 2588 188 2652 bius
203 2584 372 2662 habuerat,
388 2583 454 2649 duo
469 2583 568 2653 millia
580 2585 724 2736 peditum
740 2600 772 2652 ct
785 2587 940 2652 ducentos
955 2587 1074 2673 equites
1085 2608 1185 2654 novus

119 2671 323 2740 conscribere
335 2671 534 2755 permissum.
608 2693 645 2736 ar
658 2693 807 2738 numerus
821 2672 964 2758 peditum
978 2674 1187 2760 equitumque

117 2781 278 2828 uovorum
301 2756 339 2822 P.
356 2755 482 2822 Manlio
503 2759 536 2821 in
558 2758 735 2823 citeriorem
759 2758 951 2842 Hispaniam
966 2759 1130 2824 decretus:
1153 2772 1187 2822 et

119 2848 202 2935 legio
217 2843 343 2920 eadem,
359 2865 431 2930 quae
445 2842 546 2908 luerat
557 2844 618 2909 sub
634 2843 782 2909 Minucio
801 2859 950 2928 praetore,
965 2843 1051 2908 data.
1088 2843 1131 2907 Et
1147 2843 1186 2908 P.

122 2933 238 2998 Porcio
256 2933 359 2996 Laecae
381 2928 422 2995 ad
438 2928 600 2997 Etruriam
624 2931 709 2995 circa
724 2930 813 2995 Pisas
834 2930 901 2994 duo
923 2928 1021 2994 millia
1043 2929 1187 3013 peditum

121 3034 152 3084 et
165 3017 335 3106 quingenti
350 3016 469 3118 equites
484 3037 527 3118 εκ.
539 3015 664 3082 Gallico
684 3016 824 3118 exercitu
846 3016 975 3082 decreti.
1020 3015 1060 3080 ln
1077 3014 1186 3086 Sardi·

121 3103 935 3268 nlallJffiHgalllrlbllribnlblesritlinilililillllrrligliofflrilgli
946 3190 1129 3276 priusquam
1143 3189 1187 3254 ab

121 3278 200 3344 urbe
226 3274 516 3360 proficiscerentur,
531 3295 588 3341 ver
609 3297 733 3340 sacrum
759 3298 800 3341 ex
824 3275 1012 3362 pontificum
1029 3277 1120 3363 jussu
1140 3275 1185 3342 fe·
1193 3289 1339 3366 vegetatum

121 3387 202 3442 cere,
217 3361 341 3449 ²⁴quud
356 3365 397 3428 A.
413 3360 580 3427 Cornelius
597 3362 777 3428 Mammula
796 3375 915 3449 praetor
935 3377 1064 3428 voverat
1077 3363 1119 3429 de
1137 3357 1286 3430 sse-fnolunt
1323 3385 1333 3410 ⁶

121 3466 215 3518 natus
236 3448 395 3518 sententia
415 3446 588 3533 populique
603 3449 791 3535 jussu‚÷Cn.
809 3449 952 3527 Servilio,
970 3449 1008 3514 C.
1026 3449 1186 3516 Flaminio
1194 3424 1262 3470 ⁰⁰⁸*

122 3535 315 3604 consulibus.
336 3534 429 3599 annis
451 3549 522 3620 post
547 3555 610 3604 uno
627 3547 659 3600 et
674 3535 786 3624 viginti
804 3533 924 3602 factum
946 3549 1003 3616 est,
1019 3559 1114 3624 quam
1129 3560 1186 3604 vo-

185 3693 362 3742 ²AEnolarius
371 3695 448 3741 Grou.
510 3689 588 3741 baud.
597 3693 723 3742 Munienses
732 3695 807 3740 Grou.
818 3693 886 3740 Cras.
950 3695 963 3726 θ
970 3693 1047 3755 plebis
1056 3695 1121 3743 End.

155 3847 246 3897 21⁸0.
262 3847 403 3896 Scribonius
422 3847 487 3893 mnia
507 3843 640 3910 munimus]
706 3852 736 3894 tt
753 3841 893 3909 Pecuarius]
920 3847 1063 3894 Puerorum
1079 3847 1187 3909 publico-

124 3911 641 3963 mcunousmuimoviu.uocantum.
672 3927 724 3960 rum
736 3913 902 3974 redemptores,
914 3913 1002 3973 utiam
1018 3913 1187 3961 aunomriruus

125 3985 147 4028 7-
180 3981 295 4028 &terum
311 3979 554 4040 suspicamur'voccm
570 3979 641 4024 m·
672 3978 795 4026 nixas.
1052 3997 1053 4004 κ
1241 4031 1245 4036 ¹

126 4046 188 4092 s'rrun
205 4045 246 4093 bic
263 4051 352 4092 tamma
369 4044 485 4104 adjectam
502 4057 562 4099 essa,
578 4049 604 4089 et
614 4041 641 4090 ei
705 4050 736 4092 tt
753 4043 842 4090 AEdem
857 4044 884 4090 in
901 4044 981 4091 imula
992 4038 1086 4106 Fauni]
1101 4041 1184 4088 Μαι

127 4110 200 4158 Uario
218 4123 354 4172 cognomen
372 4123 423 4156 essu
441 4107 570 4166 Scribonii,
590 4121 640 4155 nou
672 4109 1006 4157 Fauniiniusuia'l’iberiua

125 4173 222 4223 titulum
241 4173 376 4222 sacerdotii.
407 4173 504 4220 Etenim
516 4173 562 4220 boc
579 4177 643 4220 terum
705 4180 737 4221 2⁴
755 4174 826 4230 Quod
849 4175 882 4224 A.
911 4174 1032 4222 emetur
1050 4168 1185 4217 Mummio

126 4253 182 4300 poro
208 4242 332 4288 cunonem
360 4239 488 4286 maximum
515 4238 588 4286 luisse
611 4240 638 4285 C·
668 4236 875 4304 microcosmi]
890 4233 1185 4287 viduataradxxlr.

125 4305 259 4353 Mamilium
274 4301 385 4352 vitulum
401 4303 530 4366 apparebit.
547 4303 567 4350 si
582 4315 640 4351 oon·
673 4313 697 4356 9.
707 4318 784 4366 supra.

126 4369 186 4418 iem
196 4373 261 4420 inter
272 4385 298 4417 sc
309 4367 417 4419 XXVII.
430 4375 451 4416 t.
463 4367 562 4417 nxu1.
575 4375 613 4416 21.
