3136 4982
369 204 429 266 886
762 203 1038 267 T1T1L1v11
1092 213 1098 223 “

212 376 243 442 U,-
252 375 279 422 α
292 379 347 424 ³⁶⁵·
372 369 426 434 bic
447 367 553 454 pudor
567 366 794 455 malignitatem
806 366 891 448 vicit,
907 366 1359 458 triumphumquefrsqnentes
1372 369 1428 436 de·

211 441 280 518 4⁰2·
295 447 348 492 ¹⁸⁷·
373 470 552 522 creverunt.
596 454 762 538 Obpressit
776 453 891 518 deinde
901 453 1094 521 mentionem
1104 459 1353 544 memoriamuue
1363 479 1430 522 om·

305 531 307 548 ¹
373 565 448 608 uem
462 540 675 608 contentionis
688 540 781 626 hujus
796 540 895 626 majus
910 549 1024 606 etcum
1039 542 1158 628 majore
1171 556 1203 609 et
1217 544 1351 608 clariore
1364 539 1444 608 viro'

213 641 291 702 Scipio
299 640 363 687 Arri-
373 642 534 706 certamen
554 641 670 692 ortum.
716 627 752 692 P.
770 626 912 710 Scipioni
926 625 1076 693 Africano
1094 634 1143 712 (ut
1157 629 1303 695 Valerius
1318 631 1432 696 Antius
1543 673 1544 680 κ

213 720 360 753 anassem.
376 729 486 780 auctor
508 714 570 793 est)
592 713 657 778 duo
672 713 716 790 Q.
732 712 850 778 Petillii
870 713 953 778 diem
975 713 1203 793 dixeruntid,
1219 705 1316 802 prout
1329 718 1433 806 cujus·

215 777 286 819 ’Μ’
373 825 438 888 que
462 801 625 890 ingenium
653 811 730 877 erut,
759 797 1055 884 interpretabantur.
1099 800 1166 866 Alii
1195 825 1259 867 non
1287 803 1433 868 tribunos
1500 821 1504 830 ’

374 888 489 974 plebis;
518 886 573 952 sed
595 885 771 950 universam
792 886 962 962 civitatem,
978 886 1105 971 qusid
1127 889 1193 973 peti
1215 902 1329 972 posset,
1344 889 1435 954 incu-

373 975 497 1040 sabant.
541 974 633 1038 Duas
655 973 803 1038 nunninus
826 971 909 1036 orbis
930 981 1082 1037 terrarum
1103 975 1191 1040 nrbes
1211 979 1354 1060 ingratas
1374 997 1436 1058 pun

369 1083 472 1145 prope
485 1071 617 1142 tempore
631 1061 666 1124 ln
673 1060 833 1142 principes
843 1060 1002 1122 inuentos.-
1024 1060 1154 1124 Βοηιαηι
1166 1062 1366 1146 ingratior-em
1372 1097 1384 1135 ‚·
1408 1065 1437 1126 si

375 1149 496 1233 quidem
517 1148 600 1210 uicta
615 1145 778 1228 Karthago
792 1147 901 1208 uictum
916 1144 1175 1210 Hannibalemn
1189 1150 1328 1213 cnsilium
1342 1170 1437 1232 eapu—

376 1236 459 1301 lc'sset
465 1267 477 1306 ,·
501 1233 602 1298 Romo
616 1233 730 1302 victrin
743 1233 884 1296 uictorem
898 1230 1083 1315 Asrc'cunnm
1096 1235 1239 1316 cupellat.
1284 1234 1360 1312 Alii,
1372 1236 1436 1300 Ne·

263 1316 265 1325 ’
375 1323 486 1384 minem
500 1339 590 1382 unum
604 1320 695 1384 ciuem
709 1327 827 1384 tontum
849 1318 979 1382 minere
996 1317 1111 1395 dedere,
1123 1329 1158 1384 ut
1171 1320 1290 1406 legino
1304 1323 1436 1386 inemo-

372 1404 1177 1574 ttl·tttt⁰⁸⁸²‘t,ld‘tttttttlt'lull
1190 1427 1438 1569 tundunt

443 1517 453 1558 ι
1138 1539 1139 1542 ,
1169 1539 1179 1557 .

375 1588 443 1644 tuto
457 1513 730 1662 comunionem
748 1595 890 1644 nmmum
911 1576 1134 1658 rempublicam,
1144 1582 1296 1660 permitti,
1312 1581 1341 1643 si
1354 1583 1439 1644 ratio

372 1687 440 1728 non
461 1667 503 1728 sit
524 1664 707 1728 reddendo?
729 1665 784 1746 qui
792 1661 849 1746 jus
862 1683 978 1746 equum
1000 1665 1077 1744 pati
1099 1683 1160 1728 non
1179 1668 1290 1748 possit,
1314 1667 1350 1728 in
1372 1689 1439 1730 enm

378 1754 438 1818 nim
448 1752 534 1814 haud
543 1749 686 1834 injustum
701 1769 770 1814 esse.
816 1747 901 1812 Haeo
914 1747 1033 1834 agitata
1040 1750 1252 1832 sermonibus,
1261 1757 1362 1816 donec
1372 1752 1439 1817 dies

368 1836 523 1905 ‚dicendae
545 1856 664 1900 oeuuae
685 1833 780 1901 venit.
809 1854 869 1898 neo
889 1833 969 1898 alius
990 1847 1083 1899 antea
1104 1837 1281 1924 quisquam,
1304 1859 1366 1902 nec
1386 1839 1440 1904 ille

377 1924 445 2008 ipse
462 1921 571 2005 Scipio
584 1919 695 1986 consul
709 1941 857 1984 censorve
879 1919 1000 2005 majore
1018 1922 1120 1985 omnis
1134 1923 1258 2010 generis
1272 1924 1438 1990 hominum
1543 1969 1544 2000 ,

378 2008 565 2093 frequentia,
581 2027 676 2091 quam
698 2021 770 2070 reus
784 2005 840 2068 illo
854 2003 917 2081 die,
933 2005 1082 2071 inferum
1099 2021 1146 2072 est
1160 2009 1321 2076 deductus.
1366 2013 1439 2077 Jus·
1543 2005 1544 2018 ¹

379 2117 431 2158 sus
445 2093 549 2158 dicere
562 2113 716 2171 causeum,
731 2092 798 2156 sine
818 2090 883 2155 ulla
896 2092 1063 2177 criminum
1080 2095 1243 2160 mentione
1263 2099 1441 2163 orationem

332 2249 337 2258 ,
379 2180 459 2246 adeo
478 2178 679 2266 magnificam
701 2177 741 2242 de
762 2178 858 2244 rebus
873 2176 915 2242 ab
928 2201 961 2244 se
975 2179 1069 2262 gestis
1088 2193 1138 2247 est
1152 2203 1293 2260 exorsus,
1311 2200 1346 2249 ut
1366 2185 1441 2250 sutis

379 2279 548 2344 consturet,
576 2265 733 2330 neminem
760 2285 910 2350 umquam
935 2287 1038 2350 neque
1062 2266 1184 2345 melius,
1210 2289 1314 2354 neque
1330 2274 1441 2336 serius

296 2358 299 2365 ’
378 2353 541 2418 laudatum
557 2373 632 2416 esse.
674 2349 870 2416 Dicebantur
884 2350 967 2414 enim
988 2353 1028 2416 ab
1048 2352 1158 2416 eodem
1175 2357 1442 2445 animuingenio-
1543 2415 1544 2441 ,

381 2461 452 2524 que,
469 2461 566 2525 aquo
589 2450 677 2521 gesta
697 2449 802 2502 erent:
826 2450 858 2501 et
871 2436 1030 2501 ”aurium
1044 2438 1206 2504 fastidium
1228 2441 1347 2524 aberat,
1368 2447 1444 2532 quia

379 2539 440 2611 pro
453 2524 606 2610 periculo,
621 2545 685 2588 non
700 2523 893 2611 ingloriam,
906 2521 1130 2596 referebantur.
1318 2527 1321 2536 ’

217 2620 348 2697 resono
428 2611 486 2678 LI.
510 2609 648 2676 Tribuni
661 2609 761 2695 plebis
775 2609 916 2674 ⁸⁴veteru
928 2609 1065 2687 luxurius
1080 2612 1213 2678 crimine
1228 2616 1443 2702 Syracusano-

218 2699 361 2763 ¹⁰³301¹⁰¹¹·
385 2722 455 2766 rum
475 2698 693 2773 hibernorum,
709 2709 740 2760 et
753 2696 864 2760 Locris
880 2695 1112 2761 Pleminianum
1135 2699 1320 2779 tumultum,
1344 2727 1444 2790 quum
1542 2773 1543 2786 ¹

218 2757 335 2802 ustiones
384 2787 426 2852 ed
447 2785 544 2856 fidem
565 2783 767 2868 praesentium
791 2782 961 2848 criminum
984 2784 1180 2862 retulissent3
1211 2789 1443 2874 suspicionibus

382 2872 493 2958 magis,
509 2893 606 2956 quam
626 2869 830 2956 argumentis,
847 2869 990 2954 pecuniae
1009 2882 1111 2954 captae
1132 2893 1221 2936 reum
1243 2893 1445 2943 accusarunt.

382 2952 509 3026 Filium
521 2967 641 3040 captum
662 2959 729 3019 sine
746 2956 851 3038 pr'ets‘o
873 2957 1035 3032 redditum,
1046 2958 1243 3047 omnibusque
1264 2965 1339 3028 otiis
1356 2966 1447 3030 rebus

380 3047 563 3128 Scipionern,
579 3053 732 3126 tanquam
748 3043 782 3106 in
796 3041 859 3125 ejus
872 3044 963 3106 nnius
976 3063 1069 3106 mann
1079 3053 1149 3126 pan
1162 3047 1306 3113 nomana
1321 3050 1446 3116 &durn-

378 3153 440 3216 qne
454 3129 591 3206 essetab
605 3128 757 3194 Antiocho
777 3129 900 3192 nutum.
942 3129 1136 3194 Dictatorem
1152 3153 1222 3196 >eun
1243 3139 1370 3214 consedi,
1386 3159 1447 3202 non

382 3221 524 3302 legatum,
540 3217 574 3278 in
588 3216 753 3298 provincia
762 3214 884 3298 suisse-
897 3235 962 3278 *nec
975 3217 1019 3278 nd
1032 3218 1128 3279 uliam
1141 3238 1206 3282 rem
1220 3242 1254 3283 eo
1262 3223 1446 3308 prestetum,

383 3326 473 3388 quum
487 3313 530 3378 nt,
547 3303 582 3366 id
595 3303 676 3386 qnod
689 3302 865 3382 Hispania,
879 3299 1007 3376 Gallice,
1022 3303 1150 3380 Siciliae,
1170 3305 1293 3392 Africa
1306 3307 1448 3394 jampri-

383 3394 449 3454 dem
462 3409 635 3472 persuasum
650 3397 734 3463 esset,
749 3387 803 3450 hoc
816 3385 949 3454 Groeciae
963 3387 1106 3472 Asiaeqne
1127 3401 1157 3454 ct
1175 3394 1311 3459 omnibns
1324 3399 1370 3458 ad
1382 3401 1448 3462 ori·

384 3487 480 3540 entem
494 3475 519 3514 ⁸⁵
528 3476 640 3540 uersis⁰
654 3473 774 3558 regibus
784 3473 982 3556 gentibusque
989 3475 1155 3556 adpareret
1160 3512 1172 3550 ,·
1196 3499 1287 3543 unum
1297 3483 1448 3548 hominnm
1540 3521 1542 3540 r

384 3571 476 3644 capnt
490 3563 691 3648 columenque¹
701 3561 826 3642 imperii
840 3559 976 3624 Romam
994 3581 1074 3626 esse:
1097 3563 1150 3628 sud
1171 3567 1277 3628 unsbrc
1291 3569 1451 3652 Scipionis

384 3650 536 3713 civitatem
562 3649 714 3711 dominum
737 3646 820 3710 orbis
840 3655 992 3710 terranem
1017 3649 1134 3713 lutere:
1158 3661 1282 3728 nutant
1303 3651 1369 3737 ejus
1387 3679 1450 3740 pro
1541 3673 1542 3714 r

640 3789 653 3815 ⁰
663 3799 744 3832 ceraue
753 3775 827 3832 dnn
841 3787 908 3832 Cres.
1019 3791 1116 3836 ruerus
1123 3789 1188 3862 Eud,

415 3906 448 3946 οἳ
457 3897 547 3946 'Pocae
562 3899 639 3947 dicere
655 3897 763 3964 cuneum]
779 3901 851 3950 Posse
861 3915 899 3968 ao·
931 3917 1002 3964 supra
1009 3903 1107 3952 XXIX.
1119 3911 1156 3956 19.
1167 3909 1192 3952 et
1203 3921 1267 3970 seqq.

385 3965 471 4012 ausari.
772 3951 790 3984 ⁸
964 3975 993 4016 85
1014 3969 1102 4016 Vernus
1119 3969 1226 4036 regibus]
1243 3971 1356 4034 Testatus
1369 3973 1452 4025 Hear-

418 4028 581 4077 88'Aurc‘rnn
591 4029 725 4091 fastidiunt
736 4030 828 4094 about]
847 4031 899 4080 Nec
931 4034 984 4080 nius
1001 4033 1071 4082 MSS.
1083 4041 1108 4082 et
1124 4027 1212 4084 eeter'as
1228 4037 1453 4100 editioueejltpbere

384 4095 532 4142 audientium
549 4111 616 4142 aures
633 4097 828 4156 aspernabantur,
846 4112 899 4161 gre·
930 4101 1011 4145 uersis.
1046 4093 1374 4164 Eteonsent'iiuoster'vist.
1389 4105 1452 4156 Non

383 4161 501 4208 vehantur
524 4161 585 4208 hanc
610 4161 769 4208 laudationem
792 4161 822 4206 ab
845 4163 896 4222 ipso
929 4165 1085 4212 sustinuimus
1105 4173 1186 4214 temen
1204 4171 1295 4232 mutpre
1312 4171 1453 4228 Gronoviu-

383 4225 492 4287 Soipiono
503 4226 545 4272 sibi
556 4227 650 4274 dictum.
929 4243 1012 4276 nerum
1024 4231 1154 4278 editionum
1165 4233 1365 4296 lectionemque
1375 4238 1452 4292 uehis

417 4299 447 4336 84
455 4291 468 4317 '
477 4292 596 4338 Vetera..
608 4326 613 4339 .
624 4286 738 4352 crimina]
756 4291 792 4336 De
804 4291 841 4336 bis
854 4293 898 4337 cri-
930 4296 1001 4360 longe
1012 4297 1140 4360 elegantior
1151 4299 1251 4353 ridetur.

293 4389 295 4394 .
383 4355 553 4404 minationibus
571 4353 595 4404 in
612 4357 745 4422 Scipionem
757 4357 806 4412 ogit
816 4355 897 4418 Livius
1090 4360 1095 4368 '
