3104 4976
380 163 437 222 108
770 161 884 222 TITI
912 161 1047 226 LIVII

217 331 354 402 ,tic-³⁶&
377 347 441 392 mos
458 311 641 404 mdouomt,
659 311 924 428 ,adfinitimomm
943 335 1039 392 moires
1059 334 1327 390 mummcturom.
1372 323 1444 391 His

216 398 286 446 Μ·
298 403 354 448 ¹⁹⁷·
377 411 476 478 literis
497 413 746 500 ²sMrSerg10
769 411 923 490 Praetore,
944 414 1034 500 cujus
1049 412 1229 499 Jurisdictio
1250 411 1336 477 inter
1353 413 1442 478 cives

378 512 456 576 eret,
480 499 631 578 recitatis,
657 498 865 565 decreverunt
888 500 1010 592 Renes,
1032 513 1079 577 ut,
1105 497 1239 564 comitiis
1262 511 1441 586 praetorum

374 583 532 670 perlectis,
561 586 614 650 cni
645 587 777 672 prsetori
811 586 973 669 provincia
1003 585 1162 671 Hispania
1192 585 1383 667 obuenisset,
1411 585 1442 649 is

375 671 481 756 primo
495 693 624 758 quoque
637 685 780 759 tempore
794 672 835 738 de
849 671 933 738 bello
950 672 1115 762 Hispanico
1126 670 1169 737 ad
1182 684 1326 738 senatum
1340 669 1441 737 refer-

369 769 435 822 ret.
605 795 609 802 ·

217 854 360 902 assueri
421 843 542 908 XXII.
567 842 634 908 Sub
661 844 745 910 idem
776 857 901 932 ternpus
930 841 1075 910 consules
1106 845 1243 910 Romam
1274 842 1441 909 venerunt.

213 921 361 1042 {ffiffr’
378 931 542 1030 quibus-in
563 929 633 994 oede
648 931 791 997 Bellonae
813 941 957 997 senatum
979 930 1177 1008 habentibus,
1192 930 1441 1034 postulantibus-

214 1050 362 1161 ΨΜ
378 1017 1442 1191 tttt'tttitttlttrttt‘tttsstlttttttritt?

375 1189 443 1275 pho
456 1205 587 1273 agerent
608 1193 761 1273 consules,
775 1190 987 1277 postularunt.
1008 1211 1187 1255 communem
1207 1211 1240 1255 se
1257 1191 1439 1254 relationem

376 1280 415 1341 de
424 1299 461 1342 ea
472 1278 589 1359 refieri
600 1297 662 1341 nou
669 1299 826 1364 passuros,
838 1299 947 1362 mepor
957 1279 1051 1342 homos
1059 1280 1094 1340 iu
1102 1279 1228 1360 dispari
1237 1278 1345 1342 mrito
1353 1286 1440 1343 esset.

376 1362 551 1450 Quumque
577 1361 741 1429 Minucius
765 1365 893 1451 utrique
916 1363 1115 1450 provinciam
1137 1361 1262 1427 Italiam
1285 1360 1440 1450 obtigisse

376 1448 506 1527 diceret,
535 1451 697 1514 communi
725 1450 833 1516 animo
860 1448 1055 1536 consilioque
1083 1471 1117 1514 ee
1144 1461 1177 1514 et
1205 1447 1358 1534 collegam
1388 1469 1440 1514 res

376 1539 523 1622 gessisee3
547 1537 715 1601 Cornelius
736 1536 895 1623 adjiceret,
911 1538 1007 1602 Boios
1025 1533 1174 1600 adversm
1194 1557 1228 1600 se
1244 1535 1440 1624 transgredi·

376 1635 464 1688 entes
488 1621 622 1700 Padum,
642 1636 678 1688 ut
701 1623 888 1689 Insubribus
910 1622 1163 1709 Cenomanisque
1183 1621 1302 1688 auxilio
1323 1633 1439 1703 essent,

376 1707 591 1796 depopulante
611 1709 697 1775 vicos
722 1731 833 1775 eorum
858 1721 954 1796 atque
974 1729 1068 1796 agros
1091 1707 1222 1796 collega,
1243 1707 1283 1772 ad
1310 1731 1367 1773 sua
1386 1719 1440 1773 tn·

376 1795 459 1860 enda
476 1817 600 1859 aversos
625 1817 710 1872 esee3
732 1797 868 1860 Tribuni
890 1819 939 1861 res
961 1805 1068 1861 tamtus
1090 1795 1168 1860 teus
1180 1796 1307 1880 gessisse
1323 1797 1441 1860 Corne-

375 1884 449 1946 lium
470 1880 573 1958 fateri,
588 1891 623 1944 ut
643 1903 706 1944 mom
726 1884 824 1966 magis
841 1884 881 1946 de
900 1882 1054 1966 triumpho
1067 1880 1141 1966 eiru,
1155 1901 1246 1966 quam
1267 1884 1305 1946 de
1324 1883 1442 1946 homme

376 1970 454 2032 Diis
469 1967 681 2031 inmortalibus
700 1968 839 2032 habendo
853 1969 992 2032 dubitari
1008 1968 1133 2051 possut
1180 1969 1251 2032 Nom
1267 1977 1370 2032 tomen
1383 1989 1440 2032 mec

375 2055 471 2128 illum,
487 2075 542 2117 uec
555 2075 730 2139 quemquam
744 2056 840 2118 olium
853 2057 945 2119 civem
959 2063 1077 2118 tontum
1088 2055 1199 2138 gratio
1219 2064 1311 2140 otqroe
1331 2053 1440 2136 opibus

375 2142 516 2220 valuisse,
544 2149 590 2221 ut,
612 2161 701 2224 quum
728 2139 848 2205 sibimet
874 2141 1057 2224 triumphum
1086 2143 1287 2225 impetrasset,
1314 2143 1440 2226 collegoe

375 2228 506 2291 eumdem
520 2227 663 2290 honorem
677 2228 858 2310 impudenter
872 2227 993 2310 petenti
1006 2228 1104 2293 daret.
1151 2225 1192 2303 Q,
1206 2227 1380 2292 Minucium
1402 2228 1439 2290 im

378 2312 543 2398 liguribus
562 2315 644 2377 levio
660 2315 788 2397 perolio,
804 2316 858 2378 nir
871 2315 971 2400 digno
988 2314 1220 2398 dicuufeoissc:
1242 2312 1299 2378 ’im
1323 2311 1438 2377 Gallio

373 2421 514 2484 maguum
529 2420 682 2465 numerum
695 2401 826 2466 militum
839 2401 984 2465 omisisse.
1029 2399 1253 2464 Nominabant·
1266 2398 1360 2464 etiam
1380 2399 1440 2464 tri-

374 2485 477 2550 bunos
501 2484 638 2550 militum
663 2485 708 2551 T.
728 2485 924 2564 Juventium,
943 2502 976 2550 et
999 2485 1053 2552 (3.α
1074 2484 1257 2550 Labeonem
1280 2486 1346 2588 ejus
1371 2485 1439 2552 lsa-

279 2597 281 2604 ⁴
371 2585 465 2650 trem,
481 2572 534 2659 qui
550 2570 680 2638 adversa
700 2593 810 2658 pugna
830 2594 903 2638 cnm
925 2570 1032 2636 multis
1050 2570 1119 2636 aliis
1133 2571 1208 2640 viris
1229 2571 1375 2649 fortibus,
1390 2573 1436 2636 ci·

373 2657 465 2723 vibus
484 2680 529 2723 sc
542 2659 647 2736 sociis,
663 2659 856 2726 cecidissent.
903 2660 1091 2742 oppidorum
1107 2679 1276 2743 mutorum
1297 2681 1335 2723 ao
1356 2660 1438 2724 vico·

373 2746 566 2830 rumfolsas,
581 2756 611 2810 et
628 2748 663 2810 in
684 2756 800 2830 tempus
817 2747 987 2822 simulatas,
1007 2743 1096 2810 tsine
1115 2747 1180 2822 ullo
1193 2745 1327 2830 pignore
1347 2747 1437 2812 dedi-

371 2833 592 2918 timefactus
609 2853 680 2898 esse.
726 2831 792 2896 Hae
816 2833 898 2897 inter
919 2829 1062 2896 consules
1076 2831 1282 2917 tribunosque
1302 2830 1437 2898 alterca-

372 2920 473 2988 tiones
488 2918 621 2984 biduum
636 2931 817 2996 tenuerunt,
832 2919 969 3006 victique
985 2917 1219 3010 perseverentia
1232 2916 1435 2984 tribunorum

373 3005 519 3072 consules
534 3006 702 3090 separatim
718 3005 903 3072 retulerunt

416 3092 556 3156 XXIII.
580 3091 637 3156 C.‘¹
650 3091 801 3157 Cornelio
815 3092 958 3156 omniurn
980 3113 1135 3157 consensu
1156 3092 1299 3157 decretus
1321 3094 1437 3159 trium-

372 3179 465 3266 phns.
477 3191 508 3243 et
519 3177 694 3242 Placentini
705 3177 997 3266 Cremonensesque
1006 3179 1199 3244 addiderunt
1207 3178 1348 3244 favorem
1360 3201 1437 3244 con·

372 3265 443 3342 suli,
458 3265 575 3353 gratias
600 3275 728 3351 agentes
751 3279 1105 3353 commemorantesque,
1128 3265 1292 3332 obsidione
1313 3288 1347 3330 se
1370 3289 1437 3332 esse
1522 3329 1523 3334 ,

371 3351 413 3417 ab
427 3351 641 3416 eo'Iiberatos.
662 3350 828 3436 plerosque
848 3352 954 3430 etiarn,
970 3373 1069 3440 quum
1090 3353 1176 3437 apud
1197 3352 1305 3418 hostes
1318 3364 1434 3432 ament,

371 3437 542 3504 ‘servitute
570 3449 730 3524 exceptos.
775 3435 819 3513 Q.
845 3437 1021 3522 Minucius,
1046 3449 1168 3505 tentata
1198 3450 1325 3505 tantum
1353 3438 1436 3523 relu-

450 3611 608 3662 ·M'.Gron.
621 3613 692 3664 Cres.
743 3611 928 3681 ulwurm
993 3618 1060 3666 ‘Gru
1072 3615 1138 3666 Eoi.
1202 3615 1272 3666 dds.
1282 3589 1397 3666 (luen.¹

405 3783 417 3822 t
436 3775 608 3840 simmia
616 3787 728 3842 pretore,
737 3781 885 3846 cujurjurie-
915 3783 1054 3846 precedunt
1062 3781 1153 3830 mentIo
1163 3781 1226 3829 iacta
1237 3774 1291 3829 ests

370 3843 445 3890 dictio
456 3845 520 3891 tuter
534 3846 596 3892 aves
607 3841 671 3910 erat]
686 3845 735 3894 Hic
751 3847 809 3896 oIirn
824 3849 885 3905 lege·
948 3849 1054 3898 statne
1073 3849 1123 3895 ullo
1139 3842 1254 3910 pignore]
1275 3845 1315 3892 Its
1332 3847 1363 3892 ut
1383 3843 1436 3891 hcc

347 3906 521 3968 bremme
536 3912 632 3962 eiumet
645 3912 792 3973 peregrim.
824 3914 887 3960 Gm·
917 3915 1078 3976 oppidaque
1100 3929 1151 3962 sese
1171 3913 1319 3967 dediderunt,
1340 3910 1437 3957 nullan
1519 3911 1520 3920 ¹

370 3975 524 4022 noviusdnas
540 3975 716 4024 ultimssvooes
728 3978 884 4025 meritodeie-
916 3981 971 4030 fidei
986 3978 1211 4042 pignnsdedissent
1245 3976 1368 4024 Nimirum
1380 3975 1437 4036 quis

369 4041 421 4100 rit,
436 4055 508 4102 quum
520 4045 613 4090 constet
623 4055 653 4088 ex
664 4057 685 4091 c.
697 4048 736 4090 28.
748 4043 766 4091 1.
775 4043 885 4091 xxxn.
917 4046 1033 4094 stmnlatae
1043 4050 1111 4092 erant
1125 4045 1173 4091 ille
1183 4042 1326 4100 deditiones,
1338 4041 1434 4088 nntium

369 4106 477 4168 Sergium
497 4109 611 4156 urbanam
629 4107 819 4168 jurisdictionem
841 4110 885 4157 be·
917 4125 962 4157 nec
984 4109 1088 4158 Rornsru
1114 4123 1205 4167 agere
1226 4111 1365 4170 potassent,
1389 4118 1435 4152 nee

369 4171 456 4221 baisse.
916 4173 1386 4238 ligurudsrevolnemuttdeipignns·

401 4245 416 4284 Ω
432 4239 466 4285 In
479 4237 560 4286 Gallia
573 4253 689 4301 mgnum
704 4253 828 4288 numerum
838 4239 884 4286 mi·
948 4249 963 4288 4
979 4241 1100 4287 Servitute
1108 4235 1226 4304 suceptor]
1240 4237 1328 4290 Melius
1339 4238 1435 4286 Grono-

367 4303 440 4350 ls'tum
449 4303 568 4368 omisisse]
589 4305 682 4354 Debeo
696 4306 793 4353 sdversa
803 4305 884 4353 Mina·
915 4305 978 4367 vius,
989 4311 1112 4372 mmsptos.

367 4368 398 4415 cii
409 4383 463 4418 cun
473 4372 548 4421 Gallis
564 4385 645 4436 pugna
662 4372 729 4422 nulls
744 4373 770 4420 io
788 4372 817 4421 iis
832 4386 884 4432 qua
