3082 4976
340 741 618 882 sslsomn
655 801 831 885 LIBRI
867 797 960 886 xL.

551 1019 755 1063 -0—

114 1207 276 1301 QUUM
285 1187 453 1312 Philippus
474 1229 607 1296 ¹liberos
629 1253 740 1309 eorum,
764 1253 838 1316 quos
858 1233 1021 1309 occiderat,
1038 1235 1188 1318 ¹conquiri

116 1309 234 1386 obsides
236 1313 389 1398 jussisset,
405 1318 578 1395 Tbeouena,
586 1339 649 1401 pro
663 1319 769 1388 liberis
782 1321 888 1383 suiset
900 1321 1012 1382 sororis
1025 1322 1186 1400 admodum
1277 1335 1279 1340 '
1324 1397 1327 1406 ¹

108 1401 218 1478 pueris
229 1403 330 1464 verita
344 1405 427 1488 regis
437 1403 606 1480 libidinem,
619 1406 756 1486 prolatis
770 1407 804 1468 in
815 1407 944 1468 medium
955 1407 1074 1490 gladiis
1086 1417 1118 1470 et
1125 1425 1186 1488 po-
1283 1405 1287 1411 ’

115 1487 192 1562 aulo,
209 1488 244 1550 in
266 1509 324 1570 quo
346 1499 413 1552 erat
434 1505 588 1567 uenenum,
604 1493 703 1564 suasit
724 1493 774 1568 iis,
790 1501 827 1555 ut
846 1492 998 1556 inminens
1018 1489 1186 1576 ludibrium

114 1583 209 1644 morte
222 1571 410 1660 effugerent.-
427 1579 516 1660 quod
535 1599 624 1660 quum
641 1579 854 1659 pnsuasisset,
870 1580 940 1660 ipsa
962 1599 1071 1642 seeum
1086 1580 1186 1662 oiroe

113 1661 331 1724 nauiinmare
338 1664 565 1745 precipitavit.
597 1665 777 1728 Certamino
789 1666 871 1728 inter
878 1665 1185 1746 PbilippiMaoedo·

114 1745 178 1808 uia
188 1748 274 1832 regis
284 1747 395 1815 liberos
411 1751 525 1812 Persen
540 1759 570 1814 et
585 1749 772 1817 Demetrium
786 1751 979 1833 referuntur.-
1003 1760 1033 1814 et
1046 1760 1081 1814 ut
1081 1751 1185 1834 frou-⁴

113 1833 151 1900 de
159 1831 285 1915 fratris
305 1837 355 1908 sui
369 1837 545 1900 Demetrius
566 1838 700 1922 confictis
712 1832 900 1914 criminibus,
917 1839 1000 1900 inter
1013 1855 1082 1920 qnia
1095 1859 1184 1902 aomo

112 1919 233 1990 satione
247 1923 423 2002 parricidii
437 1932 467 1985 et
480 1923 631 2007 adseclam
644 1925 744 2008 regni,
756 1923 890 2006 primum
906 1925 1035 2005 petitus,
1051 1926 1096 1986 ad
1108 1927 1185 1994 otti}

112 2025 200 2082 mum,
213 2010 357 2090 quoniam
368 2010 481 2092 populi
489 2009 627 2079 Romani
636 2011 750 2074 amicus
765 2018 843 2086 erat,
860 2030 973 2073 veneno
984 2020 1107 2074 necatus
1118 2019 1186 2086 est,·1

109 2112 235 2174 regnum
258 2093 498 2159 ueMacedonia
505 2097 1089 2182 mortuoPlilthrpoadPersendeoenit.
1103 2098 1184 2162 Item

110 2199 160 2241 res
173 2179 207 2242 in
257 2181 394 2264 iguribus
408 2192 438 2253 et
454 2182 488 2246 in
503 2183 667 2265 Hispania
681 2193 789 2246 eontra
807 2183 972 2262 Celtiberos
987 2205 1007 2244 a
1018 2187 1184 2266 compluri-

110 2265 319 2350 noscitetur
328 2278 433 2352 gestos
453 2270 595 2332 continet.
641 2268 736 2331 Libri
749 2268 861 2330 Numa
874 2270 1028 2352 Pompilii
1048 2273 1083 2332 ln
1105 2284 1182 2356 ogro

109 2351 152 2415 L.
168 2353 293 2419 Petillii
305 2355 414 2418 scribae
423 2353 477 2420 sub
487 2356 633 2420 ,Ianiculo
648 2375 669 2416 o
683 2355 849 2418 milioribus
862 2357 949 2438 agri,
961 2359 995 2418 in
1007 2377 1082 2420 orco
1096 2359 1181 2442 lapi·

110 2439 170 2502 deo
183 2441 291 2516 clozesi,
308 2449 339 2503 et
355 2439 464 2504 Graeei
478 2450 508 2504 et
523 2440 647 2516 Latini,
664 2441 783 2504 inventi
803 2449 892 2517 suut3
915 2443 949 2505 in
963 2442 1070 2526 quitis
1090 2465 1180 2526 quum

102 2526 211 2606 pluro,
227 2547 296 2610 qua
306 2527 565 2592 dissolvendarum
579 2529 773 2611 religionum,
783 2536 914 2609 prator,
926 2530 970 2590 ad
983 2549 1068 2616 quem
1082 2532 1182 2594 delati

107 2622 207 2688 nont,
222 2614 354 2698 legisset,
359 2609 487 2696 juravit
499 2614 631 2689 senatui,
647 2622 756 2676 contra
770 2613 985 2695 rempublicam
1000 2637 1072 2692 esse,
1086 2627 1123 2680 ut
1136 2617 1180 2681 le-

107 2709 255 2783 gerentur
264 2710 531 2784 seruat-enturque:
548 2709 577 2763 et
587 2721 625 2762 eu
632 2701 889 2763 senatusconsulto
898 2702 931 2763 in
939 2703 1072 2767 Comitio
1080 2707 1181 2772 enuisti

107 2793 188 2848 sunt.
227 2787 358 2850 Colonia
379 2786 526 2872 Aquileia
550 2787 680 2850 deducta
699 2795 754 2849 est.
789 2785 968 2868 Philippus,
992 2790 1180 2872 egritudine

107 2872 208 2934 animi
221 2873 381 2956 confictus,
397 2875 479 2956 quod
493 2871 914 2956 Demetrium-filiumfolsis
925 2875 1036 2954 Persei
1050 2877 1180 2941 alterius

93 2959 170 3040 filii
183 2959 389 3030 delationibus
404 2961 551 3042 inpulsus,
567 2979 681 3023 ueneno
695 2959 873 3033 sustulisset,
889 2967 919 3020 et
933 2961 971 3022 de
986 2981 1082 3041 poeno
1099 2965 1178 3026 Per-

108 3048 154 3108 sei
173 3047 337 3130 cogitavit,
355 3047 509 3130 voluitque
523 3046 713 3130 Antigonum
730 3045 838 3128 potius
860 3047 988 3107 amicum
1008 3067 1092 3114 suum
1113 3070 1178 3112 sue·

105 3153 247 3200 cessorem
268 3134 360 3218 regni
372 3133 422 3204 sui
435 3135 622 3216 relinquere.
666 3131 729 3195 Sed
749 3133 783 3195 in
797 3131 856 3194 bac
872 3132 1062 3216 ,cogitatione
1082 3145 1179 3200 morte

107 3221 217 3300 raptus
230 3229 283 3284 est.
306 3241 430 3303 regnum
445 3221 578 3284 Perseus
591 3219 734 3302 excepit·

143 3422 151 3460 l
173 3417 271 3464 Liberos
295 3434 375 3465 earum
400 3435 456 3482 quoe
478 3421 505 3468 in
524 3417 626 3464 uinculis
658 3417 742 3472 gitims
757 3417 796 3466 sit.
830 3415 941 3478 Legimus
960 3416 1119 3464 nobilissimos
1136 3420 1175 3466 bo·

107 3481 307 3531 nobilissimorum
317 3485 439 3531 liminium
450 3481 560 3543 babebat]
571 3483 625 3528 Du·
657 3481 741 3530 minem

107 3548 210 3598 ditonus
220 3563 252 3600 un
261 3549 311 3597 hm
322 3551 446 3600 vetitorum
459 3556 580 3600 structura
590 3550 622 3596 le-
