3126 4978
446 169 723 266 Llurxxxvu.
740 169 853 232 ‘CAR
873 171 930 232 XI.
1155 163 1240 254 287¹

156 348 315 428 ageretur,
331 337 488 402 incertum
507 347 604 414 metu,
620 355 661 400 an
683 355 760 422 arga
785 357 859 401 suos
884 331 971 400 haud
996 334 1119 404 sincera
1139 331 1214 414 lide,
1224 347 1377 398 utana·
1550 405 1552 413 A

111 463 118 477 ι
156 425 265 490 omnia
281 425 412 510 aperit:
449 424 580 488 classem
608 423 795 486 instructam
824 435 1037 508 paratamque
1059 422 1092 486 iu
1120 415 1366 506 portabam·
1458 429 1460 435 '

157 525 257 578 stare:
280 509 483 598 ³³remigium
508 530 603 573 ornus
618 507 820 595 Magnesiam
842 508 884 574 ad
901 508 1046 595 Sipylum
1071 509 1216 573 missums

156 619 331 684 perpaucas
342 619 438 662 nares
450 595 620 660 subductas
635 617 711 670 esse,
726 594 792 660 3⁴et
806 595 930 659 navalia
941 596 1021 684 tegi:
1043 615 1220 679 numquam

157 685 310 750 intentius
337 705 405 748 rem
433 681 574 746 naualem
598 681 847 746 administratam
872 704 950 746 esse.
996 681 1081 746 Haec
1102 701 1143 744 ne
1161 701 1222 766 pro

157 770 240 836 veris
259 770 455 846 audirentur,
471 769 594 832 animus
607 783 725 832 ‘errore
745 780 777 833 et
798 790 854 853 spe
875 790 955 832 vana
980 779 1222 852 praeoccupatus
1285 794 1290 798 ¹

156 854 241 922 fecit.
288 853 510 942 Polyxenidas,
540 854 614 919 satis
650 851 797 918 omnibus
826 855 1027 940 comparatis,
1052 867 1146 919 nocte
1164 869 1223 917 ‘re-

157 942 244 1030 mige
258 966 279 1006 a
294 941 462 1028 Magnesia
492 941 649 1018 arcessito,
673 940 879 1026 deductisque
902 941 1030 1026 raptim,
1055 963 1133 1028 quae'
1149 940 1224 1005 sub-

159 1028 266 1094 ductae
288 1041 388 1109 erant,
403 1028 546 1104 navibus,
560 1026 693 1112 ³⁵quum
715 1019 801 1092 die'm
826 1049 892 1092 uon
917 1041 982 1092 tam
1011 1030 1044 1092 in
1068 1027 1224 1112 adparatu

158 1115 371 1200 absumsisset,
402 1135 497 1200 quam
526 1113 613 1200 quod
641 1113 781 1200 conspici
809 1113 1060 1198 proficiscentem
1093 1113 1224 1179 classem

159 1201 290 1266 nolebat
297 1225 307 1278 3
329 1213 403 1285 post
416 1201 490 1265 solis
511 1221 657 1265 occasum
683 1200 845 1284 profectus
868 1202 1071 1288 septuaginta
1091 1201 1224 1282 naribus

159 1288 262 1365 tectis,
285 1300 380 1352 vento
409 1287 551 1364 adverso,
581 1299 655 1352 ante
677 1286 779 1352 lucerii
807 1287 927 1374 Pygela
955 1303 1082 1373 portum
1112 1287 1224 1352 tenuit.
1232 1295 1295 1343 Eam
1306 1294 1389 1372 inas·

160 1375 219 1440 ubi
241 1396 340 1460 quum
366 1373 504 1438 interdiu
520 1373 569 1437 ob·
585 1372 728 1438 eamdam
755 1395 897 1448 caussam
925 1375 1069 1458 quiesset,
1083 1387 1178 1438 nocte
1191 1366 1286 1473 ἱιιωξ1
1297 1361 1377 1422 ⁰¹'P‘'·

161 1462 311 1548 prcxima
332 1461 447 1525 Samiae
477 1474 570 1524 terrae
598 1458 734 1544 trajecit.
779 1459 870 1524 Hinc
898 1459 1063 1525 Nicandro
1086 1440 1290 1547 quodamm'

162 1547 355 1634 archipirata
368 1546 532 1632 quinque¹l
545 1545 678 1610 navibus
693 1546 782 1610 tectis
799 1545 982 1612 Palinurum
1003 1547 1094 1633 jusso
1108 1559 1227 1632 petere,

162 1646 260 1720 atque
274 1634 347 1698 inde
360 1647 507 1708 armatos,
524 1653 588 1718 qua
607 1633 789 1716 proximum
806 1653 863 1717 per
876 1655 970 1720 agros
984 1631 1044 1698 iter
1059 1645 1148 1711 esset,
1166 1632 1228 1697 Pa·

145 1741 313 1784 normum
337 1718 379 1784 ad
404 1730 529 1805 tergum
556 1717 693 1782 bostium
724 1719 847 1797 ducere,
870 1721 945 1805 ipse
966 1719 1105 1796 interim,
1131 1719 1230 1784 classe

155 1806 274 1884 divisa,
287 1817 323 1869 ut
337 1827 378 1870 ax
393 1817 527 1892 utraque
541 1820 632 1889 parte
646 1804 750 1879 fauces
760 1818 873 1890 portus
885 1819 1016 1885 teneret,
1031 1807 1229 1872 Panormum

164 1893 255 1979 petit.
302 1891 514 1956 Pausistratus
535 1891 652 1975 primo,
674 1905 713 1956 ut
737 1892 773 1955 iu
800 1914 838 1957 re
862 1894 1059 1978 necopinata,
1084 1893 1231 1958 turbatus
1281 1966 1283 1979 ,

164 2001 347 2066 parumper,
363 1977 478 2043 deinde
492 1990 582 2042 vetus
595 1976 695 2057 miles,
706 1976 850 2042 celeriter
861 1979 1006 2044 conlecto
1017 1981 1135 2058 animo,
1145 1992 1233 2044 terra
1252 1987 1255 1993 '

165 2063 279 2130 melius
292 2065 404 2141 arceri,
420 2085 515 2150 quam
531 2064 622 2142 mari,
638 2063 744 2130 hostes
758 2074 852 2150 posse
866 2078 966 2143 ratus,
990 2079 1129 2132 armatos
1151 2067 1233 2130 duo-

166 2151 227 2217 bus
252 2150 434 2240 agminibus
460 2150 502 2215 ad
523 2151 847 2238 promontoriaque
869 2152 1020 2217 cornibus
1042 2153 1171 2240 objectis
1193 2151 1233 2216 ab

167 2238 235 2304 alto
257 2251 387 2323 portum
411 2235 542 2315 faciunt,
570 2237 672 2302 ducit:
708 2237 783 2302 inde
807 2237 1016 2304 facsseffitelis
1043 2238 1234 2326 ancipitibus

166 2325 291 2390 hostem
315 2323 526 2388 submoturus.
557 2323 591 2388 id
616 2323 778 2408 inceptum
803 2325 870 2411 ejus
883 2324 911 2368 ⁸⁷
922 2325 1083 2390 Nicander
1105 2349 1125 2391 a
1149 2339 1234 2392 terra

167 2412 273 2476 visus¹¹
287 2431 386 2497 quum
408 2412 574 2487 turbasset,
596 2422 727 2495 repente
748 2424 871 2476 mutato
888 2411 1030 2489 consilio,
1046 2434 1142 2478 nares
1156 2433 1235 2478 con-

168 2497 320 2566 scendere
348 2517 459 2560 omnes
483 2495 585 2582 jubet.
641 2496 728 2562 Tum
758 2518 834 2562 vero
864 2497 975 2585 ingens
1004 2500 1124 2584 pariter
1151 2497 1235 2562 mili·

167 2598 238 2650 tum
262 2587 495 2669 nautarumque
520 2583 690 2668 trepidatio
716 2595 796 2661 orta,
821 2596 853 2649 et
874 2585 960 2650 velut
984 2585 1060 2675 luga
1082 2586 1116 2651 in
1140 2605 1236 2650 nares

168 2669 250 2748 fieri,
277 2691 377 2820 quum
403 2692 435 2734 se
460 2669 542 2733 mari
567 2682 715 2756 terraque
737 2669 831 2735 simul
852 2688 1017 2737 cernerent
1040 2673 1237 2737 circumven-

168 2770 231 2822 tos.
305 2756 501 2834 ausistratus,
531 2776 629 2820 unam
657 2756 741 2822 riam
767 2757 875 2821 salutis
899 2779 966 2822 esse
993 2769 1091 2836 ratus,
1117 2759 1143 2822 si
1170 2757 1237 2820 rim

168 2835 272 2908 facere
296 2865 355 2928 per
377 2841 484 2906 fauces
508 2855 629 2928 portus,
652 2852 748 2928 atque
777 2865 942 2928 erumpere
969 2844 1004 2906 in
1030 2865 1119 2908 mare
1145 2865 1237 2927 aper·

169 2944 240 2996 tum
254 2937 370 3014 posset,
386 2941 553 3015 postquam
576 2927 794 2992 conscendisse
814 2950 888 2994 suos
909 2929 997 3010 vidit,
1014 2930 1104 3016 sequi
1125 2929 1238 2994 ceteris

163 3015 274 3103 jussis,
288 3016 356 3102 ipse
377 3017 526 3100 princeps
549 3015 708 3079 concitata
729 3036 809 3080 nave
823 3015 919 3080 remis
934 3017 975 3081 ad
992 3017 1108 3082 ostium
1123 3027 1236 3100 portus

172 3102 284 3170 tendit.
330 3103 541 3188 superantem
565 3103 634 3187 jam
661 3099 767 3176 fauces
794 3123 907 3167 navem
936 3105 1002 3190 ejus
1025 3101 1239 3192 Polyxenidas

366 3247 386 3274 ὓ
399 3255 453 3288 cum
464 3243 568 3304 quinque
578 3241 653 3288 Grcu.
666 3242 735 3289 Cres.
848 3243 960 3289 ¹²srss'saas
968 3244 1043 3290 Grau.

205 3379 237 3421 ³8
254 3373 396 3434 Rernigs‘am
413 3387 480 3420 ansae
494 3374 649 3435 Mag-sesiam
660 3374 693 3420 ad
755 3379 787 3420 8⁴
804 3373 841 3419 Et
851 3375 950 3422 naualia
969 3371 1032 3434 tegi]
1048 3374 1099 3432 Aa,
1117 3375 1240 3420 tects'ua·

171 3440 286 3502 Sipylum
299 3437 409 3500 mmm]
426 3439 543 3486 Obserrst
559 3439 690 3486 Glareanus
723 3439 811 3486 salium
819 3437 902 3484 retici?
933 3439 978 3486 Sed
990 3437 1165 3500 quidadrem?
1190 3439 1239 3486 Hic

172 3505 322 3566 Magnesiam
345 3505 374 3551 ad
400 3503 507 3565 Sipylum
532 3505 614 3550 urbem
639 3518 691 3550 essa
723 3503 812 3564 aliquid
822 3504 972 3550 videturesse
983 3509 1128 3566 corruptum.

173 3570 380 3627 mediterraneam,
399 3584 452 3629 qua
472 3570 566 3630 longius
587 3568 650 3615 absit
661 3571 690 3616 ab
754 3561 1074 3632 85⁸0usrsrsds'em10uum
1086 3571 1148 3617 diem
1158 3573 1238 3618 totum

172 3635 306 3696 Ephesost
322 3635 352 3682 ab
367 3636 437 3693 mari,
449 3647 519 3695 quam
534 3640 563 3682 ut
573 3647 601 3680 ao
613 3633 691 3682 rides·
706 3645 707 3648 ’
723 3634 838 3692 trivisset,
856 3642 905 3680 ucu
924 3638 973 3680 tam
994 3635 1051 3694 quis
1068 3635 1114 3682 boc
1135 3637 1238 3697 spatium

173 3709 215 3748 tur
226 3701 283 3747 satis
293 3700 416 3748 commode
425 3701 524 3761 remiges
535 3699 690 3761 coigissal’o-
723 3701 880 3746 necessarium
899 3700 935 3758 illi
954 3700 1031 3748 tuerat
1049 3702 1079 3748 ad
1100 3703 1239 3763 apparatum

173 3763 304 3827 lyxeuidas.
337 3765 442 3812 Omnino
453 3771 563 3827 suspecta
573 3771 631 3812 suut
641 3765 699 3811 bac
724 3765 758 3812 rei
769 3765 939 3826 aggredienda,
952 3779 1022 3825 quam
1034 3767 1096 3826 quod
1108 3799 1115 3814 .
1127 3796 1152 3814 ..

174 3831 249 3878 verba
264 3832 298 3878 ad
309 3831 431 3892 Sapplrns,
445 3835 559 3890 tauquam
575 3831 693 3892 glossema
756 3832 810 3877 86*
818 3831 883 3877 Telis
890 3831 1049 3894 ancipitibus]
1064 3830 1240 3878 Tellssbutrc-

175 3896 285 3944 additum
304 3896 334 3942 ab
356 3896 466 3956 imperito
485 3896 564 3955 aliquo
581 3896 692 3942 emenda·
724 3909 770 3954 que
790 3898 965 3956 promontorio,
985 3911 999 3943 s
1018 3898 1102 3944 dextra
1122 3893 1194 3943 simol
1214 3903 1241 3942 et

174 3969 237 4014 tore,
250 3975 291 4022 qur
303 3961 447 4021 ignoraverit
462 3962 534 4008 laima
545 3961 692 4020 Magnesiam
725 3961 830 4018 nistra,
837 3961 981 4024 impetituris
989 3962 1081 4009 bostem
1090 3961 1239 4008 smedeutam

175 4027 208 4074 ad
222 4027 382 4080 Maenalium,
391 4027 524 4088 propiorem
541 4027 649 4085 Epheso,
664 4027 693 4072 da
724 4026 753 4072 ad
764 4033 867 4086 portum.

176 4106 226 4152 qua
242 4092 281 4138 bic
293 4093 376 4152 procul
391 4092 464 4139 dubio
476 4091 645 4153 intelligendus
656 4095 693 4138 ast
736 4114 740 4120 ·
757 4098 789 4141 87
806 4091 953 4138 Nicasstler'c
964 4097 1028 4138 terra
1044 4085 1120 4152 mm]
1135 4092 1180 4137 Pro
1195 4088 1240 4136 bac

176 4157 269 4206 Lisius.
303 4157 341 4202 llo
363 4157 434 4204 nobis
453 4157 545 4204 facilius
563 4157 692 4219 probamus
724 4157 826 4204 lectione
846 4163 913 4204 stant
933 4158 981 4202 duo
1003 4171 1016 4202 e
1037 4155 1107 4201 MSS.
1130 4155 1240 4207 Hearnii,

175 4221 211 4271 οὶ
220 4223 254 4270 ad
263 4221 375 4284 Sipylum
391 4222 493 4269 insitiria
507 4237 567 4280 essa,
580 4223 645 4284 quod
656 4223 692 4270 bis
726 4227 808 4269 uostm
815 4222 905 4268 Viator.
913 4227 937 4267 et
944 4220 1090 4280 antiquiores
1098 4219 1165 4265 editi.
1176 4219 1241 4266 Male

176 4289 203 4336 in
216 4288 260 4336 isac
271 4287 325 4348 ipsa
333 4288 468 4336 ummuoue
479 4288 604 4350 Magnesia
617 4288 692 4336 nomi·
726 4288 825 4336 omniuo
833 4287 973 4334 recentiores
982 4301 997 4332 a
1008 4291 1073 4332 terra
1083 4285 1175 4331 missus.

175 4359 250 4401 natur
260 4352 312 4401 siue
323 4353 491 4400 additamenta.
