3042 4954
417 167 514 227 LIB.
534 167 652 248 XXXI.
683 168 786 230 CAP.
807 167 922 229 XXIV.
1169 117 1231 238 21ι

134 330 334 410 committere
356 343 469 415 aperto
492 333 572 398 mari
597 355 632 400 se
656 331 829 400 audebant.
875 334 1130 420 supervenerunt
1155 337 1204 404 bis
1215 357 1349 408 uuum.

136 435 199 491 tres
225 417 363 485 Rbediae
388 417 615 504 quadriremes,
639 429 672 484 et
701 431 793 488 erant
818 419 936 486 Atticae
962 432 1026 488 tres
1051 415 1243 508 mapertaeh
1256 423 1349 472 0²⁰ss

132 526 240 586 nares,
254 504 296 571 ad
317 503 455 584 tuendos
471 506 646 576 maritimos
660 527 753 593 agros
768 519 973 592 comparatae.
1020 507 1093 574 Hac
1107 510 1220 579 classe

133 592 161 656 si
179 589 253 656 urbs
273 591 408 692 agrique
428 591 672 658 Atheniensium
698 591 951 673 defenderentur,
968 594 1041 660 satis
1063 595 1095 660 in
1119 617 1203 681 prse-

133 677 232 828 sqqqia
247 678 457 749 existimanti
481 677 616 744 Claudio
636 700 713 758 esse,
737 679 864 766 majoris
889 680 985 747 etiam
1006 680 1052 747 rei
1073 681 1202 751 fortuna

133 787 154 828 o
206 776 241 828 ta
251 775 312 830 est.
1096 817 1098 822 .

170 849 315 918 XXIII.
341 849 477 916 Exsules
503 850 545 915 ab
575 850 736 928 Chalcide,
762 852 923 938 regiorum
954 853 1078 940 injuriis
1105 855 1345 941 pulsi,ctautuem

129 937 327 1016 adtulerunt,
342 937 494 1023 occupari
517 935 703 1002 Chalcidem
727 938 798 1004 sine
815 940 987 1006 certamine
1009 939 1075 1006 ullo
1096 941 1326 1028 posse.⁰‘²⁰¹¹l⁸¹¹t

128 1045 202 1102 nam
225 1038 260 1089 et
284 1023 491 1101 Macedonas,
515 1024 590 1110 quia
611 1023 717 1090 nullus
738 1025 771 1088 in
795 1026 978 1112 propinquo
999 1027 1039 1092 sit
1059 1027 1199 1098 hostium
1207 999 1317 1050 &aaut

128 1125 244 1190 matus,
265 1110 376 1199 vagari
397 1110 526 1196 passim,
544 1122 576 1176 et
600 1113 788 1197 oppidanos,
832 1113 957 1178 raesidio
981 1112 1199 1182 Macedonum

127 1197 236 1276 fretos,
253 1197 433 1278 custodiam
453 1197 540 1264 urbis
560 1197 738 1286 neglegere.
823 1198 849 1264 is
870 1200 1053 1266 auctoribus
1098 1202 1198 1269 rofec-

126 1297 191 1363 tus,
206 1305 404 1371 quamquam
420 1285 555 1364 Sunium
571 1283 616 1348 ita
631 1296 757 1350 mature
770 1298 967 1370 pervenerat,
983 1299 1019 1352 ut
1035 1224 1110 1354 inde
1122 1312 1198 1375 pro-

126 1370 198 1439 vebi
212 1370 293 1450 ⁹⁵ad
307 1372 426 1456 primas
439 1371 601 1458 augustias
616 1371 753 1438 Euboeae
767 1385 889 1458 posset;
905 1395 945 1438 ne
960 1387 1108 1460 superato
1122 1398 1199 1460 pro-

125 1458 293 1538 montorio
304 1457 549 1542 conspiceretur,
561 1460 691 1536 classem
706 1457 740 1522 in
754 1459 1001 1545 stationemque
1016 1460 1056 1525 ad
1070 1475 1197 1534 noctem

124 1546 240 1610 tenuit.
264 1543 383 1612 Primis
397 1543 534 1610 tenebris
551 1544 663 1610 movit:
686 1555 719 1610 et
731 1543 904 1630 tranquillo
917 1558 1083 1630 pervectus
1099 1548 1198 1624 Chal·
1251 1606 1257 1615 ,

121 1631 243 1710 cidem,
260 1630 370 1714 paullo
391 1642 466 1697 aute
486 1631 600 1709 lucem,
616 1653 680 1718 qua
702 1629 986 1716 infrequentissima
1008 1632 1096 1698 urbis
1111 1649 1195 1714 suot,

120 1718 235 1802 paucis
250 1716 405 1794 militibus
420 1718 534 1782 turrim
548 1720 727 1802 proximam
743 1738 934 1804 murumque
945 1718 1031 1785 circa
1041 1719 1133 1786 scalis
1145 1743 1197 1789 ce·

125 1805 183 1886 pit,
194 1803 274 1882 alibi
289 1803 402 1888 sopitis
413 1803 608 1881 custodibus,
620 1805 695 1870 alibi
709 1801 799 1876 nullo
815 1805 1019 1886 custodiente.
1036 1797 1197 1907 progressi
1302 1832 1307 1842 ·

126 1890 201 1956 inde
224 1891 266 1968 ed
289 1888 466 1978 frequentia
486 1889 630 1956 aedificiis
651 1889 731 1968 loca,
746 1889 929 1956 custodibus
952 1889 1131 1972 interfectis,
1146 1916 1197 1960 re-

125 1976 291 2063 fractaque
311 1987 416 2060 porta,
432 1989 569 2042 ceteram
591 1974 826 2044 multitudinem
849 1988 1042 2044 armatorum
1066 2002 1196 2066 accepe-

125 2076 212 2131 runt.
259 2063 341 2132 lude
354 2063 388 2127 in
405 2076 504 2129 totam
518 2063 629 2128 urbem
645 2063 822 2132 discursum
838 2075 901 2128 est:
925 2078 1020 2130 aucto
1035 2067 1129 2131 etiam
1146 2083 1196 2134 tu·

126 2151 243 2228 multu,
259 2149 348 2240 quod
364 2151 450 2217 circa
469 2149 574 2216 forum
590 2149 672 2237 iguis
686 2149 775 2217 tectis
797 2150 929 2236 injectus
944 2166 1022 2218 erat.
1067 2153 1196 2226 Confla-

125 2249 263 2324 grarunt
278 2250 310 2302 et
324 2236 441 2302 horrea
455 2237 551 2320 regia,
567 2246 600 2300 et
614 2237 893 2316 armamentarium
907 2259 980 2302 cum
1003 2241 1125 2326 ingenti
1140 2241 1196 2308 ad·

125 2337 240 2408 paratu
255 2322 475 2391 machinarum
490 2334 794 2410 tormentorumque.
811 2323 912 2390 caedes
927 2323 1002 2390 inde
1016 2327 1132 2412 passim
1147 2327 1196 2394 fu·
1304 2325 1307 2334 '

124 2411 283 2498 gientium
306 2410 425 2495 pariter
439 2433 477 2474 ac
492 2409 738 2496 repugnantium
753 2409 822 2474 fieri
844 2423 950 2497 coepta
971 2425 1027 2476 est.
1050 2435 1109 2478 nec
1131 2413 1198 2480 ullo

119 2499 198 2583 jam,
215 2499 272 2583 qui
287 2497 432 2574 militaris
450 2497 551 2574 aetatis
565 2508 656 2577 esset,
670 2517 737 2563 non
751 2510 806 2562 aut
820 2519 913 2576 caeso,
929 2511 985 2564 aut
997 2498 1119 2586 fugato,
1137 2501 1197 2567 So-

124 2597 219 2669 patro
228 2585 326 2649 etiam
338 2586 503 2650 Acarnane
510 2582 662 2669 praefecto
670 2583 811 2668 praesidii
821 2583 998 2662 interfecto,
1008 2588 1119 2687 praeda
1127 2609 1195 2654 om·
1204 2592 1329 2662 Direptsm

125 2672 174 2742 nis
188 2671 298 2756 primo
311 2669 462 2736 inferum
477 2670 612 2748 conlata,
627 2669 743 2736 deinde
753 2669 788 2734 in
802 2689 898 2736 naves
913 2671 1063 2757 inposita.
1087 2697 1195 2740 carcer
1204 2667 1349 2726 ¹⁰¹³¹¹l¹¹¹¹¹¹i

125 2758 222 2836 etiarn
237 2759 280 2822 ab
296 2756 434 2828 Rhodiis
456 2759 627 2822 refractus:
650 2755 817 2842 emissique
835 2757 961 2842 captivi,
978 2781 1057 2844 quos
1073 2759 1196 2844 Philip·
1305 2791 1312 2798 ·

125 2865 185 2927 pus
200 2858 365 2930 tamquam
381 2844 415 2910 in
430 2843 619 2908 tutissimam
642 2841 820 2908 custodiam
835 2842 1031 2908 condiderat.
1076 2845 1196 2910 Statuis

124 2931 201 2997 inde
224 2931 306 3016 regis
331 2929 460 3017 dejectis
484 2927 710 3015 truncatisque,
733 2927 758 2995 si
804 2949 825 2992 o
847 2929 987 3013 receptui
1009 2927 1096 3008 dato,
1118 2953 1197 2996 oon·

122 3017 320 3094 scenderunt
340 3038 445 3094 naves,
472 3027 504 3084 et
526 3015 697 3096 Piraeeum,
713 3036 756 3079 un
780 3037 798 3080 e
819 3013 952 3100 profecti
975 3028 1075 3095 eraut,
1094 3017 1196 3096 redie-

122 3117 211 3179 runt.
257 3103 356 3180 Quod
371 3103 399 3166 si
419 3115 543 3171 tautum
565 3101 702 3168 militum
727 3101 946 3166 Romanorum
971 3101 1089 3182 fuisset,
1105 3115 1142 3168 ut
1163 3117 1196 3173 et

125 3189 258 3257 Chalcis
272 3189 383 3267 teneri,
400 3201 432 3255 et
445 3210 509 3254 nou
525 3189 625 3254 deseri
649 3187 833 3272 praesidium
849 3189 1050 3254 Athenarum
1071 3191 1195 3274 potuis·

123 3289 190 3354 set3
214 3273 404 3364 magnares
428 3275 587 3362 principio
608 3275 714 3340 statim
737 3275 824 3356 belli,
849 3274 977 3340 Chalcis
999 3285 1031 3342 et
1052 3275 1195 3364 Euripus

121 3364 254 3440 metata
268 3365 337 3451 reg‘i
355 3361 470 3444 forent.
491 3383 567 3440 usin
582 3373 618 3426 ut
632 3372 719 3436 terra
733 3361 1021 3448 Thermopylarum
1037 3365 1194 3453 angustiae

123 3451 302 3528 firmiana
315 3450 362 3514 ito
376 3450 458 3518 mari
469 3449 587 3514 fretum
603 3447 717 3531 Euripi
732 3447 861 3528 claudit.

167 3537 304 3604 XXIV.
327 3535 535 3604 Demetriade
548 3548 618 3600 tum
635 3533 803 3621 Philippus
818 3548 895 3599 erat.
918 3557 984 3622 quo
998 3557 1097 3624 quum
1115 3549 1308 3605 essetsuvout

121 3624 277 3690 nunciata
305 3623 412 3688 clades
442 3623 535 3687 sociae
566 3621 663 3702 urbis,
689 3641 881 3708 quamquam
910 3643 1015 3688 serum
1037 3622 1192 3704 auxilium
1201 3621 1336 3684 euruppm,

121 3711 260 3798 perditis
272 3709 384 3789 “erat
400 3724 520 3790 murco,
533 3708 637 3794 llqnae
658 3709 806 3795 proxima
826 3707 947 3774 auxilio
963 3722 1023 3789 est,
1037 3689 1242 3779 ultionem⁸⁶d
1253 3700 1312 3736 '⁶¹⁰'

153 3978 185 4024 94
203 3971 306 4034 Apula
333 3961 418 4028 navet]
449 3967 529 4016 Nares
558 3969 645 4028 aperite
678 3965 1194 4034 adEuboeum„tiveadprimainitipEuripi

75 4093 77 4100 y
122 4041 280 4100 opponuntur
299 4034 438 4089 marmus,
455 4037 487 4090 ut
508 4031 587 4081 ridere
609 4036 646 4094 ert
677 4031 742 4090 freti,
755 4045 802 4093 quo
815 4031 910 4080 Euboea
925 4045 940 4078 a
955 4034 1094 4098 continente
1108 4032 1194 4082 dividi.

122 4105 183 4165 apnd
195 4104 270 4160 Cicer.
283 4101 302 4151 l.
313 4101 346 4148 V.
356 4099 383 4146 iu
394 4099 460 4145 Verr.
471 4111 497 4156 p.
511 4100 646 4158 loaqtea
678 4102 725 4146 tur.
805 4101 833 4148 ,“
1048 4129 1052 4138 .

125 4174 242 4232 suntquis
254 4166 326 4214 anila
336 4163 428 4210 babent
443 4163 564 4223 tabulatp:
581 4161 646 4218 octa
709 4157 848 4224 wErot]
863 4163 951 4210 Melius
962 4168 1067 4212 veneat.
1111 4157 1113 4164 '

125 4251 187 4288 utar
195 4251 247 4294 m,
260 4233 308 4297 qui
318 4235 413 4287 actm
421 4229 493 4290 paint
499 4225 594 4290 pontia.
693 4274 696 4278 ,
710 4233 740 4277 97
748 4227 764 4258 *
774 4228 833 4282 Qua
840 4231 954 4288 proram
964 4227 1055 4274 auxilio
1065 4227 1110 4280 est,
1123 4224 1194 4270 ultio-

153 4301 255 4356 suiad
268 4299 367 4362 primus
386 4295 514 4356 mtto
532 4291 642 4356 Euboeae]
677 4292 742 4354 aem]
761 4293 883 4342 Ultionern
903 4292 1017 4356 quae,ubi
1028 4285 1116 4336 auxilio
1127 4289 1194 4340 locus

119 4360 546 4420 Adenmlocumubimarearctari
562 4359 647 4422 incipit
678 4359 902 4485 unnesqproxinra
918 4357 1002 4408 deinde
1014 4354 1114 4422 petitur.
1141 4353 1194 4404 Pri·
1307 4385 1310 4392 -

650 4471 655 4478 «
730 4443 749 4486 C
