3136 4982
185 371 218 420 U.
229 371 258 420 0.
269 372 324 418 tet.

185 437 218 484 A.
226 439 255 484 0.
270 440 322 488 190.

349 199 410 256 olo
750 189 1029 250 T1T1L1vl1

347 359 419 422 erit.
441 377 507 422 eum
518 365 591 420 anto
601 358 704 420 omnio
716 357 910 438 deposcimus.
951 355 1119 420 Thoantem
1131 355 1247 450 quoqne
1257 353 1409 434 AEioiom,

347 445 528 508 concitorem
544 443 679 506 AEtoiici
698 442 780 518 belii,
797 443 852 524 qni
866 451 895 506 et
910 443 1030 506 illorum
1044 444 1166 526 fiducia
1187 463 1249 517 oos,
1265 451 1296 505 et
1309 450 1409 504 nestra

347 532 417 596 illos
429 530 463 592 itt
477 551 531 593 nos
544 531 687 604 armavit,
700 530 825 604 dedetis,
838 537 869 591 et
878 551 942 592 cum
951 551 986 592 eo
999 527 1026 576 ³⁷
1033 525 1294 593 Moosimacitumi
1308 527 1407 590 Acor-

346 633 443 692 ttono,
459 626 489 680 et
505 616 718 682 Chalcidenses
730 615 891 679 Philonem
913 624 944 680 et
957 614 1155 680 Eubulidmo.
1198 615 1240 678 In
1259 613 1409 677 deteriore

345 724 402 767 suo
411 703 550 790 simmia
562 723 665 784 potem
674 701 781 785 societ
795 723 861 777 rer,
876 703 950 784 quio
969 703 1065 766 serim
1076 701 1177 786 J‘ocs't,
1198 721 1287 784 quom
1296 700 1409 784 socors

340 790 457 872 potnit.
500 789 539 854 Si
550 809 631 852 nnnc
643 787 896 871 moratosfiterit‚
912 788 999 864 sciat,
1015 809 1118 872 regum
1132 785 1318 872 majestatem
1328 787 1410 874 'dff-

345 876 437 940 cilius
450 874 490 938 ob
503 896 615 938 summo
616 875 756 959 fastigio
770 876 814 936 od
827 875 954 938 medium
969 876 1104 951 detrahi,
1120 895 1209 960 quam
1221 873 1359 937 omcds'is
1368 875 1411 936 od

348 962 411 1026 ima
420 963 632 1044 praectpitari.
679 959 761 1024 Cum
779 959 827 1024 his
844 960 999 1024 mandatis
1013 960 1054 1025 ab
1070 982 1145 1047 roga
1159 959 1245 1024 missi
1260 971 1351 1023 erant
1365 958 1408 1022 ls-

346 1048 425 1134 gati,
450 1060 484 1110 ut
509 1067 636 1110 omnem
659 1046 745 1131 pacis
766 1046 979 1112 conditionem
1001 1047 1189 1131 acciperent.
1213 1047 1319 1131 itaque
1343 1045 1408 1110 Ro·

348 1154 436 1198 mam
450 1132 532 1198 mitti
557 1132 678 1220 legatos
703 1132 833 1218 placuit.
878 1132 997 1197 Consul
1019 1134 1052 1196 in
1079 1133 1211 1197 hiberna
1231 1133 1408 1216 *exercitum

349 1219 549 1306 Magnesiam
573 1220 615 1284 ad
636 1217 840 1284 Maeandrum
858 1232 896 1284 ‘ct
910 1219 1035 1284 Tralles
1050 1218 1277 1305 Ephesumque
1291 1217 1407 1282 divisit.

350 1303 514 1390 Ephesum
538 1307 578 1371 ad
602 1306 764 1370 consulem
787 1325 905 1392 paucos
931 1321 1001 1390 post
1025 1305 1091 1370 dics
1117 1305 1243 1370 obsides
1270 1304 1311 1369 ab
1334 1327 1408 1390 roge

347 1391 479 1458 adducti
502 1405 595 1458 sunt:
619 1406 651 1458 et
671 1392 778 1480 legati,
794 1393 849 1478 qui
865 1392 1001 1456 Romam
1025 1393 1118 1469 irent,
1133 1403 1297 1457 verterunt.
1344 1391 1407 1456 Eu-

348 1489 456 1546 menes
481 1487 609 1566 quoque
631 1479 742 1546 eodem
766 1492 910 1563 tempore
933 1479 1091 1564 profectus
1111 1491 1158 1544 ast
1182 1478 1330 1555 Romam,
1346 1499 1409 1565 quo

348 1565 444 1716 leglati
464 1567 555 1654 regis.
579 1577 696 1632 sacutae
718 1587 771 1630 eos
792 1579 866 1631 sunt
891 1564 1229 1654 legationesomnium
1245 1565 1334 1629 Asiae
1352 1585 1408 1650 po·

372 1673 508 1718 uorum.
1399 1695 1402 1702 -

347 1673 370 1738 p
391 1738 520 1804 XLVI.
543 1738 633 1804 Dum
647 1737 719 1802 haec
740 1739 773 1804 in
796 1737 875 1802 Asia
895 1751 1060 1824 geruntur,
1076 1738 1139 1802 duo
1159 1737 1224 1802 fere
1246 1736 1304 1802 sub
1326 1736 1408 1802 ido'm

347 1839 474 1910 tempus
488 1847 560 1891 cum
572 1822 726 1909 triumphi
741 1845 797 1908 spe
810 1824 1015 1910 proconsules
1028 1823 1070 1888 de
1106 1823 1256 1890 rovinciis
1272 1824 1407 1888 Romam

346 1911 511 1977 redierunt
520 1934 529 1987 ς
553 1911 595 1986 Q.
613 1909 779 1974 Minucius
794 1933 835 1974 cx
852 1909 1035 1999 Liguribus,
1053 1846 1114 1975 ii.
1126 1911 1248 1976 Acilius
1262 1933 1303 1975 ax
1315 1909 1408 1976 AEto

259 1995 269 2012 ’
346 1997 401 2062 lia.
446 1997 575 2061 Auditis
599 1996 765 2082 utriusque
787 1997 882 2060 robus
901 1997 1007 2084 gostis,
1027 1996 1173 2062 Minucio
1194 2010 1328 2081 negatus
1352 1997 1408 2061 tri·

348 2082 499 2168 umphus,
527 2080 631 2147 Acilio
660 2104 777 2182 magno
803 2103 959 2148 consensu
984 2083 1149 2149 decretus:
1176 2084 1267 2169 isque
1295 2083 1409 2149 triuni-

187 2184 331 2261 m’.aqtttus
348 2169 452 2256 phana
482 2169 522 2233 de
551 2189 625 2257 rege
650 2167 812 2234 Antiocho
840 2183 872 2234 et
893 2169 1012 2237 AEtolis
1042 2170 1153 2236 urbam
1180 2185 1229 2234 cst
1257 2171 1406 2235 incoctus.

189 2251 341 2298 ⁶⁰A¹¹t¹⁰⁰¹¹⁰
350 2255 489 2321 Proelata
504 2270 579 2321 sunt
598 2259 631 2319 in
646 2277 684 2320 eo
699 2255 863 2356 triumpho
877 2257 967 2356 signa
981 2256 1131 2321 militaria
1144 2257 1283 2322 ducenta
1295 2256 1408 2344 trigin-

189 2317 327 2376 triumphat.

346 2356 397 2410 ta:
421 2355 453 2408 et
472 2341 500 2382 ³⁸
509 2343 634 2428 argenti
657 2342 765 2407 inlecti
788 2357 850 2407 trin
873 2343 972 2408 millia
997 2343 1123 2428 pond03
1146 2344 1172 2408 si
1198 2342 1408 2410 natiwsstrsa

226 2471 257 2488 ·.
347 2427 536 2496 drachmitm
551 2427 695 2494 Atticism
716 2439 843 2494 centum
865 2429 1016 2494 tredecim
1030 2429 1138 2508 millia,
1189 2429 1408 2513 cistophorum

346 2516 485 2584 ducenta
513 2515 724 2602 quadraginta
749 2527 839 2580 octo:
877 2539 951 2581 vasa
979 2529 1129 2603 argentea
1157 2517 1270 2581 caelsta
1298 2515 1408 2592 multa,

347 2603 520 2688 magnique
537 2601 698 2690 ponderis.
742 2601 834 2666 Tulit
854 2615 887 2666 et
907 2604 1134 2689 supellectilem
1155 2604 1274 2690 regiam
1297 2623 1409 2689 argon·

347 2703 442 2766 taam,
467 2711 505 2753 ac
527 2701 644 2754 vomam
667 2687 889 2772 magnificam
913 2711 1046 2754 coronas
1068 2711 1188 2767 aureas,
1205 2691 1291 2756 dona
1311 2690 1409 2765 sociae

305 2843 308 2852 ,
347 2798 419 2842 rum
446 2776 631 2852 civitatium,
646 2773 858 2926 quadraAEmta
883 2774 1163 2862 quicqum-spolia
1189 2777 1292 2840 omnis
1313 2795 1409 2863 gono-

346 2863 406 2929 ris:
430 2862 571 2944 captivos
596 2860 728 2939 nobiles,
800 2861 882 2927 tolos
902 2876 935 2927 ot
956 2864 1060 2950 regios
1086 2863 1192 2940 ducas,
1217 2882 1273 2928 aex
1298 2877 1330 2926 at
1354 2861 1410 2926 tri·

345 2950 435 3037 ginta
456 2949 560 3012 duxit.
604 2948 809 3014 Damocritus
824 2947 1009 3013 AEtolorum
1024 2949 1091 3014 dux
1112 2971 1231 3034 paucos
1244 2962 1318 3014 unte
1331 2948 1408 3025 dies,

347 3049 445 3122 quum
461 3055 620 3100 coarcere
642 3051 736 3100 nocte
759 3032 930 3122 effugisset,
945 3037 976 3098 in
1000 3037 1071 3120 ripa
1085 3035 1213 3100 Tiberis
1234 3034 1410 3100 omrsocutis

346 3121 541 3197 custodibus,
557 3122 741 3208 priusquam
767 3121 1097 3207 comprehenderetur,
1120 3121 1229 3210 gladio
1251 3143 1285 3186 aa
1309 3132 1410 3186 traus-

346 3209 429 3274 fixit
476 3208 597 3272 Milites
611 3220 746 3284 tantum,
763 3208 818 3292 qui
841 3222 1048 3294 sequerentur
1070 3229 1208 3286 curru-m,
1225 3207 1408 3274 defuerunt:

346 3295 466 3382 alioqui
481 3294 666 3380 magnificus
688 3307 719 3358 et
741 3295 921 3378 spectaculo
944 3308 975 3362 et
994 3295 1079 3360 famo
1101 3318 1207 3360 rerum
1230 3293 1410 3380 triumphus

347 3381 417 3445 fuit.
463 3379 570 3465 Hujus
585 3380 737 3465 triumphi
756 3382 870 3444 minuit
885 3381 1026 3446 laetitiam
1043 3383 1177 3446 nuncius
1191 3402 1233 3446 ex
1251 3380 1412 3466 Hispania

742 3475 938 3534 imitatorium
949 3489 1017 3536 Crat.

379 3587 411 3632 87
428 3580 618 3647 Mauritaniam]
634 3584 706 3630 lirror
722 3584 747 3629 in
760 3585 805 3630 hoo
817 3597 860 3632 oo-
894 3597 948 3632 mus
959 3587 1014 3640 snit,
1028 3600 1096 3646 quem
1108 3585 1236 3632 Turnebus
1248 3585 1289 3632 lib.
1302 3583 1349 3630 111.
1362 3582 1411 3630 Ad·

346 3661 401 3694 mon
424 3648 557 3708 irreptant,
580 3649 748 3710 legebaturque
766 3649 862 3696 Mnasi-
894 3665 953 3698 sors.
966 3665 987 3698 c.
1000 3652 1223 3713 compositarum
1240 3657 1331 3708 conset,
1348 3648 1412 3710 quod

346 3713 463 3760 molum.
505 3715 655 3762 correximus
672 3729 701 3760 ox
725 3714 807 3776 Polyb.
828 3716 862 3762 ls-
894 3717 921 3762 in
932 3730 960 3763 eo
971 3722 1050 3764 ossant
1062 3716 1150 3778 sculpti·
1165 3715 1278 3778 cistigcri,
1294 3716 1318 3761 id
1334 3719 1380 3767 ost,
1391 3713 1410 3760 ii

345 3783 392 3832 sot.
416 3785 455 3824 ts.
474 3788 498 3824 et
518 3785 559 3827 35.
581 3786 606 3826 st
623 3780 692 3826 Livio
712 3780 772 3839 ipso,
791 3791 863 3840 supra
895 3783 936 3842 qni
947 3792 1065 3830 astrorum
1080 3782 1233 3844 mysticorum
1250 3781 1315 3828 cistis
1334 3779 1411 3826 iuclu-

346 3843 658 3906 i.XXXV1.cspp.tt.st
672 3851 710 3892 tu
723 3845 788 3891 loom
796 3859 862 3892 meu·
895 3859 974 3894 sorum
991 3861 1076 3894 arcana
1093 3847 1208 3901 ferebant,
1224 3853 1252 3893 ut
1269 3847 1295 3892 in
1312 3845 1410 3906 cyneus

228 3971 230 3981 Ι
345 3909 749 3967 tmtoits‚txxxvt11.ass.
894 3913 1021 3973 mysteriis,
1041 3914 1129 3960 Bacchi
1149 3913 1230 3974 orgiis.
1250 3912 1341 3958 Cereris
1360 3909 1410 3956 lni-

377 3981 411 4020 88
425 3977 569 4036 Argenti..
582 4009 588 4022 .
601 4009 608 4023 .
620 3979 671 4023 trio
680 3977 762 4022 millio
774 3971 861 4040 mdo]
892 3979 940 4024 tiis.
958 3981 1030 4026 Porro
1042 3983 1144 4040 quatuor
1152 3977 1243 4024 donarii
1260 3982 1351 4038 septem
1364 3976 1408 4022 cis-

345 4040 432 4086 Marcae
442 4047 558 4088 nostrates
570 4045 642 4092 46⁸7.
651 4055 706 4088 cun
716 4040 793 4087 unciis
805 4048 828 4087 4.
892 4045 1007 4104 tophcros
1022 4055 1077 4092 cum
1093 4044 1188 4091 semisse
1199 4043 1336 4104 aquabant,
1348 4045 1410 4089 tasio

377 4111 409 4154 89
429 4107 639 4154 Tetrodroclssitlm
649 4105 861 4154 detrimentum
893 4110 1230 4157 FostoiuroocEssior'rtsm:
1251 4109 1314 4155 notis
1331 4106 1410 4168 sequi·

235 4185 239 4194 ¹
344 4171 457 4218 rrsooetm
473 4170 565 4234 millia]
580 4173 716 4228 Dmhm
733 4185 785 4226 sou,
798 4175 873 4232 qnod,
893 4180 934 4220 tor
944 4176 1093 4236 cistophorus
1105 4179 1212 4222 248000.
1223 4187 1291 4236 paros
1301 4187 1352 4220 essa
1369 4173 1409 4218 dt·

344 4236 407 4284 idom
426 4244 472 4295 ost,
491 4238 581 4284 donarii
597 4243 703 4284 mom.
720 4235 809 4284 Morosa
823 4249 860 4285 aa·
893 4240 964 4286 uariis
980 4243 1081 4302 amplius
1101 4240 1299 4288 tammonis
1317 4237 1409 4302 argenti

345 4302 412 4360 genti
420 4307 491 4352 7062.
503 4317 557 4350 cum
565 4303 642 4349 unciis
654 4309 677 4348 4.
893 4308 1039 4354 nostratihus
1047 4307 1217 4369 propemodum
1230 4306 1302 4355 2007·

273 4397 282 4410 .
376 4371 408 4410 «to
426 4365 604 4432 oosoptortm]
623 4368 779 4428 Cistophorns
792 4361 871 4416 uum-'
