3126 4978
349 199 409 260 ens
514 239 517 246 ,
712 180 1166 287 ‘stricturum

183 353 220 430 u.
230 381 324 430 uero.
348 357 459 432 celiam
476 361 712 449 Helonemque,
728 375 760 427 et
779 357 906 430 castello
926 363 1025 430 mults
1041 365 1338 452 expugnavitsalis
1352 387 1407 430 vo-

187 447 322 498 Mem-
347 449 468 514 luntute
482 449 523 514 ed
544 469 617 514 eum
631 448 823 516 defecerunt.
846 464 912 515 turn
934 451 968 513 in
985 453 1142 516 Oretanos
1164 473 1360 540 progressus,
1377 463 1409 517 et

347 535 394 601 ibi
417 536 542 600 duobus
567 538 687 620 potitus
711 536 846 622 oppidis,
869 537 985 602 Noliba
1008 550 1040 604 et
1067 539 1186 616 Cusibi,
1210 539 1252 604 ad
1278 537 1407 626 Tagum

347 643 472 687 omnem
487 623 535 685 ire
549 623 661 710 pergit.
706 621 856 687 Toletum
877 623 922 688 ibi
942 643 1041 708 parve
1060 624 1137 688 urbs
1159 637 1237 702 eret,
1260 625 1315 688 sed
1336 625 1408 696 loco

347 708 513 774 munito¹²c
528 729 598 773 euin
615 729 714 795 quum
737 709 947 798 obpugnaret,
962 710 1140 786 Vectonum
1166 731 1297 814 mugnus
1320 731 1408 775 exer-

347 795 428 862 citus
459 793 623 861 Toletanis
653 795 792 860 subsidio
820 798 913 861 venit
959 797 1040 861 Cum
1071 799 1121 862 his
1149 797 1173 861 si
1199 819 1247 862 nrs
1276 796 1410 862 conlutis

347 903 498 982 prospere
518 882 688 968 pugnavit:
710 893 752 960 et,
769 880 846 947 fusis
863 883 1069 960 vectonibus,
1089 819 1237 970 operibus
1258 881 1409 948 Toletum

385 1033 386 1036 ,
407 979 442 1034 st.
1163 999 1166 1006 ’

186 1072 303 1119 numeru
335 990 527 1119 'oepXXIIL
551 1055 700 1122 Ceterum
715 1077 753 1119 eo
773 1065 917 1140 tempore
938 1056 1042 1122 minus
1057 1078 1094 1120 ee
1116 1055 1207 1132 belle,
1224 1077 1296 1144 quoe
1318 1073 1408 1144 gere·

188 1137 314 1184 cernuo-
335 1136 475 1218 buntur,
501 1163 587 1208 curae
617 1141 765 1206 Patribus
794 1154 894 1220 erant,
921 1163 1016 1228 quem
1043 1143 1237 1226 exspectatio
1264 1142 1412 1206 nondum-

188 1203 242 1248 ⁰¹¹⁰'
349 1228 450 1314 coepti
464 1249 536 1292 cum
553 1227 712 1294 Antiocho
734 1228 817 1293 belli.
840 1251 914 1311 nam
930 1229 987 1292 etsi
1007 1250 1064 1314 per
1083 1229 1204 1314 legatos
1223 1227 1408 1293 idemtidem

348 1313 455 1378 omnia
470 1313 726 1398 explorabantur‚
741 1327 846 1379 temen
862 1337 1013 1392 rumores,
1029 1329 1146 1379 temere
1161 1315 1229 1379 sine
1245 1313 1320 1388 ullis¹
1332 1337 1408 1378 auc·

348 1400 469 1468 toribus
484 1401 557 1480 orti,
569 1401 669 1466 multe
683 1399 759 1465 falsu
771 1402 852 1466 veris
867 1401 1049 1466 miscebant.
1081 1401 1169 1466 Inter
1183 1423 1257 1488 qusu
1267 1400 1408 1465 adlatum
1492 1411 1494 1415 ’

347 1499 424 1568 erut,
444 1509 542 1573 quurn
564 1488 598 1550 in
618 1487 769 1552 AEtolium
787 1488 920 1552 venisset
942 1488 1131 1566 Antiochus,
1147 1486 1309 1572 extemplo
1329 1487 1409 1552 cles-

346 1595 411 1638 scm
427 1593 500 1638 eum
515 1575 550 1638 in
566 1574 704 1638 Siciliain
719 1575 899 1640 missurum.
944 1575 1056 1660 Itaque
1071 1583 1205 1651 senatus,
1221 1574 1279 1638 etsi
1292 1585 1409 1659 prseto-

346 1679 413 1724 renn
434 1660 568 1726 Atilium
587 1682 660 1725 curn
683 1660 781 1725 'classe
803 1661 929 1725 miserat
951 1661 983 1724 in
1004 1661 1175 1738 Graeciam,
1197 1673 1315 1740 temen,
1334 1660 1408 1745 quia

345 1747 445 1812 ⁷⁵non
461 1747 560 1830 copiis
581 1747 688 1822 modo,
705 1747 874 1811 sedetiam
891 1747 1077 1812 auctoritate
1091 1767 1170 1832 opus
1186 1755 1252 1813 eret
1266 1745 1343 1810 ⁷⁴ed
1358 1759 1409 1810 tu·
1479 1789 1481 1796 ›

346 1835 444 1898 endos
469 1833 628 1898 sociorum
651 1833 782 1915 animos,
804 1833 845 1896 T.
861 1832 1060 1912 Quinctium,
1082 1847 1113 1900 et
1134 1834 1213 1902 Cn.¹¹
1227 1832 1408 1910 Octavium,

256 1930 284 2010 J·
347 1931 379 1984 et
394 1919 457 1984 Cn.
475 1917 654 1995 Servilium,
670 1930 701 1985 et
720 1919 758 1984 P.
777 1916 906 1983 Villium
928 1919 957 1984 le
981 1921 1047 1984 utos
1068 1921 1101 1983 in
1123 1919 1283 1987 Graeciem
1306 1919 1408 1994 misit;

243 2061 249 2072 .
346 2017 388 2084 et,
404 2017 441 2068 ut
463 2003 514 2069 M.
531 2004 660 2068 Boebius
681 2027 722 2070 ex
745 2005 878 2070 Bruttiis
900 2007 937 2070 ed
986 2019 1132 2072 arentum
1154 2021 1186 2071 et
1202 2005 1408 2071 Brundisium

347 2102 548 2176 promoveret
569 2090 717 2178 legiones,
733 2091 871 2156 decrevit
880 2115 889 2168 3
911 2091 978 2157 ⁷⁵ut
999 2091 1084 2169 inde,
1100 2093 1126 2156 si
1140 2115 1190 2156 res
1206 2104 1360 2178 posceret,
1375 2091 1409 2154 in

347 2175 572 2242 Macedoniam
601 2177 777 2263 trujiceret3
807 2189 838 2242 et
860 2191 897 2243 ut
909 2177 971 2243 M.
988 2178 1118 2246 Fulvius
1139 2193 1260 2264 praetor
1279 2177 1408 2244 classem

236 2299 238 2304 .
346 2263 476 2329 nerium
495 2257 636 2351 triginte'
646 2264 784 2330 mitteret
805 2264 846 2329 ed
867 2263 1018 2332 tuendam
1035 2265 1151 2332 Sicilire
1171 2283 1278 2329 orent:
1301 2276 1333 2329 et
1354 2271 1411 2330 ut⁰

347 2367 422 2416 cuns
449 2349 583 2436 imperio
607 2363 698 2430 esset,
719 2351 777 2438 qui
805 2350 937 2416 classem
967 2373 1036 2420 eum
1062 2351 1222 2419 duceretr
1243 2350 1350 2438 (duxit
1373 2351 1409 2414 122

347 2437 474 2522 Oppius
491 2435 658 2529 dabuntur,
672 2438 728 2522 qui
743 2437 851 2522 priore
864 2459 950 2502 enno
964 2437 1065 2503 sedilis
1079 2437 1180 2524 plebis
1198 2436 1313 2519 fueret)
1328 2447 1360 2501 et
1373 2445 1411 2506 ut

346 2523 430 2588 idem
445 2535 567 2609 praetor
581 2523 622 2587 L.
633 2523 759 2588 Valerio
774 2523 855 2588 colle
877 2547 907 2588 ae
921 2525 1082 2606 scriberet,
1095 2525 1269 2588 Periculum
1283 2545 1355 2600 esse,
1371 2541 1412 2586 ue

345 2611 452 2675 classic
464 2611 548 2694 regis
561 2610 707 2674 Antiochi
721 2632 759 2674 eu
772 2547 898 2674 AEtodo
913 2613 946 2674 iu
963 2611 1101 2676 Siciliam
1117 2609 1291 2695 trajiceret.-
1306 2611 1412 2694 itaque

338 2699 467 2780 placere
480 2697 611 2773 senuisti,
628 2697 672 2760 ud
689 2718 753 2761 uim
773 2698 947 2778 eumerium,
962 2719 1047 2782 quem
1061 2698 1195 2776 haberet,
1209 2695 1411 2762 ⁷⁶tumuttuu-

345 2784 462 2848 domm
476 2785 607 2846 militum
618 2782 663 2846 ud
675 2784 829 2848 duodecim
840 2784 968 2860 millias,
985 2793 1014 2848 et
1025 2785 1286 2870 quoudriugentos
1297 2784 1413 2871 equites

345 2871 477 2935 scribere
491 2890 566 2946 eum,
583 2869 691 2954 quidus
705 2891 790 2934 orum
801 2871 989 2935 martimum
1001 2870 1183 2954 prouinciae,
1200 2891 1260 2954 quo
1275 2877 1414 2954 uergeret

347 2958 382 3020 iu
400 2957 563 3032 Groeciom,
579 2957 662 3040 tueri
670 2967 782 3040 posset.
817 2955 902 3020 Eum
918 2951 1073 3022 delectum
1088 2967 1208 3042 praetor
1221 2975 1286 3019 non
1300 2975 1342 3018 ex
1360 2953 1413 3020 Si-

347 3041 421 3108 ciliu
448 3041 518 3128 ipsa
545 3053 681 3124 tentum,
703 3042 879 3114 sedetiam
908 3063 951 3107 ex
981 3036 1273 3128 circumjacentibus
1301 3039 1413 3109 insulis

304 3159 308 3166 ·
347 3127 478 3194 hubultr
501 3126 620 3214 oppida
642 3151 683 3194 ne
696 3128 803 3193 omnia
820 3128 990 3207 maritima,
1006 3151 1078 3218 quse
1096 3130 1131 3192 in
1146 3127 1306 3195 Graeciam
1321 3147 1413 3191 versa

347 3227 447 3292 eruut,
459 3149 770 3300 presidiisdrmuvit.
793 3213 929 3281 Addidit
939 3214 1089 3280 alimento
1102 3213 1283 3282 rumoribus
1294 3213 1413 3280 adven·

185 3304 399 3420 isim-“¹¹⁸
417 3301 529 3379 Attuli,
546 3300 698 3365 Eumenis
713 3300 827 3380 fratris,
837 3303 893 3388 qni
904 3301 1077 3381 nunciavit,
1091 3299 1286 3370 Antiochum
1302 3319 1411 3388 regem

186 3435 324 3486 cinitone·
347 3439 592 3552 ὦωκηίιαῦτοη.
605 3438 674 3489 cccv.
728 3439 940 3488 ”Culmum
996 3436 1178 3488 winilind.
1232 3439 1311 3488 redd.
1318 3437 1413 3500 pedites

347 3606 428 3652 Auem
441 3604 570 3662 etBntim,
581 3603 610 3650 ed
626 3603 748 3662 utriusque
759 3604 863 3651 flumini·
889 3603 989 3674 jiceret]
1006 3605 1144 3660 Elenuntins
1161 3604 1253 3651 abesset
1265 3601 1290 3651 si
1301 3610 1338 3661 et,
1363 3605 1413 3650 nod

347 3671 426 3718 sonus
450 3669 595 3717 incolebant.
628 3668 800 3716 crediderimus
821 3683 864 3736 po·
895 3673 990 3736 ignoret
1006 3681 1069 3718 unus
1086 3685 1100 3716 e
1115 3667 1186 3717 Mss.
1199 3669 1344 3731 Henrnii,et
1378 3668 1412 3714 ic·

347 3736 397 3782 tier
409 3735 541 3784 Vescetiem
556 3733 725 3794 Helonemque
739 3735 864 3783 viciniores
895 3742 940 3784 tor.
952 3742 977 3784 et
993 3737 1094 3783 Andree
1113 3735 1194 3782 editio.
1228 3735 1327 3794 contre,
1340 3731 1414 3794 puolo

348 3801 510 3860 themistius,
521 3811 592 3862 quem
603 3799 722 3847 Oretsuis.
896 3803 1004 3862 interius,
1022 3801 1124 3848 libenter
1144 3799 1225 3852 additu
1242 3799 1358 3860 particule
1374 3805 1413 3860 ut,

380 3865 579 3928 7³'Noncopr'ir
588 3865 665 3923 modo,
675 3866 880 3916 redecimatio.
896 3869 1033 3934 legeremus,
1054 3873 1077 3914 et
1096 3873 1125 3914 ut
1145 3881 1199 3914 mens
1220 3866 1320 3926 imperio
1337 3872 1414 3913 esset:

347 3927 458 3996 turrate]
482 3933 537 3980 Non
559 3932 635 3992 ceptis
654 3931 731 3990 modo,
751 3944 804 3992 que
822 3946 871 3994 per·
896 3935 989 3981 volente
1017 3933 1122 3991 Andros,
1151 3936 1175 3979 et
1204 3931 1285 3978 eodem
1310 3929 1415 3977 Heernii

346 3999 396 4045 vin
411 3997 773 4054 cogerentinritoe‚sedets'um
784 4005 863 4046 uncto·
895 4001 991 4061 scripto.
1022 3999 1118 4044 Etenim
1138 4008 1226 4048 norum
1236 4000 1272 4044 ert
1287 3995 1415 4043 hoctene-

259 4065 262 4072 '
345 4066 430 4124 rtem,
442 4077 494 4124 quc
505 4045 611 4112 vor-nris
624 4063 754 4120 tundendo,
767 4064 864 4111 concili·
894 4063 1038 4112 turconsnlti
1049 4069 1129 4124 ceput,
1141 4075 1186 4110 nec
1199 4063 1228 4110 ed
1244 4061 1352 4110 eumdem
1369 4062 1414 4119 ho·

347 4131 455 4191 undeque
476 4129 569 4178 nomini
590 4129 700 4175 Remum
721 4129 862 4188 reverentis,
895 4131 983 4179 minem
993 4128 1121 4188 pertinens.

347 4195 485 4243 munusue.
929 4197 961 4243 ⁷6
982 4190 1203 4241 rumusculum
1237 4191 1343 4238 rnilitum
1381 4191 1416 4238 nd

241 4241 255 4262 κ
380 4257 411 4309 ts
427 4258 574 4307 Adtrrrudor
583 4260 699 4305 coelom
707 4251 811 4317 unimur]
820 4253 865 4302 Le-
897 4257 1018 4305 duodecim
1031 4257 1109 4304 millia
1121 4257 1225 4326 pedites]
1242 4258 1296 4308 Vid.
1309 4262 1361 4308 not.
1373 4257 1414 4304 66.

347 4325 591 4388 geenmtironovior
608 4321 767 4370 adimendus.
897 4324 926 4371 ed
938 4339 957 4370 c.
970 4329 1100 4388 suanum

378 4395 411 4438 75
431 4389 465 4435 Ut
475 4389 531 4436 inde
542 4421 549 4436 .
562 4422 570 4435 .
582 4421 589 4436 .
600 4389 625 4434 δη
637 4387 804 4434 Macedonium
814 4393 864 4432 tru-
