3136 4982
427 207 521 266 nra.
542 193 721 265 xxxvrn'.
748 171 849 265 car.
870 203 946 272 un„
1152 203 1213 271 ast

152 371 281 436 decretis
295 372 437 447 Petrum,
457 391 520 454 pro
536 370 647 454 populi
659 368 848 454 jamneus
871 367 1035 433 ”infamia
1054 369 1208 434 intactam
1219 377 1354 428 mussa

151 455 280 534 insidia,
296 474 360 543 qua
372 459 515 542 pomuli,
530 469 674 544 urguent.
719 454 928 520 Orationibus
943 455 975 518 in
991 467 1116 520 noctem
1137 445 1288 540 mac:
1302 451 1367 496 Ἦν

152 542 263 618 (lucus,
278 541 306 586 θ’
314 542 458 627 prodicta
480 541 548 607 dies
569 554 626 608 est.
650 539 704 618 nbi
725 563 763 606 ea
776 541 871 619 verrit,
893 541 1013 606 tribuni
1034 541 1068 606 in
1086 541 1210 606 Rostris

153 630 258 714 primu
278 627 349 694 luce
363 627 581 694 consederunt.
625 627 747 692 Citatus
769 649 842 692 reus
862 646 982 714 magno
994 627 1210 716 agmineulni·

153 735 263 779 corum
278 704 504 799 clientiumque
522 737 582 802 per
598 715 733 780 mediam
749 715 931 780 concionem
948 713 989 778 ad
1006 716 1123 778 Rostra
1135 713 1209 778 suba

155 801 209 866 iit:
232 800 416 890 silentioque
436 799 530 878 facto,
547 801 629 878 Hoc,
645 800 757 886 iuquit,
774 802 834 877 die,
850 801 1086 884 tribuniplebis,
1102 819 1209 888 uosque
1218 808 1372 888 supinorum

155 887 303 965 Quirites,
315 909 380 953 erm
392 887 574 951 Hannibale
587 895 618 951 et
631 887 946 972 Karthaginiensibus
957 889 1056 971 signis
1068 888 1207 966 conlatis,
1217 889 1273 936 1³⁰9·
1285 879 1370 923 Μ·

151 975 186 1036 iu
199 973 315 1058 Africa
329 974 403 1038 dene
416 979 453 1037 ric
454 974 598 1058 feliciter
607 973 757 1058 pugnaui.
801 973 921 1057 ltaque,
937 993 1025 1056 quum
1039 975 1130 1036 lodie
1142 974 1210 1054 litis

52 1057 54 1076 '
152 1059 205 1122 ius
219 1065 253 1122 et
252 1057 373 1144 jurgiis
385 1061 576 1142 supersederi
589 1081 704 1144 aquaem
717 1061 768 1135 sit,
785 1079 839 1144 ego
852 1061 926 1124 linc
938 1061 1083 1142 retempto
1097 1062 1132 1122 iu
1150 1059 1209 1123 Ca·

150 1146 294 1228 pitclirem
307 1147 352 1208 ad
363 1147 467 1213 ιῙουωη
482 1147 625 1230 optinum
638 1146 800 1208 marimum
821 1145 1027 1228 &mortemque
1041 1155 1070 1208 et
1085 1145 1209 1209 Miner-

151 1251 220 1295 uam
245 1241 415 1316 ceterosque
439 1233 534 1308 Deos,
558 1233 612 1316 qui
636 1233 908 1316 Capitoliumque
935 1233 1004 1295 arci
1025 1231 1207 1313 presideat,

152 1319 332 1382 salutandos
350 1319 422 1383 ibo:
444 1318 692 1402 iisqucgratias
713 1337 814 1402 agam,
835 1320 916 1404 quod
936 1317 1012 1381 milri
1025 1327 1055 1381 et
1073 1318 1129 1380 loc
1142 1320 1209 1400 ipsc

152 1404 216 1484 die,
230 1413 262 1466 et
274 1423 355 1486 saepe
364 1406 456 1482 nlius,
469 1406 590 1488 egregie
600 1403 775 1487 reipublicae
784 1405 929 1488 gereudoe
938 1403 1209 1487 mentemfacuita·

153 1497 273 1576 terque
284 1481 442 1554 dederurit.
483 1489 618 1554 Vestmim
633 1511 751 1574 quoque
769 1490 876 1574 quius
896 1491 1079 1553 comodum
1095 1499 1150 1565 est,
1166 1491 1218 1575 ite¹

154 1595 272 1661 mecum,
286 1577 433 1654 Quirites,
445 1585 476 1640 et
489 1583 578 1640 orate
586 1577 681 1654 Deos,
693 1571 797 1640 ut‘met'
805 1578 919 1641 similes
925 1577 1087 1660 principes
1095 1576 1209 1638 labea-

152 1663 205 1726 tis.
227 1657 318 1738 “itta
334 1663 363 1726 si
375 1661 402 1702 ⁸³
410 1663 450 1725 ab
464 1661 556 1726 aunis
568 1663 772 1744 septemdecim
788 1665 832 1725 ud
843 1671 1019 1744 senectutem
1029 1683 1145 1744 semper
1158 1683 1209 1726 uos

152 1755 272 1812 oetaterir
287 1769 381 1824 meum
391 1749 561 1813 'bonoribus
578 1749 685 1812 nestris
710 1750 860 1826 catastis,
877 1771 931 1833 ego
951 1757 1067 1813 nestros·
1083 1750 1210 1812 honores

150 1834 239 1898 rebus
248 1833 393 1936 gerendis
400 1836 554 1917 praecessi.
599 1834 653 1898 Ab
676 1833 799 1898 Rostris
819 1835 851 1897 in
867 1834 1057 1919 Capitolium
1080 1833 1371 1926 admensuratae·

151 1919 210 1984 dit.
239 1920 332 1984 simul
354 1943 387 1984 se
407 1920 553 1984 universa
575 1920 686 1984 concio
711 1921 833 2001 avertit,
852 1934 883 1985 et
905 1932 1010 1984 secuta
1027 1920 1207 2005 Scipionem
1217 1928 1244 1961 ¹¹¹
1254 1914 1355 1974 Cim·

151 2017 218 2070 est:
240 2005 329 2084 adeo,
345 2018 554 2092 ut¹postremo
576 2001 687 2070 scribae
701 2007 935 2094 ”viatoresque
954 1981 1336 2081 tribnn0s1·elin-⁵⁰¹¹¹¹”''fl
1362 2002 1365 2010 ’

92 2108 97 2118 ’
151 2105 293 2177 querant,
312 2113 368 2156 uec
383 2113 454 2156 cnm
475 2089 523 2170 iis,
540 2104 657 2176 praeter
677 2093 818 2156 servilem
842 2095 1026 2158 comitatum
1041 2107 1073 2157 et
1087 2114 1209 2177 praeco-

151 2199 236 2256 nem,
253 2180 308 2264 qui
321 2199 410 2242 reum
433 2201 472 2243 ex
489 2179 612 2244 Rostris
635 2179 762 2257 citabat,
777 2181 943 2266 quisquam
966 2191 1055 2244 esset.
1100 2180 1209 2263 Scipio

151 2285 218 2328 non
232 2264 266 2328 in
282 2265 444 2350 Capitolio
459 2264 564 2342 modo,
580 2263 713 2350 sed‘per
728 2277 824 2331 totam
845 2267 955 2330 urbem
971 2266 1079 2330 omnia
1093 2266 1211 2349 templa

151 2350 262 2416 Derim
277 2372 351 2415 cum
365 2353 487 2436 populo
503 2353 649 2416 Romano
659 2352 827 2416 circumiit.
865 2351 1062 2416 celebratior
1073 2351 1099 2414 is
1110 2373 1211 2436 prope

67 2467 70 2472 ¹
151 2436 219 2502 dies
246 2435 355 2502 favore
382 2437 545 2502 hominum
576 2451 608 2500 et
638 2438 844 2502 restimatione
872 2460 955 2502 vcrae
983 2436 1210 2524 magnitudinis
1317 2475 1322 2480 -

151 2524 219 2608 ejus
232 2522 301 2606 init,
318 2545 411 2610 quam
427 2546 491 2610 quo
505 2524 702 2608 triumphans
717 2525 758 2589 de
774 2521 919 2610 Syphace
933 2545 1008 2614 rege
1022 2540 1054 2589 et
1070 2523 1209 2590 Kartha·

151 2609 346 2696 giniensibus
355 2609 466 2674 urbem
476 2625 523 2674 est
533 2611 683 2674 invectus.
938 2645 940 2650 v

194 2695 272 2760 LlI.
307 2695 374 2760 Hic
403 2697 559 2782 speciosus
596 2695 725 2761 ultimus
753 2696 820 2760 dies
850 2696 888 2760 P.
912 2696 1053 2782 Scipioni
1084 2696 1206 2760 inluxit.
1217 2707 1332 2782 Scipio-in

152 2795 333 2868 postquem
356 2805 453 2870 quum
476 2783 625 2848 invidiam
641 2796 674 2846 ct
687 2783 861 2847 certamina
885 2799 957 2846 cum
983 2783 1117 2859 tribunis
1132 2775 1363 2884 pro-¹⁴i²⁸¹¹¹d¹.¹{um

145 2868 295 2953 aspiceret,
321 2868 373 2934 dic
400 2869 544 2957 longiore
571 2869 726 2954 prodicta,
753 2868 786 2931 in
809 2867 1010 2932 Literninum
1039 2853 1287 2944 concessit3⁰⁰nce
1305 2854 1330 2883 ¹'
1357 2889 1360 2898 ‘

149 2967 239 3031 certo
261 2955 404 3037 consilio,
427 2975 468 3019 ne
496 2955 537 3020 ad
564 2977 706 3020 caussam
736 2954 901 3019 dicendam
926 2954 1057 3018 adesset.
1102 2954 1211 3039 Major

155 3041 280 3106 animus
294 3055 326 3106 et
339 3053 452 3106 natnra
463 3053 547 3122 erat,
559 3063 595 3106 ac
612 3041 722 3127 majori
736 3040 873 3119 fortunae
888 3041 1045 3118 adsuetus,
1062 3036 1158 3128 quam
1168 3053 1211 3116 *ut

152 3147 225 3191 reus
245 3149 312 3192 esse
331 3128 434 3204 sciret,
458 3141 489 3192 et
514 3127 697 3192 submittere
718 3149 752 3192 se
772 3127 805 3191 in
835 3127 1044 3192 humilitatem
1070 3149 1210 3193 caussam

143 3213 337 3278 dicentium.
381 3213 447 3278 Ubi
472 3212 539 3278 dies
566 3215 661 3295 venit,
683 3214 836 3300 citarique
864 3213 976 3280 absens
1005 3225 1050 3280 est
1075 3226 1210 3298 coeptus,

154 3297 193 3364 L.
210 3298 318 3384 Scipio
345 3302 492 3364 morbum
523 3313 660 3364 caussaeq
684 3323 762 3380 esse,
788 3322 846 3364 cur
874 3301 1005 3378 abesset,
1028 3299 1209 3365 excusabat.

150 3405 248 3473 quam
266 3387 498 3452 excusationem
520 3407 617 3473 quum
636 3385 769 3464 tribuni,
792 3387 845 3471 qui
867 3387 950 3452 diem
971 3387 1127 3464 dixerant,
1143 3407 1210 3450 non

536 3531 549 3570 t
561 3542 667 3574 causeam
677 3527 751 3574 Gran.
765 3527 833 3573 Creu.

142 3675 149 3686 ·
182 3661 359 3722 Ι86*Ιη)ἀηιι“ιι
399 3663 527 3722 intactum,
560 3661 665 3728 inuidia]
698 3664 775 3710 elatis
791 3663 903 3719 vigesimo
921 3659 1209 3722 quartomissusinilit-

142 3726 236 3776 -Quum
255 3739 304 3774 non
321 3730 418 3789 portent
434 3729 554 3776 infamiam
569 3729 666 3776 civero·
697 3729 945 3790 paniamluitscipio.
979 3728 1145 3776 Sedtribunua
1160 3729 1206 3774 mi·

151 3801 204 3842 tum
221 3792 346 3844 criminum
362 3793 625 3856 impingeretuvtuiam
641 3795 668 3842 in
700 3795 770 3842 litum
791 3800 842 3842 erat
862 3795 888 3840 in
908 3807 989 3856 pugna
1010 3795 1139 3851 Cannensi,
1163 3807 1210 3854 quo

152 3871 207 3903 cum
225 3859 359 3906 concitant:
378 3859 441 3918 qnod
460 3865 489 3906 ut
509 3865 606 3920 possent
624 3861 669 3906 riri
700 3863 805 3920 tempure
826 3860 889 3907 haud
908 3860 1010 3906 multum
1030 3872 1137 3920 egressus
1160 3861 1211 3903 erat

152 3923 411 4014 magnitudomciebat.
456 3965 460 3970 .
701 3934 776 3974 annos
791 3925 969 3986 septemdecim:
986 3939 1014 3971 ac
1029 3925 1114 3970 deinde
1130 3923 1212 3978 etiam,

174 3985 217 4038 ‘bi
247 3987 425 4036 Picdl'etu'mes
438 3985 486 4053 ert]
501 3989 557 4038 Vid.
568 3995 618 4036 not.
630 3995 669 4040 ⁵7.
701 3993 832 4049 tmequant
851 3991 877 4036 in
897 3989 1038 4051 Hispaniam
1064 3989 1118 4040 iret,
1138 3985 1212 4032 aedilis

139 4053 241 4112 ‚adlit
254 4059 293 4102 57.
332 4105 334 4110 ,
510 4105 513 4110 ,
698 4055 1126 4117 curulissummspopuiiroluntate,
1139 4065 1212 4110 quum

186 4115 286 4175 teitu,
304 4117 339 4181 ei]
360 4118 439 4171 Quod*
452 4119 546 4182 quidem
569 4125 618 4168 vcs'
634 4121 669 4167 ita
699 4121 828 4182 legitimam
855 4125 948 4172 aetatem
972 4119 1080 4165 nonmm'
1105 4109 1212 4172 haberet,
1297 4173 1300 4181 .

139 4183 242 4254 ‹prtetii
253 4184 329 4243 decem
339 4186 360 4231 ai
373 4218 379 4232 .
392 4218 399 4231 .
412 4218 418 4233 .
431 4195 479 4232 uon
491 4187 559 4234 aliter
570 4183 668 4260 postulo
700 4187 776 4232 tactus
793 4187 879 4236 tuerat.
910 4187 966 4233 vid.
985 4196 1055 4243 supra
1070 4177 1154 4229 xxu.
1174 4185 1212 4226 tte.

71 4271 74 4280 ·
138 4248 216 4295 'trtid
227 4247 454 4309 oretia'tiimmuam
467 4253 486 4298 ai
498 4283 505 4296 .
517 4283 544 4300 ..
700 4249 812 4298 erxxv.
826 4257 848 4296 2.

185 4320 216 4363 89
232 4316 271 4360 Aa
282 4313 535 4377 aunmreptemdecim]
551 4316 590 4362 Ab
603 4301 667 4363 rubo
732 4315 786 4364 90¹
797 4311 917 4378 Wutorer]
931 4315 986 4362 Vid.
1006 4318 1056 4360 nob
1075 4316 1113 4357 21.
1131 4323 1161 4369 cd
1180 4283 1214 4349 Π·

152 4379 331 4427 etatiaueciuo
349 4380 457 4441 septimo.
490 4382 668 4429 Anucdemum
701 4384 741 4426 56.
1192 4397 1195 4404 ·

732 4450 816 4507 cci
