3126 4978
314 203 317 212 ’
348 183 432 274 sss*
657 187 658 191 '
748 171 1025 280 r1r1n1vrr
1083 259 1086 277 ,

185 383 215 434 u.
228 384 323 435 eser.
347 368 522 436 exereitum
547 368 581 435 in
602 367 784 444 Greeinmr
813 364 949 432 Romam
975 373 1123 432 treoeuta'
1143 365 1242 432 millia
1263 367 1408 434 modilitn

185 452 256 499 Mi·
270 455 324 500 ¹⁹¹·
348 454 457 535 tritici,
477 453 613 554 ducenta
641 453 871 555 quinquaginta
897 451 1027 529 hordei3
1056 452 1176 539 equites
1203 453 1406 604 ppingentos,

348 540 532 626 elephantos
545 552 658 627 vrgsntr
679 539 849 628 regemad
872 538 934 604 Μ’.
951 539 1089 606 Acilium
1111 561 1209 606 consu
1241 562 1272 604 m
1285 541 1409 606 ,missu-

348 649 431 712 rum.
474 627 526 691 De
545 624 859 727 frumento-utrisque
875 647 1070 726 responsum,
1086 627 1130 692 ita
1144 647 1273 692 usurum
1288 649 1328 692 eo
1348 648 1408 711 po·

347 714 1093 884 iiittteltttt‘ttttt?thistri
1116 712 1193 885 ,lii
1207 713 1410 864 ⁰¹⁸⁸⁸⁰l¹2¹3

347 885 466 952 ioedere
486 884 648 952 deberent.
670 885 713 950 de
733 885 869 971 pecuma
891 884 965 949 item
987 907 1183 970 responsum,
1198 884 1318 950 nnllam
1333 897 1413 950 ante

348 972 435 1038 diem
449 985 644 1056 accepturos.

186 1071 321 1120 Ausucum
393 1058 434 1123 V.
458 1058 568 1135 Quum
584 1058 653 1122 haeo
667 1058 780 1124 Romoe
794 1005 985 1144 agebantur,
997 1051 1149 1122 Chalcide
1164 1058 1353 1136 Antiochus,
1369 1083 1414 1126 ne

186 1138 295 1186 ‘imit'
350 1156 483 1210 cessaret
497 1167 554 1229 per
568 1143 773 1214 hibenrorum
788 1157 926 1229 tempus,
940 1145 1056 1229 purtim
1078 1145 1145 1230 ipse
1164 1144 1351 1212 sollicitabat
1364 1148 1411 1211 oi-

186 1201 336 1250 Greoioesoi·
372 1231 379 1247 .

185 1268 270 1314 licitas.

349 1231 493 1298 vitatium
507 1230 630 1296 animos
642 1229 802 1296 mittendis
817 1229 937 1316 legatis,
949 1230 1066 1314 partim
1081 1230 1165 1296 ultro
1179 1233 1219 1298 ad
1235 1255 1306 1298 eum
1322 1234 1348 1273 ¹⁹
1356 1255 1410 1299 ve-

350 1317 498 1384 niebant:
521 1317 618 1382 siouth
636 1316 778 1401 Epirotae
790 1316 950 1380 communi
965 1315 1067 1402 gentis
1081 1338 1248 1396 consensu,
1260 1332 1291 1384 et
1308 1321 1376 1385 Elei
1391 1346 1413 1388 e
1472 1327 1474 1333 ’

351 1404 572 1489 Peloponneso
587 1415 749 1468 venerunt.
794 1402 865 1467 Elei
879 1401 1032 1468 auxilium
1044 1402 1192 1469 adversus
1203 1407 1341 1472 Achaeos
1355 1431 1412 1492 pe-

293 1519 296 1536 ·
351 1491 469 1569 tebant,
481 1512 570 1577 quos,
582 1501 654 1575 post
667 1489 784 1556 bellum
799 1511 864 1554 non
880 1511 919 1554 ex
933 1511 990 1554 sua
1004 1492 1159 1555 sententia
1174 1490 1326 1558 indictum
1343 1499 1411 1559 An-

351 1575 468 1654 tiocho,
480 1576 618 1663 primum
634 1575 752 1642 civitati
766 1597 832 1642 suoe
846 1596 934 1640 arma
948 1574 1101 1640 inlaturos
1113 1577 1295 1644 credebant.
1319 1579 1413 1648 Mille

349 1664 388 1730 iis
402 1663 525 1750 pedites
540 1685 613 1729 cum
626 1661 708 1730 duce
724 1661 870 1726 Cretensi
885 1660 1044 1746 Euphane
1057 1675 1131 1728 sunt
1143 1664 1240 1730 missi.
1262 1667 1412 1752 Epirota-

350 1773 422 1819 rum
437 1749 553 1838 legatio
567 1760 635 1814 erat
650 1749 779 1814 minime
794 1748 826 1816 in
842 1761 965 1834 partem
976 1747 1073 1813 ullam
1087 1748 1179 1814 liberi
1192 1764 1249 1816 aut
1259 1754 1413 1838 simplicis

349 1836 459 1903 animi.
483 1834 580 1921 Apud
596 1855 702 1923 regem
716 1833 852 1984 gratiam
867 1833 978 1901 initam
992 1834 1140 1900 volebant
1152 1857 1227 1901 cum
1244 1862 1293 1917 eo,
1309 1853 1345 1904 ut
1358 1863 1413 1906 es·

350 1933 470 2000 vorent,
482 1920 610 2007 nequid
626 1918 718 1989 obfen
742 1932 830 1985 erent
843 1919 1015 1986 Romanos.
1030 1921 1180 2005 petebant
1189 1925 1285 2002 enim,
1299 1925 1370 1992 ”ne
1379 1945 1415 1993 se

349 2020 460 2074 terrm
474 2008 507 2072 irs
527 2007 663 2074 caussam
682 2008 851 2083 deduceret,
870 2007 1020 2088 expositos
1038 2010 1183 2074 adversus
1203 2011 1332 2076 Italiam
1348 2035 1414 2096 pm

350 2096 434 2160 muni
449 2093 587 2170 Graecio,
602 2102 633 2158 et
640 2093 758 2176 primos
772 2094 893 2176 inpetus
906 2093 1113 2158 Rmaonorum
1134 2109 1318 2180 recepturos.
1340 2101 1413 2180 Sed,

325 2225 329 2230 -
349 2183 379 2246 si
392 2183 458 2264 a'pse
466 2189 569 2263 posset
579 2178 772 2244 terrestribus
785 2179 1003 2263 montibusque
1011 2181 1109 2263 copiis
1116 2186 1289 2264 presidere
1296 2188 1413 2270 Epiro,

350 2268 459 2350 cupide
480 2287 545 2330 eum
567 2264 697 2330 ²1ornnes
711 2267 864 2348 Epirotas
882 2275 913 2332 et
931 2266 1055 2332 urbibus
1073 2277 1103 2332 et
1118 2269 1267 2350 portabas
1284 2274 1347 2337 sacis
1360 2295 1414 2337 ac-

349 2363 497 2437 cepturos.
513 2353 542 2418 si
552 2354 589 2417 id
601 2373 662 2416 non
674 2361 783 2434 posset,
794 2354 965 2434 deprecari,
978 2373 1015 2416 ne
1028 2375 1060 2418 se
1073 2357 1169 2419 nudos
1179 2365 1271 2440 atque
1285 2360 1415 2426 inermes

350 2441 493 2506 Romano
507 2439 584 2504 bello
598 2438 749 2523 olp'iceret.
785 2437 860 2503 Huc
873 2438 1031 2524 legatione
1044 2439 1077 2504 id
1099 2463 1116 2504 a
1141 2439 1150 2502 i
1166 2439 1347 2525 adparebat,
1364 2460 1411 2526 ut,

350 2526 417 2592 sive
441 2523 541 2612 (quod
566 2525 667 2608 magis
689 2523 874 2605 credebant)
897 2523 1097 2592 abstinuisset
1140 2526 1231 2612 'pir0,
1254 2529 1414 2620 ”integra

350 2611 410 2678 sibi
424 2611 532 2676 omnia
545 2609 663 2695 ”apud
677 2609 837 2676 exercitus
855 2610 1017 2676 Romanos
1032 2625 1145 2689 essent,
1157 2614 1325 2682 conciliata
1338 2621 1416 2686 satis

349 2697 436 2784 opud
452 2719 558 2786 regem
573 2697 685 2786 gratia,
702 2696 790 2781 quod
810 2700 972 2781 accepturi
990 2696 1121 2763 fuissent
1134 2700 1328 2780 venientem}
1351 2704 1418 2772 sive

350 2785 493 2864 venisset,
509 2785 556 2850 sio
566 2806 693 2870 quoque
706 2803 777 2868 spes
791 2783 890 2850 veniae
904 2782 945 2848 ab
963 2783 1114 2850 Romanis
1128 2784 1219 2864 foret,
1234 2790 1333 2874 qnod,
1349 2813 1415 2858 non

350 2882 534 2957 exspectato
555 2870 609 2934 lon
634 2870 731 2957 inquo
751 2869 872 2935 auxilio
893 2869 934 2934 ab
953 2891 997 2947 se,
1012 2873 1177 2955 praesentis
1199 2873 1318 2941 viribus
1339 2879 1416 2944 sub-

350 2957 542 3024 cubuissent.
627 2956 680 3022 uic
700 2968 764 3022 tam
791 2955 953 3041 perplexae
975 2958 1134 3044 legationi,
1157 2960 1231 3044 quis
1252 2983 1317 3028 nou
1338 2967 1419 3032 satis

350 3046 384 3110 in
406 3056 534 3130 promtu
557 3055 636 3122 erat,
656 3043 733 3129 quid
757 3041 970 3128 responderet,
988 3043 1109 3132 legatos
1130 3067 1164 3110 se
1185 3045 1351 3116 missurum
1373 3053 1416 3118 ad

351 3155 406 3200 eos
421 3131 511 3209 dixit,
529 3130 585 3217 qui
605 3129 646 3194 de
659 3129 710 3206 iis,
726 3150 798 3214 quas
816 3127 866 3202 ed⁴
878 3127 949 3202 iilos
969 3151 1065 3216 seque
1086 3133 1296 3200 communiter
1317 3140 1417 3221 perti-

352 3232 475 3297 nerent,
492 3217 706 3302 loquerentur.

396 3304 457 3371 VI.
481 3303 519 3368 In
545 3301 705 3368 Boeotiam
727 3300 795 3386 ipse
818 3300 978 3388 proiectus
1000 3315 1058 3380 est,
1077 3324 1201 3386 caussas
1223 3307 1255 3371 in
1278 3311 1415 3395 speciem

352 3389 409 3456 irae
424 3389 573 3472 adsersus
589 3389 749 3464 Romanos
764 3391 828 3468 eas,
845 3411 922 3474 quas
943 3401 1016 3454 ante
1029 3387 1107 3464 dixi,
1124 3389 1291 3460 habentem
1300 3419 1310 3472 ς
1334 3397 1416 3462 Bm.

352 3475 468 3562 ohyilae
489 3496 610 3551 necent,
624 3488 656 3541 et
677 3473 795 3540 bellum
815 3498 834 3539 a
850 3474 1003 3551 Quinctio
1018 3474 1185 3556 Coroneae,
1201 3494 1334 3566 propter
1350 3484 1418 3548 Ro·

332 3583 522 3660 'manorum
545 3560 681 3627 militum
700 3559 812 3638 coedes,
828 3561 979 3638 inlatum
1003 3583 1038 3626 re
1059 3584 1132 3630 vera
1153 3584 1211 3649 per
1232 3565 1340 3650 muita·
1348 3569 1417 3658 jam

754 3696 852 3747 hcisun·
862 3701 936 3748 Grou.
948 3700 1016 3747 Cres.

389 3824 419 3868 ts
426 3819 442 3852 0
450 3815 596 3882 Veniemus]
611 3819 708 3882 legatis
726 3819 801 3866 ιιι-ιδ
811 3819 869 3881 Epi·
935 3825 966 3866 at
974 3819 1152 3880 *Integrariii
1162 3823 1244 3868 ennio
1254 3823 1320 3884 opud
1328 3825 1419 3870 anci-

355 3884 425 3941 mtto,
436 3884 588 3932 etahRieis.
792 3910 795 3920 ι
903 3891 943 3930 tus
953 3885 1074 3932 Romam
1083 3882 1170 3949 essent]
1186 3887 1246 3934 Dete
1257 3896 1338 3936 voeeut
1350 3903 1418 3936 exer-

388 3949 761 3997 20⁰Nuetssterer¹nrosm
774 3949 871 3997 unoe-
903 3951 974 3998 urm.
1004 3950 1091 3997 meus
1110 3957 1160 3998 est:
1184 3957 1213 3998 ut
1230 3959 1329 4014 possent
1344 3955 1419 4002 rideri

354 4010 405 4078 ret]
428 4016 466 4062 Ne
486 4015 557 4064 vallet
576 4029 602 4062 ss
621 4020 709 4062 temore
730 4015 757 4061 in
776 4029 870 4062 sensnm
904 4015 964 4062 nihii
981 4015 1072 4074 troisse,
1088 4029 1136 4075 quo
1154 4018 1256 4063 Romani
1272 4017 1418 4066 offenderen-

355 4081 443 4138 rutam
462 4081 613 4134 madere,
629 4086 708 4141 partes
727 4079 802 4142 regias
822 4093 872 4128 am·
903 4086 955 4137 tur,
975 4086 999 4126 et
1020 4081 1147 4141 integram,
1170 4083 1281 4143 nullaque
1303 4097 1332 4130 ex
1351 4091 1422 4144 parte

356 4147 436 4207 plecti.
611 4169 614 4179 ·
864 4165 867 4176 =
904 4146 992 4197 lessus.
1005 4159 1058 4191 eum
1070 4146 1099 4191 iis
1110 4147 1237 4194 amicitiam
1249 4149 1382 4198 retinuisse.

389 4218 418 4261 al
440 4205 536 4273 Onnes]
560 4210 646 4271 Soripti
673 4211 819 4257 Gronoviani
847 4217 872 4256 et
938 4217 969 4256 2³
985 4210 1060 4270 Apud
1077 4214 1195 4258 exereitus
1212 4210 1345 4277 Romanos}
1360 4218 1421 4264 Dele

357 4281 439 4324 nones
449 4276 641 4324 Vistonsnihas.
666 4276 812 4324 Utrumlibet
822 4288 872 4322 ms·
905 4287 958 4321 cum
970 4276 1093 4324 Gronovio
1104 4291 1185 4325 voosm
1197 4279 1322 4327 erereitss.

358 4341 397 4398 lis,
408 4354 491 4402 parum
502 4342 610 4390 interest.
