3104 4976
497 221 590 284 LlB.
618 217 745 280 XXXV.
773 221 873 280 CAP.
893 221 931 280 X.
1180 231 1237 296 197

175 384 234 467 bus
271 384 353 462 estis,
370 395 404 448 et
417 383 456 448 L.
472 383 642 459 Quinctius
662 382 867 460 Flamininus,
883 384 938 469 qui
953 382 1043 452 classi
1057 385 1091 451 in
1107 386 1313 468 Graeciano.
1326 413 1396 456 ssa

132 468 136 476 '
176 405 357 558 praedictat,
370 487 401 534 et
417 471 476 533 Cn.
489 468 632 536 Manlius
645 468 755 533 Vulso.
778 469 812 533 hi
824 467 959 558 patricii.
997 469 1116 536 Plebeii
1128 487 1234 552 autem
1243 471 1275 519 Α·
1284 471 1313 518 ⁰·
1328 477 1381 522 ¹⁹³·

176 557 215 622 C.
232 556 363 636 Laelius,
377 555 436 620 Cn.
453 555 625 633 Domitius,
643 557 681 620 C.
700 555 809 619 Livius
833 555 1003 637 Salinator,
1026 555 1087 622 Μ’.
1104 561 1233 632 Acilius.

174 645 228 706 sed
239 641 382 707 omnium
395 641 477 706 oculi
488 642 520 705 in
534 640 720 718 Quinctium
735 641 984 727 Corneliumque
995 645 1137 730 conjecti.
1159 669 1233 712 nam

174 729 251 794 etin
275 749 374 801 unnm
396 729 503 793 locum
524 728 674 812 petebant
696 727 790 790 ambo
811 727 946 812 patricii,
970 742 1000 793 et
1022 731 1069 794 rei
1089 732 1235 799 militaris
1274 794 1275 802 ,
1368 779 1373 800 .

172 814 276 902 gloria
290 836 399 884 recens
414 827 519 880 utrum
545 836 583 878 ue
605 812 857 884 commendabat,
903 813 1054 880 Ceterum
1076 830 1150 882 ante
1164 841 1233 886 orn-

174 904 226 984 nia
241 914 398 966 certamen
420 837 634 966 accendebant
648 899 759 964 fratres
781 899 1030 979 candidatorum,
1046 901 1111 968 duo
1126 905 1232 976 claris-

172 987 244 1056 simi
259 988 360 1054 aetatis
378 1009 442 1052 suae
457 986 672 1072 imperatores
696 985 796 1071 major
816 985 922 1075 gloria¹
938 987 971 1050 in
988 987 1165 1074 Scipione⁰r
1188 1005 1231 1070 et,

172 1071 237 1161 quo
259 1071 369 1159 major,
393 1095 432 1139 eo
451 1071 617 1158 ²7propior
638 1071 800 1136 invidiam.
845 1069 987 1142 Quinctii
1009 1077 1172 1156 recentior,
1197 1092 1232 1145 ut

172 1161 227 1252 qui
242 1182 280 1226 eo
295 1181 381 1226 auno
394 1158 627 1244 triumphasset.
669 1156 859 1236 Accedebat,
876 1158 962 1246 quod
981 1159 1060 1226 alter
1074 1160 1231 1232 decimum
1264 1219 1267 1228 ,

167 1248 233 1334 jam
246 1268 348 1332 prope
358 1268 476 1310 annum
492 1244 636 1311 assiduus
648 1244 681 1308 in
696 1243 969 1316 oculishominum
986 1243 1087 1316 fuerat
1095 1273 1112 1328 ς,
1127 1248 1231 1341 ²lquae
1293 1268 1301 1278 ·

172 1356 223 1398 res
244 1333 355 1400 'minus
381 1331 533 1400 verendos
555 1352 688 1418 magnos
709 1330 944 1418 homines‘ipsa
969 1332 1109 1399 satietate
1138 1335 1229 1408 facit:

173 1418 281 1484 consul
297 1419 410 1484 iterum
425 1431 497 1504 post
510 1417 666 1482 devictum
684 1415 912 1494 Hannibalem,
929 1439 1102 1504 censorque
1116 1420 1229 1490 fuerat.

174 1506 212 1570 ln
230 1503 383 1582 Quinctio
396 1501 512 1568 ²⁹nov'a
527 1515 560 1568 et
575 1502 713 1569 recentia
727 1502 834 1566 omnia
845 1502 884 1566 ad
899 1504 1033 1592 gratiam
1050 1523 1157 1572 erant:
1180 1510 1230 1572 ni-

171 1591 217 1655 bil
232 1613 290 1656 nec
304 1591 438 1676 petierat
451 1613 471 1654 a
484 1591 605 1675 populo
619 1601 692 1674 post
706 1587 913 1674 triumphum,
926 1609 983 1654 nec
998 1591 1129 1678 adeptus
1144 1609 1230 1664 erat:

166 1678 343 1802 prpbsrutre
353 1698 509 1762 germane,
522 1697 582 1740 non
590 1676 744 1758 parmate,
755 1685 902 1757 repetere
915 1675 1034 1746 aiebat:
1051 1700 1115 1760 pro
1128 1682 1230 1764 legato

170 1775 202 1830 ei
242 1764 403 1846 participe
424 1763 637 1826 administrati
650 1760 731 1826 helii.
753 1783 785 1828 se
799 1771 895 1840 terra,
897 1762 1038 1847 fratrem
1060 1765 1230 1844 amarem
1351 1832 1352 1836 ,

166 1852 303 1936 gessisse.
350 1847 413 1914 His
448 1847 596 1922 obtinuit,
626 1860 662 1912 ut
689 1845 892 1933 praeferretur
924 1847 1103 1928 candidato,
1134 1872 1376 1940 quemsaprovie.

173 1935 343 2006 Africanus
368 1933 464 1999 frater
488 1930 660 2008 ducebat1’3
678 1955 776 2018 quem
797 1931 947 1998 Cornelia
967 1957 1054 2026 gens,
1080 1937 1229 2016 Cornelio
1237 1943 1303 2016 ‘¹¹⁸3
1331 2005 1337 2016 ,

171 2021 301 2102 consule
321 2020 450 2087 comitia
467 2021 619 2108 babente3
643 2018 772 2106 ”quem
795 2031 915 2086 tantum
939 2021 1157 2114 praejudicium
1181 2004 1362 2095 se-Qm‘lw‘

172 2123 275 2186 uatus,
300 2108 405 2173 'virum
431 2130 449 2174 e
471 2106 596 2172 civitate
621 2107 777 2190 optimum
800 2105 988 2191 judicatum,
1015 2109 1070 2196 qui
1096 2117 1247 2178 matrem'

172 2195 292 2260 Idaeam
307 2193 492 2261 Pessiumrte
500 2194 675 2258 venientem
686 2192 718 2255 in
731 2191 842 2256 urbem
858 2192 1026 2277 acciperet.
1058 2193 1098 2266 L.
1110 2198 1231 2267 Quinc-

172 2282 234 2346 tius
248 2295 281 2346 et
296 2280 357 2346 Cn.
374 2279 536 2352 Domitius
557 2277 791 2344 Ahenobarbus
814 2278 958 2345 consules
980 2278 1065 2346 facti.
1089 2283 1169 2349 adeo
1190 2308 1231 2352 ne

172 2368 204 2432 in
227 2367 352 2454 plebeio
373 2365 500 2453 quidem
522 2363 659 2443 consule,
683 2385 782 2450 quum
803 2386 864 2446 pro
888 2363 926 2430 C.
942 2365 1045 2431 Laelio
1066 2369 1230 2452 niteretur,

174 2453 344 2528 Africanus
360 2452 465 2516 valuit.
511 2449 643 2516 Postero
658 2449 709 2517 die
719 2447 871 2538 praetores
886 2451 983 2516 creati
994 2451 1033 2518 L.
1048 2454 1233 2524 Scribonius

175 2539 270 2622 Libo,
287 2538 336 2607 Μ.
349 2535 479 2606 Fulvius
493 2535 709 2618 Centumalus,
722 2539 763 2602 A.
774 2535 892 2602 Atilius
908 2537 1072 2618 Serranus,
1098 2539 1148 2616 M.
1160 2543 1233 2608 Bae-

174 2625 244 2690 bius
268 2624 468 2710 Tamphilus,
492 2622 531 2690 L.
550 2623 695 2688 Valerius
717 2621 864 2708 Tappor,
888 2622 931 2699 Q.
956 2622 1103 2694 Salonius
1127 2629 1234 2695 Sarra.

173 2711 325 2776 AEdilitas
339 2709 479 2799 ¹insignis
501 2732 540 2773 eo
562 2731 646 2776 anno
660 2708 719 2773 fuit
735 2709 785 2776 Μ.
798 2709 923 2774 AEmilii
939 2709 1055 2796 Lepidi
1077 2727 1108 2778 et
1123 2715 1164 2780 L.
1174 2715 1235 2780 AE-
1301 2705 1304 2714 Δ

174 2797 252 2864 milii
270 2797 382 2884 Paulli.
427 2795 552 2862 Multos
573 2796 737 2883 pecuarios
753 2795 963 2862 damnarunt:
987 2820 1078 2862 exea
1095 2801 1236 2892 pecunia

175 2967 362 3080 E·⁰dScipioar's=
379 2983 399 3016 e.
411 2985 433 3032 q.
444 2983 476 3016 m.
487 2984 507 3015 e.
515 2983 541 3030 p.
554 2967 651 3014 irruide'oe
663 2968 737 3015 Grou.
749 2967 816 3015 Cres.
849 2965 1075 3038 ideducebatbad.
1109 2967 1233 3030 iTeppue

197 3048 242 3082 ω.

207 3169 237 3214 27
254 3164 358 3224 Propior
377 3160 485 3228 invidie]
507 3163 599 3228 sigonii
620 3165 687 3222 liber,
720 3164 798 3211 cundo
820 3163 945 3212 consulatu
962 3175 1106 3224 censuraque
1127 3177 1236 3212 remune-

173 3233 199 3274 ct
215 3243 276 3275 unns
293 3243 307 3274 e
324 3229 482 3275 Gronovianis
497 3231 610 3277 exhibent
627 3232 688 3277 inui-
721 3234 772 3276 rata
789 3229 932 3288 riderentur,
952 3234 995 3274 aut
1016 3228 1127 3283 recentia,
1150 3234 1235 3292 utpote

167 3293 246 3340 'dinsa
280 3293 312 3340 Et
324 3295 433 3340 alludunt
442 3295 548 3354 plurimi,
558 3297 620 3342 inter
628 3310 687 3355 quos
720 3295 838 3341 decimum
847 3295 896 3354 jem
908 3307 998 3340 annum
1010 3293 1129 3340 babentia.

166 3359 607 3420 .vrcrerium,prereruntqueieureia.
626 3364 688 3408 Saue
752 3367 784 3408 80
803 3360 932 3420 Participe
957 3359 1144 3410 administrandi
1169 3356 1236 3422 belli]

174 3424 210 3472 sic
220 3432 284 3474 eruat
295 3424 458 3486 leqniLirinr.
467 3427 495 3472 1..
504 3425 523 3472 1.
532 3441 551 3472 c.
562 3431 601 3472 2⁵.
616 3441 689 3489 prope
723 3425 771 3472 Hic
789 3426 860 3488 vulgo
878 3426 965 3488 legitur
984 3425 1156 3492 administrati.
1189 3425 1236 3472 Sed

173 3490 407 3550 meiumressuerei.
440 3489 473 3536 Et
482 3491 579 3556 ibidem,
585 3493 689 3553 propias
720 3495 832 3552 putamus
861 3487 992 3547 sigonium,
1020 3487 1140 3537 auctorem
1171 3489 1235 3536 illius

174 3553 689 3616 Anam.1ttr.xxvl11.ers.procrmes
720 3555 828 3601 lectionis
857 3569 928 3614 quarn
955 3555 1137 3614 eliminavimus,
1164 3555 1235 3602 nimie

174 3620 331 3668 ...renea
710 3621 844 3684 ,credidisse
861 3619 921 3668 libre
942 3633 995 3677 suo,
1014 3621 1114 3670 editores
1130 3621 1235 3678 Sironis.

206 3690 238 3730 28
257 3685 317 3741 Quo
329 3699 367 3730 ree
378 3685 459 3732 mimae
470 3687 579 3735 uerendus
589 3699 689 3746 nugam
721 3686 793 3738 Quod
810 3687 917 3734 dedimus
933 3685 1088 3746 praeferebam
1104 3687 1163 3734 editi
1178 3693 1236 3736 ente

175 3745 289 3812 besaines]
309 3749 419 3810 Adjicerc
433 3751 613 3812 potuitLiriue,
625 3743 688 3812 qu'od
721 3749 854 3812 sigonium,
871 3757 896 3796 et
912 3756 989 3797 serrat
1001 3750 1064 3802 Vict.
1081 3754 1162 3798 codex.
1189 3753 1235 3798 At·

170 3813 282 3861 'Valerius
299 3817 366 3864 Max.
381 3821 492 3874 testetur,
509 3819 526 3864 1.
542 3815 574 3863 11.
586 3831 606 3862 c
619 3823 641 3862 4.
659 3830 688 3862 eo
721 3830 765 3876 que
776 3817 822 3862 buc
833 3815 902 3862 nobie
913 3816 1045 3877 elegantius
1057 3816 1159 3864 videtur.

175 3881 303 3928 alienatum
322 3894 373 3926 esre
392 3894 407 3928 a
426 3883 535 3943 Scipione
554 3881 619 3942 vulgi
636 3881 687 3926 ani·
751 3887 782 3928 31
803 3882 1159 3944 Quemtaauanpreyudicium
1167 3897 1237 3930 eene·

176 3959 251 4002 mum,
270 3947 333 4006 quod
348 3951 435 4007 ¹auctor
454 3949 538 3999 inisset
554 3946 688 3994 secernendi
722 3953 772 4006 ius,
784 3943 874 4010 ciram]
893 3947 971 3998 Quem
987 3948 1166 3994 commendabat
1181 3953 1236 3994 tau-

177 4009 228 4056 lcca
243 4011 362 4058 senatoria
376 4025 391 4057 e
405 4013 493 4072 populo
509 4012 534 4058 in
552 4012 614 4058 lutlis
625 4025 691 4072 spec·
722 4018 774 4058 tum
792 4011 953 4074 prejudicium
971 4018 1075 4066 senatus,
1090 4011 1154 4072 quod
1170 4026 1235 4058 nem-

166 4075 261 4122 *undia
293 4076 350 4125 Vid.
361 4078 458 4137 caprei
471 4077 588 4124 xxxiv.
602 4081 673 4124 esar.
722 4093 752 4138 pe
763 4078 792 4124 ab
808 4077 952 4139 amplissimo
968 4077 1049 4123 ordine
1064 4074 1184 4135 judicatus
1199 4089 1236 4122 es·

210 4141 344 4190 29¹⁵Ncua
354 4138 506 4204 elementia]
523 4143 602 4200 Nova,
614 4143 689 4188 intac-
723 4147 760 4189 eet
778 4143 815 4189 rir
835 4158 848 4189 e
865 4129 966 4200 ,civitate
985 4142 1096 4204 optimus.
1130 4139 1235 4187 Unicum

179 4207 212 4262 te,
230 4206 297 4253 nulle
313 4208 427 4263 mercede,
450 4222 502 4270 quoe
525 4208 560 4254 illi
582 4208 689 4254 exsoluta
721 4207 818 4254 verbum
831 4208 955 4254 deducebat
969 4207 994 4251 in
1010 4206 1089 4252 omnis
1104 4203 1177 4260 hujus
1194 4220 1235 4265 pe·

180 4275 246 4332 eun,
266 4273 407 4332 preflorata.
439 4274 565 4332 Recentia,
592 4285 688 4333 nupera.
722 4273 781 4322 riedi
793 4274 898 4320 membra
909 4273 1014 4317 sufficere
1022 4269 1089 4318 Livio
1101 4269 1177 4314 risum
1189 4276 1235 4328 est,

170 4334 267 4396 ‚Contra
286 4338 312 4384 in
332 4334 444 4396 Scipione
466 4338 550 4384 merita
572 4352 620 4385 nun
640 4337 689 4396 jam
722 4353 750 4385 ex
772 4352 837 4385 more
861 4353 875 4384 a
898 4336 966 4384 nobis
995 4339 1079 4380 notato
1100 4333 1133 4378 ad
1151 4332 1168 4378 l.
1187 4334 1234 4380 111.

92 4404 94 4408 '
180 4405 245 4447 erant
260 4407 377 4476 actaeae
393 4403 554 4462 deigratiam,
567 4417 639 4466 quum
655 4417 690 4448 sc·
723 4418 744 4452 c.
754 4407 793 4452 67.

759 4471 870 4527 03⁴·
