3076 4976
383 143 442 202 ³⁸2
764 137 876 201 TITI
905 140 1040 204 L1v11

224 322 254 372 u.
267 323 294 368 c·
305 323 367 368 csse
384 305 491 369 bellurn
503 305 598 390 geri?
642 303 740 368 Modo
754 315 834 369 certe
847 308 979 371 consula
996 305 1148 370 Graciam
1162 315 1255 390 atque
1268 303 1364 368 Asiam
1376 323 1417 366 no·

223 388 253 434 A·
265 389 291 434 ⁰·
307 391 359 435 ¹⁸⁷·
383 391 496 455 lebant.
518 401 619 455 tamen
633 391 897 473 perseverantibus
918 393 1009 468 uobis,
1025 393 1159 476 Ligures
1174 391 1362 475 prouinciam
1377 391 1428 464 de-¹

382 495 514 553 cernere,
530 479 612 541 dicto
633 479 790 541 audientes
798 479 943 561 fluerunt.
988 479 1104 542 Merito
1124 499 1195 562 ergo
1217 499 1239 540 a
1261 476 1419 556 nobispro·

382 585 469 646 spere
485 564 563 628 bello
579 571 673 648 gesto,
688 564 871 648 triumphum
886 574 1003 647 petent,
1026 564 1133 648 quibus
1152 561 1325 627 auctoribus
1339 581 1421 644 gesse-

382 658 465 712 runt.

224 751 328 797 Manus·
339 764 364 796 se
426 733 574 798 XLVII.
597 733 685 798 Talis
699 735 802 800 oratio
817 735 904 799 Furii
926 749 956 798 et
972 733 1097 800 AEmil‘ii
1113 733 1181 798 fuit.
1227 731 1380 798 Manlium
1395 730 1422 792 in

222 815 335 864 seusus.
382 819 469 884 hunc
503 820 641 884 maxime
674 821 804 884 modum
840 821 1038 906 respondisse
1072 821 1261 905 accepimus.
1309 817 1424 881 Tribuni

376 905 477 990 plebis
504 913 598 969 antea
632 908 768 970 solebant
798 909 981 990 triumphum
1014 907 1243 991 postulantibus
1271 902 1424 978 aduersari,

384 993 499 1056 Patres
512 994 685 1076 conscripti.
732 993 848 1068 Quibus
861 1015 916 1077 ego
925 995 1063 1078 gratiam
1074 994 1178 1069 habeo,
1194 991 1278 1076 quod
1290 1011 1340 1068 seu
1352 988 1423 1064 mihi,

381 1099 434 1143 seu
447 1080 656 1163 magnitudini
676 1101 775 1143 rerum
793 1089 956 1162 gestarum,
972 1080 1027 1143 hoc
1041 1081 1197 1155 dederunt,
1213 1087 1250 1140 ut
1271 1098 1331 1138 non
1346 1075 1426 1173 solnm

382 1166 506 1229 silentio
526 1165 753 1250 comprobarunt
775 1166 914 1229 honorem
935 1187 1038 1241 meum,
1057 1164 1140 1229 ⁶⁶sed
1159 1164 1277 1248 inferre
1297 1163 1391 1234 etiam,
1404 1181 1425 1221 sc

382 1260 553 1333 apscessit,
569 1251 744 1315 videremur
761 1252 873 1333 parati
893 1273 963 1316 esse.
1006 1253 1060 1316 Ec
1073 1253 1170 1314 decem
1184 1249 1308 1334 legatis,
1323 1249 1350 1311 si
1363 1245 1425 1308 Diis

375 1339 490 1420 placet,
506 1339 587 1421 quod
599 1335 767 1400 consilium¹
781 1339 992 1420 dispensandae
1005 1337 1294 1419 cohonestandaeque
1307 1331 1426 1397 victoria

383 1421 616 1506 imperatoribus
630 1422 758 1507 majores
772 1425 919 1488 dederunt
932 1425 1039 1499 nostri,
1056 1420 1364 1487 adversarios'habeo.
1391 1416 1424 1478 L.

382 1509 506 1587 Furius,
524 1509 564 1574 L.
574 1509 723 1573 AEmilius
740 1529 858 1572 astrum
878 1510 1087 1591 triumphalem
1101 1529 1147 1572 mc
1159 1508 1355 1572 conscendere
1362 1523 1424 1584 pra·

380 1595 494 1673 hibent,
506 1617 648 1660 coronam
659 1596 809 1680 insignem
820 1597 918 1678 capiti
928 1596 1108 1667 detrahunt·
1125 1615 1199 1678 quos
1209 1613 1276 1678 ego,
1287 1593 1316 1657 si
1324 1587 1425 1654 tribuni

381 1701 427 1744 me
451 1683 641 1765 triumphare
661 1681 870 1764 prohiberent,
891 1691 980 1745 testes
1001 1683 1149 1746 citamrus
1157 1681 1219 1764 fui
1239 1699 1340 1743 rerum
1360 1693 1424 1738 amc

377 1777 541 1852 gestarum.
586 1767 711 1832 Nullius
725 1769 860 1851 equidem
876 1768 996 1831 invideo
1010 1767 1128 1843 honori,
1138 1768 1256 1831 Patres
1269 1759 1422 1842 concupii.

386 1853 444 1916 Vos
457 1851 625 1918 ⁶⁷tribunos
634 1853 737 1935 plebei
750 1875 856 1934 nuper,
868 1853 1057 1938 virosfortes
1068 1873 1104 1916 ae
1117 1863 1265 1927 strenuos,
1282 1848 1423 1932 inpedien-

381 1947 426 2002 tes
444 1937 486 2006 Q.
496 1937 591 2001 Fabii
603 1938 759 2002 Labeonis
775 1939 967 2020 triumphum,
984 1943 1167 2002 auctoritate
1187 1948 1291 2002 vestra
1305 1938 1423 1998 deterru

381 2025 459 2086 istis.
481 2023 691 2105 triumphavit,
708 2043 792 2106 quem
806 2045 866 2086 non
881 2024 987 2087 bellum
1002 2023 1143 2108 irp’ustum
1154 2027 1293 2106 gessisse,
1308 2021 1358 2086 sed
1369 2019 1422 2080 has-

381 2118 440 2172 tem
454 2110 576 2172 omnino
590 2131 651 2172 non
665 2109 784 2183 uidisse,
797 2111 916 2174 inimici
920 2108 1096 2194 jactabant.
1138 2113 1220 2194 Ego,
1234 2111 1422 2195 quianon

381 2203 443 2258 tum
468 2195 601 2260 millibus
617 2196 877 2279 ferocissimorum
905 2197 1032 2260 hostium
1061 2198 1158 2281 signis
1192 2195 1325 2259 conlatis
1350 2189 1422 2254 toties

375 2283 526 2365 pugnam,
543 2284 596 2366 qui
614 2284 687 2365 plus
709 2283 918 2367 quadraginta
939 2285 1039 2348 millia
1060 2284 1210 2347 homiuum
1232 2283 1302 2365 cepi
1319 2285 1370 2341 aut
1384 2293 1421 2335 oc·

381 2369 455 2443 cidi,
471 2370 525 2452 qui
538 2368 612 2431 bina
626 2377 729 2432 eastra
750 2388 850 2431 eorum
872 2371 1055 2452 expugnavi,
1071 2371 1124 2453 qni
1145 2370 1227 2432 citro
1238 2367 1322 2453 juga
1340 2357 1422 2426 Tauri

288 2515 291 2522 .
381 2456 484 2516 omnia
493 2455 670 2536 pacatiora,
686 2475 776 2538 queam
790 2464 875 2518 terra
888 2456 988 2520 Italia
1003 2463 1056 2532 est,
1071 2455 1193 2537 reliqui,
1210 2477 1273 2518 non
1287 2445 1420 2528 triumphu

381 2539 613 2622 modofraador·
619 2573 631 2612 ,·
654 2542 708 2604 sed
720 2561 854 2603 caussam
868 2542 954 2624 apud
966 2561 1025 2618 nos,
1040 2543 1153 2605 Patres
1167 2539 1341 2624 conscripti,
1352 2549 1420 2596 acal·

380 2623 517 2690 sontibus
530 2627 603 2690 meis
624 2626 689 2707 ipse
709 2628 829 2709 legatis,
845 2628 923 2690 dico.
969 2627 1095 2710 Duplea
1115 2647 1226 2703 eorum,
1242 2636 1278 2690 ut
1299 2615 1419 2687 animod-

380 2713 524 2787 oertistis,
540 2713 654 2776 Patres
667 2713 839 2796 conscripti,
855 2714 1007 2776 accinctio
1007 2713 1091 2794 suit.
1114 2733 1195 2789 nom,
1210 2734 1267 2777 nec
1277 2705 1419 2796 gerendum

380 2798 562 2882 mihificisse
576 2798 682 2862 bellum
701 2819 765 2862 cum
782 2797 897 2874 Gallis,
912 2809 942 2861 et
959 2807 1074 2882 gestum
1093 2809 1202 2863 temere
1220 2798 1311 2882 atqui
1330 2795 1418 2874 inpru-

380 2885 496 2960 denter,
512 2886 667 2949 dicerunt.
689 2906 749 2946 non
760 2889 850 2948 erant
861 2885 949 2947 Galli
961 2885 1068 2961 hostes,
1078 2886 1131 2949 sed
1140 2895 1174 2947 tu
1184 2905 1233 2948 eos
1240 2889 1366 2966 pacatos
1376 2876 1417 2936 im·

374 2970 652 3054 peralafircientes
664 2972 798 3034 violasti.
844 2970 914 3034 Nan
928 2993 990 3034 sum
1003 2973 1213 3052 postulaturus
1226 2992 1248 3033 a
1264 2968 1352 3038 vobis,
1367 2960 1417 3024 Ρα-

380 3065 443 3119 tues
452 3058 625 3139 conscripti,
638 3066 681 3132 ut,
694 3077 761 3139 quoe
772 3058 964 3120 communiter
975 3058 1012 3120 dc
1023 3058 1205 3121 inmanitate
1211 3057 1315 3140 gentis
1328 3044 1418 3139 Galli·

381 3163 457 3218 rum,
474 3144 512 3206 de
525 3143 716 3229 infhstissimo
730 3143 801 3204 odio
817 3143 850 3205 in
865 3163 968 3204 nomen
979 3143 1149 3206 Romanum
1163 3144 1258 3219 scitis,
1274 3162 1310 3205 ea
1324 3139 1357 3200 de
1370 3129 1418 3193 ilbi

382 3250 506 3312 quoque,
530 3231 584 3313 qui
601 3227 708 3295 Asiam
730 3229 874 3304 incolunt,
897 3229 1074 3293 existimetis
1094 3227 1242 3292 walin.
1287 3209 1417 3290 Ιίιηῑιῡΐίῑι

416 3395 561 3508 iazrcdings
572 3397 645 3443 Gron·
730 3391 1067 3457 kqnteerrashaemcotnm
1080 3397 1227 3444 uictimis.
1263 3383 1417 3442 Galluffl'

383 3469 428 3509 eto.
473 3475 522 3508 sau.
557 3476 605 3508 scr.

414 3595 446 3638 66
453 3593 522 3637 *Sed
530 3593 618 3652 refirre
628 3590 712 3654 etiarn]
728 3593 892 3639 succensendi
925 3595 998 3640 Recte
1014 3592 1123 3639 obserant
1139 3591 1275 3638 &ananius
1289 3591 1364 3636 nauem*
1374 3569 1416 3622 Μ’

382 3657 411 3704 ιὰ
431 3663 548 3714 sennium,
565 3657 614 3702 sive
631 3663 738 3703 uanum
756 3653 893 3704 consulendi
924 3660 959 3704 loc
980 3658 1018 3703 hic
1037 3664 1167 3718 suspectam
1187 3671 1238 3702 esso
1257 3655 1338 3701 debers
1355 3645 1415 3712 ¹⁰⁶⁰·m

382 3723 411 3768 de
429 3722 665 3781 iisquuvidesentur
680 3723 710 3768 nd
726 3723 892 3782 rempublicam
925 3724 1057 3770 accusatius
1087 3723 1229 3781 inspicienti.
1262 3721 1342 3777 Neque
1366 3711 1414 3751 ‘1¹¹¹'

382 3787 509 3849 periinere,
520 3787 638 3848 hpbobunt
647 3787 736 3833 tribuni
747 3788 831 3847 plebis.
926 3789 1081 3840 communitos
1092 3789 1120 3834 de
1132 3787 1207 3834 Gallis
1221 3783 1341 3832 universis,
1352 3771 1384 3820 ui
1393 3765 1414 3840 bt

414 3857 445 3903 67
465 3851 581 3899 Tribunos
593 3852 670 3911 plebei
681 3882 706 3898 ..
720 3883 726 3898 .
740 3853 893 3912 impedientes
924 3854 970 3899 iilis
982 3854 1074 3914 proprie
1085 3854 1125 3912 qui
1136 3853 1216 3900 Asinus
1228 3845 1366 3897 insoniunt,
1376 3843 1414 3892 ⁸3¹·

384 3919 413 3974 Q.
433 3918 507 3966 Fabii
526 3916 644 3962 Labeonis
666 3915 823 3981 triumphum]
856 3919 893 3963 Dc
925 3925 971 3964 tur.
1004 3918 1117 3964 Videmus
1145 3917 1219 3978 igitur
1244 3917 1317 3976 iegcsu
1337 3903 1411 3953 debers,

383 3984 428 4031 hoc
448 3983 521 4030 saio
541 3981 632 4028 duobus
650 3983 816 4028 tantummodo
837 3982 893 4028 iocis
926 3983 1042 4042 quomodo
1057 3984 1083 4029 iu
1094 3983 1239 4043 Moguntinn
1254 3963 1413 4036 editioneh‘bff·

382 4050 431 4110 egit
442 4049 533 4106 Liuius,
545 4061 629 4108 nempe
645 4061 664 4093 c.
677 4047 723 4092 uit.
733 4046 748 4091 Ι.
760 4047 893 4094 XXXVII.
925 4057 974 4103 tus,
984 4049 1023 4093 cui
1039 4048 1129 4094 accedit
1138 4059 1200 4094 unus
1211 4063 1230 4103 ,e
1241 4045 1308 4091 MSS.
1319 4033 1411 4108 fluctu:

382 4120 407 4161 ct
417 4129 437 4160 c.
449 4120 489 4164 89.
507 4114 577 4173 hujus
596 4112 659 4170 libri,
673 4123 715 4157 noc
732 4111 803 4157 uitam
821 4113 892 4170 huius
925 4129 952 4159 eo
963 4113 990 4158 dc
1001 4113 1051 4158 illis
1063 4127 1159 4175 quoquc,
1173 4115 1214 4174 qui
1228 4118 1305 4158 teum
1315 4105 1352 4152 bot
1362 4103 1411 4166 'ms

381 4181 516 4226 certaminis
536 4179 687 4226 tribunorum
705 4176 892 4226 adversamus:
925 4177 1234 4236 inflammemus-aulis.
1269 4167 1411 4221 Remlssffl'

382 4245 527 4292 machonem
539 4244 603 4291 iecit.
925 4257 996 4290 umroe
1003 4245 1086 4304 gentis
1093 4244 1197 4302 infamia
1205 4249 1277 4305 aeque
1285 4227 1412 4288 cautium

415 4313 445 4355 68
464 4310 543 4357 Galim
557 4341 565 4356 .
582 4341 588 4356 .
603 4324 647 4370 per
661 4310 748 4370 seipsos
765 4302 894 4370 netimate]
926 4323 950 4356 sc
961 4309 1023 4370 ipsos
1031 4309 1155 4355 carimate.
