3136 4982
342 187 414 242 ‹aar›
745 181 857 243 τιτι
886 161 1023 244 urim

194 361 330 412 mosea.
355 345 479 412 modice
500 345 667 432 locupletis
690 344 845 413 habitum.
866 343 899 412 et'
920 341 1025 412 oratio
1044 338 1110 411 'fuit
1133 345 1287 410 subruisse
1311 335 1343 408 et
1363 337 1419 406 'in-

194 431 225 477 A.
235 433 263 479 0·
277 435 329 480 ¹⁸⁹·
354 431 463 508 stacta,
480 433 677 498 extenuantis
697 455 774 517 opes
796 453 877 511 suas,
893 433 1084 520 urbiumque
1098 451 1172 518 suoe¹
1182 431 1314 496 ditionis
1327 449 1419 518 eges·-

354 531 450 584 tarem
465 520 634 604 querentis.
680 518 782 584 Erant
796 533 900 585 autern
910 517 975 583 sub
988 543 1037 596 eo,
1051 515 1171 606 prmter
1184 513 1350 605 Cibyram,
1366 528 1419 580 cte

356 605 496 691 Syleum,
511 618 543 669 et
565 604 696 672 Alimne
718 609 811 690 quaad
832 605 1021 690 adpellatur.
1036 627 1077 670 ex
1097 604 1156 684 his,
1171 615 1207 669 ut
1230 623 1264 668 se
1278 620 1417 690 suosque

354 690 512 774 spoliaret,
529 691 669 777 quinque
682 705 714 756 et
737 690 849 779 viginti
871 691 989 756 talenta
1011 710 1044 756 se
1065 690 1295 768 confecturum,
1316 707 1420 775 prope
1528 730 1529 746 .

353 791 390 842 ut
413 776 568 857 diffidens,
597 777 816 863 pollicebatur.
862 779 1039 854 ammae,
1063 777 1168 863 inquit
1192 777 1313 851 consul,
1335 773 1420 856 ferri

344 861 417 947 jum
441 863 601 942 ladffirotio
615 865 673 928 mlo
694 874 878 946 conpotem.
919 867 1033 928 Pomm
1049 875 1101 939 est,
1116 885 1177 926 nou
1191 865 1342 927 cubuisse
1362 861 1419 924 ob·
1529 864 1530 940 ζ

353 959 477 1026 sentem,
490 971 582 1033 quum
596 973 650 1033 per
672 951 792 1036 legatos
804 949 1003 1032 frustrareris
1016 971 1086 1013 uos:
1107 967 1242 1030 proaem
1257 948 1420 1034 quoqueiu

313 1071 317 1082 ·
354 1037 649 1118 cctdenrirrpudentio
660 1037 820 1120 perraria.
857 1037 995 1120 Quinque
1009 1036 1295 1121 avigernam
1310 1046 1418 1118 tyrun-
1530 1041 1531 1054 ¹

354 1123 454 1186 niden
471 1131 555 1186 tuom
576 1124 792 1187 salmuriensi?
823 1121 849 1160 ⁶¹
865 1121 1040 1207 Quingeatu
1060 1143 1135 1206 ergo
1149 1121 1267 1185 talentu
1282 1122 1340 1184 nisi
1363 1121 1419 1184 tri-
1531 1175 1532 1180 ,

254 1255 256 1260 -
356 1209 416 1272 dan
438 1229 588 1286 aramenus,
605 1210 825 1292 populationem
847 1210 877 1274 in
898 1205 998 1294 agris,
1015 1209 1194 1272 obsidionem
1219 1209 1252 1270 iu
1273 1207 1346 1271 urbe
1366 1227 1420 1271 ea-

354 1304 470 1376 specta.
499 1294 590 1360 'Hac
613 1295 857 1360 denunciatione
879 1294 1077 1369 conterritus,
1093 1307 1234 1379 perstare
1256 1294 1419 1358 tamenin

354 1380 509 1465 pertinaci
532 1381 729 1446 simulatione
744 1381 873 1466 inopia.
895 1395 928 1445 et
950 1379 1113 1466 paullatim
1134 1379 1291 1444 inliberali
1313 1379 1420 1465 adjec-

354 1467 451 1543 tione,
466 1489 553 1532 nunc
566 1468 593 1506 ⁶²
605 1489 663 1552 per
681 1467 923 1544 cavillationem,
940 1487 1026 1532 nunc
1037 1465 1194 1551 precibus
1215 1477 1249 1530 et
1264 1465 1420 1530 simulatis

354 1551 512 1638 lacrymis,
536 1555 728 1620 ad2centum
751 1554 868 1619 talenta
889 1567 937 1618 est
953 1551 1139 1637 perductus.
1164 1552 1287 1637 adjecta
1308 1550 1420 1617 decern

355 1639 453 1706 millia
475 1641 677 1760 medimntim
706 1640 866 1706 frmnenti.
914 1640 997 1704 Haec
1022 1639 1130 1704 omnia
1158 1639 1243 1704 intra
1266 1659 1321 1704 sex
1349 1638 1419 1704 dies

347 1738 491 1792 extem.

398 1812 477 1878 XV.
499 1813 666 1900 ACibyra
684 1835 743 1899 per
766 1835 860 1902 agros
884 1812 1085 1879 Sindensium
1111 1811 1268 1878 exereitus
1289 1811 1419 1890 ductim

354 1911 629 1986 transgressusque
653 1899 821 1965 Caularem
842 1919 978 1976 amnem,
999 1901 1104 1985 posuit
1126 1911 1240 1964 castra.
1285 1899 1421 1967 Postero

283 2061 287 2070 ι
354 1985 407 2050 die
421 1997 468 2050 est
483 1999 599 2068 praeter
615 1986 770 2052 Caralitin
779 1985 927 2069 paludem
939 2007 1053 2072 agmen
1065 1986 1207 2052 ductum.
1229 1985 1307 2069 ⁵³ad
1320 1984 1420 2050 Man-

354 2070 511 2156 dropolim
528 2085 722 2136 manserunt.
745 2072 819 2137 inde
830 2071 1107 2160 progredientibus
1121 2071 1162 2136 ad
1173 2075 1218 2136 La
1241 2094 1295 2149 on,
1307 2072 1420 2156 proxi·

355 2177 439 2222 mam
464 2156 585 2235 urbem,
609 2172 695 2224 metu
720 2158 833 2223 incolae
851 2158 1011 2245 fugerunt.
1055 2159 1198 2224 Vacuum
1218 2095 1417 2234 bominibus,

354 2256 386 2308 et
411 2241 563 2309 refertum
592 2266 699 2310 rerum
727 2244 871 2310 omniurn
900 2245 1003 2330 copia,
1027 2244 1182 2331 oppidum
1207 2243 1420 2330 diripuerunt.
1539 2257 1540 2272 ¹

354 2327 429 2394 inde
457 2328 499 2398 ab
525 2329 618 2418 Lysis
642 2331 783 2396 fluminis
806 2331 902 2410 fonte,
928 2343 1055 2418 postero
1078 2331 1131 2396 die
1155 2331 1196 2396 ad
1224 2331 1420 2396 Cobulatum

354 2437 480 2481 amnem
495 2417 665 2505 progressi.
710 2417 948 2498 Termessenses
968 2441 1007 2484 eo
1029 2423 1171 2503 tempore
1186 2415 1421 2484 Isiondensium

353 2524 470 2584 arcem,
494 2503 575 2569 urbe
595 2517 699 2589 capta,
722 2505 967 2592 obpugnabant:
991 2504 1113 2582 inclusi,
1136 2524 1236 2591 quum
1252 2504 1322 2570 'alia
1347 2527 1420 2589 spes

354 2588 464 2654 auxilii
485 2589 573 2654 nulla
595 2603 686 2668 esset,
702 2591 821 2678 legatos
843 2591 884 2656 ad
908 2591 1081 2667 consulem,
1096 2609 1223 2655 orantes
1238 2612 1343 2675 opem,
1359 2591 1422 2654 mi·

242 2681 249 2704 ¹
354 2687 472 2742 serunt.
495 2699 561 2741 mm
576 2675 749 2763 comagibus
763 2699 801 2742 oc
814 2679 916 2744 liberis
929 2680 961 2743 iu
975 2700 1045 2742 arce
1065 2676 1191 2742 inclusos
1205 2700 1237 2742 se
1251 2689 1377 2742 mortem
1389 2679 1423 2742 in

261 2791 263 2795 ’
354 2763 431 2842 dies,
442 2760 591 2844 autferro
605 2773 659 2828 out
665 2759 757 2845 same
766 2766 958 2848 potiendam,
974 2774 1159 2850 exspectare.
1197 2763 1325 2827 Volemi
1340 2786 1421 2829 con·

355 2847 417 2912 suli
432 2860 541 2914 caussa
557 2850 588 2913 in
608 2849 827 2938 Pamphyliam
842 2851 1020 2915 divertendi
1040 2849 1147 2915 oblata
1168 2862 1224 2915 est.
1247 2847 1421 2914 advebiens

344 2933 530 3022 obsidione·
557 2936 753 3022 Isiondenses
789 2939 916 3002 exemit.
962 2937 1132 3001 Termesso
1174 2958 1283 3022 pacem
1317 2937 1417 3014 dedit,

353 3019 622 3110 ⁵⁴quinquaginta
651 3022 777 3089 talentis
805 3046 841 3088 ar
882 3025 930 3088 nti
958 3024 1113 3106 acceptis:
1137 3023 1213 3087 item
1244 3023 1420 3108 Aspendiis

353 3110 527 3194 ceterisque
549 3108 746 3196 Pamphyliae
768 3131 852 3194 popu
867 3111 901 3174 is.
948 3109 999 3174 Ex
1020 3109 1212 3194 Pamphylia
1230 3108 1356 3174 rediens
1379 3109 1421 3174 ad

344 3193 484 3260 'fluvium
501 3194 647 3260 Taurum
663 3196 768 3280 primo
790 3195 994 3281 die,*postero
1016 3196 1058 3260 ad
1082 3195 1222 3282 Xylinen
1240 3200 1348 3283 (quem
1366 3220 1422 3262 vo-

344 3281 442 3363 ¹cant)
465 3303 577 3347 comen
608 3282 714 3368 posuit
739 3296 853 3349 castra.
899 3282 1064 3348 Profectus
1086 3283 1163 3347 inde
1185 3283 1424 3350 continentibus

352 3365 518 3434 itineribus
543 3368 584 3434 ad
612 3369 787 3434 Cormasat
807 3369 918 3434 urbem
941 3369 1096 3456 pervenit.
1140 3369 1245 3434 Darsa
1271 3370 1421 3453 proxima

352 3452 429 3526 urbs
451 3467 527 3520 erat.
549 3477 629 3533 earn,
646 3467 733 3520 metu
755 3455 930 3520 incolarum
952 3455 1120 3535 desertam,
1135 3455 1421 3539 plenamomnium

343 3559 459 3612 ,rerum
481 3541 574 3628 copia
598 3542 730 3608 invenit.
776 3541 998 3630 Progredienti
1023 3553 1140 3628 praeter
1164 3541 1296 3627 paludes
1321 3541 1420 3630 legati

328 3659 333 3684 ι
352 3626 395 3690 ab
418 3625 733 3712 Lysinom‘dedentes
756 3628 927 3707 civitatem,
943 3642 1108 3694 venerunt.
1153 3627 1234 3692 Inde
1256 3628 1289 3692 in
1309 3648 1424 3716 agrum

342 3711 608 3800 Sagalassenum,
639 3713 769 3780 uberem
798 3714 997 3802 fertilemque
1017 3715 1113 3794 ¹omni
1138 3735 1255 3803 genere
1278 3713 1422 3803 frugum,

262 3873 270 3880 -
384 3849 572 3901 seiunctos
585 3856 654 3902 cra.
736 3852 847 3918 saque
855 3856 1028 3904 Arsmrenaea
1109 3856 1321 3918 enatam,
1337 3841 1419 3904 tei.

351 3916 484 3979 persistas?
500 3919 565 3966 Ead.
602 3931 604 3940 ⁴
637 3912 787 3968 scarnen.
852 3923 1015 3969 scamarum
1025 3921 1090 3969 Eed

385 4037 414 4078 nt
435 4031 576 4092 Quiagma
598 4027 702 4095 tamea]
720 4033 812 4080 Marsas
833 4047 871 4080 ar·
902 4035 995 4081 variant
1015 4035 1107 4096 scripti,
1121 4037 1146 4080 et
1165 4037 1256 4080 retorna
1275 4033 1340 4080 editi
1367 4035 1418 4080 Jac.

350 4097 416 4152 acuti
436 4099 525 4147 46875.
544 4099 644 4145 Castam
661 4099 763 4156 taleme,
780 4111 869 4145 marcar
902 4099 1037 4146 Gronovius
1055 4093 1276 4156 legitddnrm‘oeum,
1289 4098 1370 4146 urbem
1382 4099 1421 4146 Pi·

343 4167 425 4210 3876.
901 4165 967 4211 sidia
975 4171 1128 4212 memoratam
1141 4165 1269 4226 Stephano.

343 4261 346 4268 .
384 4223 869 4290 os*Percaar'llata'anerrr]1’ermororas
935 4236 965 4278 54
986 4230 1170 4292 Quinquaginta
1197 4223 1307 4292 takutr’s]
1332 4227 1419 4274 Mareia

350 4292 465 4352 aaran,
476 4307 535 4355 qua
546 4293 717 4341 carratam·
728 4293 844 4340 cusano.
901 4287 980 4345 rear:
991 4307 1045 4344 eum
1058 4295 1133 4343 unet·
1146 4302 1170 4342 ⁴.

280 4375 283 4388 =
383 4361 415 4401 att
432 4358 475 4403 Ad
495 4355 684 4424 Hermopolim]
705 4357 812 4406 Multum
830 4359 869 4406 lric
