3104 4976
128 2000 244 2064 doniae
260 2011 411 2076 evadare,
427 1999 569 2084 quamvis
584 2010 653 2061 toto
667 2019 767 2084 prope
781 1999 859 2062 orbe
876 2011 1045 2078 terrarum,
1062 1999 1205 2087 undique

411 187 504 248 LIB.
526 182 676 248 xxxnr.
702 181 808 248 CAP.
833 183 921 248 xlx
1015 223 1018 228 v
1135 197 1197 252 ,105

124 349 209 420 dum
233 345 353 418 ordine
375 359 408 420 et
431 343 519 419 velat
543 353 659 438 stipata
685 345 827 438 phalanx
851 347 1051 431 consistebat,
1077 343 1198 420 moveri
1206 371 1276 425 uc.
1288 365 1346 426 sss}

130 441 352 528 nequiverunt.
380 453 560 527 postquam,
587 439 668 504 laevo
696 439 793 505 latere
820 439 953 518 nudato,
978 439 1344 526 circumjacens-⁰³⁹⁷·

130 527 240 593 hastas
252 527 286 591 in
302 526 483 592 venientem
497 547 538 590 ex
559 541 737 591 transverso
758 525 881 592 hostem
903 527 1010 591 conati
1031 540 1115 605 sunt,
1130 539 1200 594 tur·

131 615 202 680 heti
230 613 393 698 extemplo
421 613 592 678 tumultum
620 612 727 698 primo
751 613 834 676 inter
862 635 896 678 se
923 611 1080 678 fecerunt:
1111 629 1200 702 terga

131 699 261 766 deinde¹
279 713 425 766 vertunt:
455 713 625 785 postremo,
650 699 780 784 abjectis
809 701 913 776 armis,
938 700 972 762 in
1002 700 1200 785 precipitem

131 786 240 872 fugam
264 787 364 863 effusi,
384 785 550 874 Bargylias
572 797 713 870 petentes
733 785 894 874 fugerunt.
939 785 1063 852 Eodem
1084 800 1117 851 et
1138 787 1200 853 Di·

130 887 280 938 nocrates
301 873 453 960 perfugit.
472 914 478 931 =
498 873 629 949 Rhodii,
652 885 806 960 quantum
829 871 893 937 diei
915 873 1069 958 superfuit
1090 875 1199 952 secuti,
1236 867 1239 880 '

131 979 325 1044 receperunt
339 971 389 1024 se'
404 959 445 1024 sd
464 973 575 1024 castra.
621 960 704 1024 Satis
726 971 859 1038 constat,
874 959 901 1024 si
924 959 1088 1024 confestim
1102 961 1201 1026 victo-

131 1069 179 1111 res
206 1047 443 1112 Stratoniceam
467 1046 628 1130 petissent,
653 1046 750 1129 recipi
775 1067 844 1110 eam
870 1045 982 1110 urbem
1008 1047 1075 1112 sine
1099 1061 1202 1112 certa-

131 1134 219 1198 mine
245 1135 399 1217 potuisse.
444 1132 661 1196 Praetermisaa
682 1133 748 1218 ejus
768 1133 815 1197 rei
839 1133 963 1198 occasio
987 1145 1043 1211 est,
1066 1133 1143 1199 dum
1166 1135 1200 1198 in

132 1219 272 1284 castellis
293 1219 433 1305 uicisque
451 1218 570 1283 Peraeae
594 1218 782 1303 recipiendis
804 1231 929 1305 tempus
948 1219 1069 1285 teritur.
1113 1220 1201 1286 Inte·

132 1308 193 1370 rim
219 1306 323 1370 animi
348 1327 469 1383 eoram,
491 1305 545 1391 qui
573 1304 802 1376 Stratoniceam
828 1305 979 1390 praesidio
1002 1305 1200 1386 obtinebant,

131 1391 316 1460 confirmati
336 1407 427 1456 sunt.
452 1411 530 1455 mox
552 1405 585 1456 et
607 1391 798 1457 Dinocrates
819 1415 892 1457 cum
914 1392 964 1470 iis,
987 1414 1060 1479 qua
1084 1394 1202 1478 proelio

133 1491 332 1564 supererant,
354 1479 453 1562 copiis
476 1479 604 1543 intrarit
631 1498 753 1542 muros.
797 1478 1021 1564 Nequidquam
1046 1481 1121 1546 inde
1141 1481 1201 1546 oh-

133 1589 217 1630 scssa
232 1564 482 1651 obpugnataque
495 1564 572 1630 urbs
587 1576 644 1630 est.
665 1565 775 1650 recipi,
790 1565 850 1628 nisi
865 1563 1028 1652 aliquanto
1045 1580 1128 1650 post,
1142 1589 1202 1651 per

134 1650 335 1718 Antiochum
348 1673 415 1716 non
432 1652 547 1736 potuit.
593 1650 677 1715 Haec
699 1653 731 1715 in
747 1649 920 1728 Thessalia,
936 1649 1007 1715 haec
1020 1651 1054 1715 in
1068 1653 1201 1733 Achaia,

134 1739 204 1804 haec
218 1740 253 1802 in
272 1738 351 1802 Asia
365 1759 422 1821 per
435 1737 561 1802 eosdem
576 1737 643 1802 dies
657 1736 756 1810 ferme
769 1751 866 1826 geste.

176 1825 280 1892 XIX.
305 1825 474 1909 Philippus
498 1845 596 1911 quum
622 1824 772 1904 audisset,
792 1824 971 1902 Dardanos,
993 1837 1336 1914 transgressosrhuippus

136 1914 215 1976 lines
236 1911 316 1976 ⁸⁵ah
341 1925 503 1976 contemtu
528 1911 671 1976 concussi
695 1925 763 1978 tum
789 1912 890 1999 regni,
906 1914 1070 1997 superiora
1094 1909 1336 2022 Mace-25:¹¹⁰·

135 2109 167 2150 se
193 2105 335 2172 suosque
363 2085 554 2172 prodigente
580 2082 718 2162 fortuna,
743 2085 946 2172 urguebatur,
971 2099 1077 2150 tamen
1103 2099 1205 2152 morte

135 2173 258 2237 tristius
284 2185 384 2248 ratus,
405 2170 605 2249 Macedonia
630 2171 724 2235 etiam
752 2172 946 2256 possessione
968 2173 1055 2258 pelli,
1081 2172 1205 2239 delectu

136 2260 257 2345 raptim
274 2280 332 2344 per
352 2261 445 2323 urbes
461 2256 677 2322 Macedonum
692 2256 813 2335 habito,
828 2281 902 2324 cum
918 2281 971 2324 sex
986 2259 1127 2326 millibus
1149 2283 1205 2346 pe·

136 2347 239 2411 ditum
262 2358 295 2408 et
315 2344 497 2431 quingentis
514 2344 672 2430 equitibus
694 2345 778 2408 circs
798 2345 914 2410 Stobos
933 2345 1074 2411 Paeoniae
1095 2347 1206 2432 inpro-
1315 2367 1316 2376 ¹
1348 2347 1351 2354 “

138 2434 204 2497 viso
218 2431 332 2496 hostes
346 2431 510 2516 obpressit.
556 2429 681 2516 Magna
695 2430 867 2497 multitudo
880 2431 1046 2498 hominum
1063 2432 1097 2497 in
1120 2455 1207 2519 pros·

138 2520 192 2598 lio,
217 2519 322 2605 major
346 2517 513 2603 praedcndi
539 2517 689 2600 cupidine
714 2517 818 2602 palate
843 2540 901 2604 per
968 2539 1021 2591 ros,
1044 2541 1127 2586 caess
1148 2533 1206 2592 est.

139 2607 257 2692 quihus
282 2604 360 2692 fuge
380 2604 557 2690 expeditior
578 2603 647 2683 fuit,
670 2625 713 2668 ne
734 2616 855 2670 tentato
876 2605 931 2692 qui
955 2627 1004 2671 cm
1027 2629 1102 2672 casu
1124 2629 1207 2696 pug-

139 2715 200 2770 nae,
217 2694 252 2755 in
269 2690 349 2756 fines
362 2713 435 2758 suos
449 2690 622 2758 redierunt.
668 2690 718 2756 Es
733 2713 797 2756 una
810 2691 1013 2777 expeditione
1026 2693 1128 2758 8lnon
1146 2714 1208 2780 pro

139 2780 266 2866 reliquo
279 2790 363 2842 stetu
377 2776 515 2842 fortuna
536 2776 628 2854 facta,
646 2776 769 2842 refectis
787 2799 916 2842 suorum
930 2779 1055 2858 animis,
1070 2779 1208 2844 Thessa·

140 2866 278 2930 lonicem
296 2865 513 2948 sererecepit.
557 2863 633 2928 Non
653 2876 718 2928 tum
740 2866 773 2928 in
796 2876 939 2947 tempore
962 2864 1121 2927 Punicum
1142 2863 1209 2929 bel·

141 2952 206 3016 lum
229 2951 436 3016 terminatum
456 2963 533 3028 erat,
550 2971 591 3015 ne
610 2949 705 3015 simul
725 2962 757 3014 et
777 2971 850 3014 cum
867 2948 1018 3034 Philippo
1039 2949 1120 3015 foret
1142 2950 1209 3016 bel-

141 3038 296 3114 landum3
319 3058 414 3122 quem
430 3050 620 3124 opportune,
631 3037 698 3123 jam
715 3034 876 3102 Antiocho
895 3038 929 3100 in
946 3035 1039 3123 Syria
1060 3037 1210 3104 moliente
1217 3057 1335 3104 Antisara

142 3124 274 3201 bellum,
305 3123 472 3209 Philippus
504 3137 552 3188 est
572 3135 748 3208 superatus.
777 3145 862 3203 nam,
885 3135 1100 3211 praeterquam
1122 3123 1332 3211 quodsrrigs

140 3211 265 3276 facilius
288 3231 360 3274 cum
383 3211 429 3272 siu
457 3209 526 3290 ulis,
542 3231 637 3296 quam
653 3212 678 3274 si
693 3211 726 3273 in
743 3231 841 3274 unum
865 3210 960 3275 ambo
982 3211 1076 3281 simul
1096 3189 1361 3277 contu-”¹⁰¹¹“m

142 3297 254 3364 iissent
283 3296 375 3374 vires,
405 3233 554 3361 bellatum
584 3309 649 3369 est3
685 3297 844 3382 Hispania
876 3320 1003 3401 quoque
1035 3298 1094 3362 sub
1124 3299 1209 3364 idem

143 3399 269 3471 tempus
283 3405 403 3472 magno
422 3382 617 3448 tumultuati
641 3381 759 3448 bellum
776 3398 984 3450 consurrexrt.
1029 3386 1210 3452 Antiochus

143 3493 255 3556 quum,
271 3472 379 3556 priore
403 3483 510 3536 aestste
535 3470 691 3546 omnibus,
707 3492 779 3554 quae
794 3472 826 3534 in
846 3470 1046 3558 Coele-Syria
1066 3486 1151 3554 sunt,
1166 3475 1211 3539 ci·

142 3557 294 3623 vitatibus
311 3556 533 3637 Ptolemaeijn
549 3578 636 3620 suam
651 3569 838 3640 potestatem
861 3557 1005 3634 redactis,
1020 3559 1054 3624 in
1075 3560 1212 3626 hiberna

142 3645 353 3712 Antiochiam
378 3643 595 3717 concessissem
626 3643 728 3708 nihilo
752 3643 921 3729 quietiores
946 3658 1054 3729 postea
1079 3669 1129 3711 res
1154 3647 1213 3712 ha-

143 3731 224 3797 huit.
250 3732 397 3794 omnihus
419 3731 503 3793 enim
526 3729 617 3830 regni
633 3729 753 3794 viribus
774 3730 932 3808 connisus,
949 3753 1048 3818 quum
1069 3733 1214 3822 ingentes
1243 3783 1249 3787 -

145 3820 254 3904 copias
276 3829 439 3884 terrestres
461 3815 701 3904 maritimasque
722 3829 942 3902 comparasset,
958 3819 1116 3906 principio
1130 3821 1214 3886 reris

558 3959 574 3989 Ἠ
583 3973 633 4004 cere
643 3957 716 4006 Gron·
730 3959 799 4008 Crcv.

140 4071 203 4118 ‘dela
227 4073 308 4119 omnir
333 4071 413 4120 medic
439 4075 510 4121 acies.
542 4073 665 4121 Dertncm
697 4087 848 4122 concursum.

150 4151 221 4183 eamn
231 4139 383 4192 Macedones.
394 4153 467 4201 arque
477 4141 533 4186 dam
544 4169 571 4187 ..
731 4141 847 4186 86*Noa
861 4142 1005 4206 perreliqua
1016 4148 1083 4190 stata
1091 4135 1216 4202 fhrtunae]

181 4208 211 4249 ⁸5
221 4204 262 4250 All
271 4209 405 4266 mrempm
414 4207 516 4252 coacoers'
523 4211 576 4251 tum
583 4199 666 4268 regni]
699 4205 774 4265 Cujus
785 4209 885 4252 eventus
903 4221 953 4254 non
968 4209 1107 4268 congrueret
1117 4201 1215 4262 relique

32 4255 34 4330 i
150 4266 209 4324 lere
220 4281 274 4315 eum
285 4269 421 4326 Perizonio,
432 4272 545 4319 evacuari.
562 4269 577 4298 ⁸
585 4270 667 4322 Quum
699 4271 750 4330 ejtrs
759 4272 878 4331 fortunae3
897 4287 949 4333 qne
957 4284 1068 4334 prospera
1077 4271 1148 4322 esset,
1157 4267 1216 4317 dnm

147 4339 331 4382 contemnerent
359 4335 464 4382 Dardani
488 4351 585 4392 mgnum
611 4336 667 4383 Phi·
699 4338 796 4384 wrote
812 4349 867 4384 eum
887 4337 913 4386 in
930 4337 1025 4400 reliquia
1042 4331 1152 4383 omnihus
1168 4331 1217 4380 lor-

151 4396 219 4461 lippi,
243 4405 294 4449 tum
321 4399 393 4450 striis
416 4401 549 4464 crebrisque
573 4402 666 4450 damnis
699 4402 877 4464 tunnurgebst.
