3136 4982
355 163 359 174 “
419 174 513 250 nin.
539 183 721 246 xxxvru.
747 185 849 276 cnr.
877 185 975 246 xxv.
1053 265 1054 270 q
1166 118 1224 250 acl

163 349 206 372 bo

221 363 340 440 paret,
355 358 514 417 mutunus.
559 348 682 416 Gmsul
695 371 728 414 se
742 370 869 436 quoque
883 347 1031 416 attalum
1052 349 1369 423 murmano-ama

160 375 253 506 dllit.
296 438 350 504 Ad
363 440 426 503 hoc
441 435 645 522 conloquium
667 435 829 522 utrimque
842 449 971 501 ventum
986 449 1045 504 ast.
1065 439 1262 505 trecentcsl·
1272 439 1302 486 ⁰⁴
1313 445 1367 488 ¹⁸⁹·

161 527 284 616 equites
307 525 433 591 Attalns
461 521 615 608 presidii.
629 543 861 608 mensasquum
885 522 1080 602 adduxisset,
1096 523 1222 611 ”jactae

161 625 236 678 aunt
262 614 348 696 pacis
371 611 577 676 conditiones.
622 609 710 673 Finis
730 609 778 674 rei
799 609 874 696 quia
896 608 1078 674 absentibus
1090 611 1224 678 ductibus

98 762 106 774 ,
160 701 274 785 inponi
297 718 363 762 non
388 710 525 782 poterat,
539 693 760 773 convenit,'uti
785 694 896 760 consul
918 717 1071 782 rugaque
1090 719 1131 762 eo
1150 697 1226 764 loco

160 799 290 872 platano
309 787 360 849 die
380 783 664 871 congrederentur.
707 781 884 846 Frustratio
899 781 1068 847 Gallorum
1081 799 1295 870 torpeo-estu
1306 797 1367 846 tnui-

161 874 259 948 σῶοι,
274 872 411 960 primurn
427 882 462 934 nt
476 881 616 934 terererrt
627 881 763 952 tempus,
778 867 882 933 donec
893 867 978 932 ⁹²res
991 878 1095 952 musal,
1108 865 1327 956 quibueffiffl‘l,r

159 957 333 1045 periclitari
351 957 515 1034 nolebant,
529 975 602 1020 cum
617 955 803 1042 conjugibus
821 977 860 1020 ae
880 954 986 1020 liberie
1007 968 1095 1020 trans
1111 932 1331 1044 Halyn⁰⁰¹¹⁸⁸¹¹’

159 1045 280 1110 flumen
295 1044 492 1131 trajicerent:
514 1041 630 1107 deiude
650 1041 740 1127 quod
760 1041 822 1124 ipsi
844 1042 976 1119 consuli,
990 1061 1108 1128 parum
1130 1057 1226 1110 cauto

159 1132 310 1197 adversm
320 1129 481 1214 conloquii
490 1127 646 1204 fraudem,
658 1127 901 1192 insidiabantur.
924 1127 1226 1196 Milleadeernrem

160 1240 202 1283 ex
218 1218 306 1282 omni
319 1239 454 1282 nurnero
473 1215 618 1280 audaciae
640 1229 779 1300 anpertae
803 1213 988 1303 delegerunt
1006 1216 1134 1302 equites
1181 1217 1226 1284 Et

161 1304 359 1370 successisset
372 1301 493 1379 fraudi,
502 1303 538 1366 ni
551 1321 612 1386 pro
628 1301 704 1387 juro
721 1301 878 1388 gentium,
891 1303 981 1386 cujus
994 1303 1132 1368 abiendi
1147 1325 1225 1370 con-

160 1391 267 1456 siliunt
292 1389 408 1454 initum
428 1403 507 1466 erat,
522 1388 657 1454 stetisset
674 1386 815 1452 fortuna.
858 1387 1069 1454 Pabulatcres
1087 1389 1225 1476 lifflratc-

159 1499 274 1564 resque
291 1475 430 1540 Romani
443 1476 477 1539 in
491 1479 711 1559 campartem,
726 1473 760 1538 in
775 1493 838 1559 qua
851 1474 1056 1559 conloquium
1079 1479 1223 1543 futurum

159 1576 238 1640 crat,
253 1563 343 1628 «litai
361 1574 454 1638 sunta
474 1561 574 1626 tutius
588 1560 621 1625 id
637 1559 779 1625 fcturum
800 1561 935 1626 tribunis
953 1563 1041 1639 ratis,
1057 1563 1133 1649 quia
1146 1585 1224 1628 con-

158 1651 235 1716 sulis
255 1648 442 1735 presidium
461 1662 494 1713 et
513 1647 618 1732 ipsunt
640 1668 701 1732 pro
722 1647 857 1712 statione
871 1647 1010 1713 babituri
1024 1661 1124 1726 mant,
1140 1649 1225 1715 hosti

157 1736 366 1821 obpositam
384 1755 473 1800 siam
494 1747 602 1800 umen
626 1732 757 1798 alteram
779 1733 947 1800 stationem
968 1735 1100 1819 propius
1121 1748 1226 1801 castra

160 1837 381 1888 autentorum
402 1821 547 1908 equitum
570 1831 757 1906 posuerunt.
803 1819 935 1898 Consul,
959 1820 1147 1888 adfirmante
1162 1825 1223 1888 At-
1294 1871 1300 1886 t

160 1909 237 1987 telo,
252 1921 404 1974 rerrturos
422 1929 522 1996 reges,
537 1921 570 1972 et
583 1906 716 1994 umam
741 1927 810 1971 rem
830 1925 933 1992 posse,
948 1906 1112 1992 proiectus
1123 1931 1142 1974 e
1155 1931 1224 1974 caa-

157 1995 227 2074 trir,
243 2017 340 2082 qurum
355 1995 477 2072 eodeni,
493 2015 560 2084 quo
569 2006 671 2070 auten,
682 1991 832 2079 praesidio
846 1995 987 2080 equitum
1000 1995 1143 2082 quinque
1153 1995 1225 2060 mil-

159 2081 278 2147 liafere
291 2081 502 2168 proeesmuet,
510 2102 569 2146 nec
583 2079 719 2144 multum
732 2103 751 2144 a
762 2081 935 2145 conabum
947 2080 1021 2146 loca
1033 2082 1165 2160 abesset,
1173 2103 1226 2148 re-

158 2181 257 2256 pente
279 2169 447 2234 conc'netis
466 2168 557 2254 equis
579 2187 654 2232 cum
675 2166 787 2252 inpetu
808 2166 914 2232 hostili
936 2167 1023 2232 videt
1037 2168 1148 2234 Gallos
1169 2191 1224 2234 ue-

157 2255 291 2322 nientes.
312 2254 476 2320 contituit
489 2273 614 2342 agmm,
629 2264 661 2317 ct
675 2253 829 2337 expedire
845 2253 1117 2340 telo¹nnirncsque
1133 2258 1223 2343 equi-

159 2341 245 2408 tibus
262 2343 356 2428 jussis
380 2342 488 2427 primo
512 2351 695 2405 constanter
718 2339 844 2404 initium
866 2361 986 2427 pugnae
1007 2344 1141 2427 accepit,
1164 2365 1224 2410 nec

160 2429 265 2495 cessit.
287 2428 374 2505 dein,
396 2449 494 2515 quum
518 2437 734 2512 prepararet
752 2425 934 2506 multitudo,
957 2425 1069 2493 cedere
1094 2429 1221 2509 sensim,

159 2514 241 2580 nibil
260 2514 398 2580 confusis
412 2529 589 2580 turmarum
605 2511 780 2590 ordinibus,
796 2513 907 2598 coepit.
932 2533 1105 2599 postremo,
1121 2537 1221 2602 quum

154 2602 223 2688 janu
237 2599 310 2687 plus
323 2601 357 2665 in
372 2621 464 2666 mora
480 2599 624 2688 periculi,
640 2621 735 2686 quam
757 2600 791 2664 in
813 2599 979 2667 ordinibus
1001 2603 1226 2670 conservandis
1364 2618 1368 2630 ¹

158 2687 297 2772 praesidii
311 2700 402 2766 esset,
417 2709 527 2752 ornnes
544 2685 662 2772 passim
676 2687 709 2750 in
724 2685 833 2770 fingam
849 2685 939 2754 effusi
954 2685 1039 2752 sunl.
1061 2703 1130 2755 turn
1144 2712 1221 2756 vero

157 2775 276 2840 insum
297 2773 455 2858 dissipatis
468 2773 564 2849 Galli,
579 2785 611 2837 et
624 2773 763 2837 caedere:
786 2793 967 2860 magnaque
978 2794 1053 2859 pars
1073 2775 1223 2860 obpressa

156 2860 240 2926 foret
261 2862 295 2925 ni
318 2861 413 2926 statio
435 2860 668 2947 pabulatorum,
691 2859 831 2924 sexcenti
854 2861 985 2946 cqrritee,
999 2861 1221 2930 obcurrissent.

158 2942 200 3024 Ii,
229 2947 342 3032 procul
370 2948 509 3028 clamore
536 2945 654 3032 parido
682 2967 811 3010 sucrum
842 2946 1003 3024 exaudito,
1031 2947 1129 3034 quum
1160 2950 1222 3015 tela

156 3053 318 3120 equosque
338 3035 552 3119 expetiissent,
571 3034 637 3096 inte
674 3033 686 3095 i
711 3031 911 3118 profligatam
936 3055 1078 3120 pugnam
1092 3057 1223 3121 accepe-

142 3132 243 3184 runt.
287 3119 401 3206 ltaque
415 3143 505 3184 versa
518 3132 649 3204 extemp
661 3141 681 3182 o
701 3122 830 3183 fortuna
843 3132 902 3199 est,
916 3141 1024 3184 versas
1034 3122 1071 3184 in
1088 3123 1223 3188 victores

157 3229 178 3270 a
198 3206 288 3272 victis
310 3220 422 3271 terror.
444 3219 477 3271 et
498 3205 604 3290 primo
625 3206 735 3290 inpetu
755 3203 815 3270 fusi
832 3207 918 3272 Galli
940 3219 1027 3283 sunt,
1041 3219 1074 3272 et
1086 3231 1126 3272 ex
1138 3213 1222 3298 agris

157 3293 390 3358 concurrebant
412 3293 622 3378 pabulatores,
646 3305 679 3356 et
700 3291 843 3378 undiquc
866 3293 977 3358 maine
1003 3293 1103 3359 bostis
1117 3295 1224 3362 Gallia

156 3392 242 3444 erat:
252 3427 255 3433 -
265 3395 302 3444 ut
316 3401 357 3445 ne
371 3379 478 3467 fugam
494 3379 622 3466 quidem
636 3377 759 3444 facilem
773 3391 830 3445 aut
843 3391 946 3444 tutam
965 3378 1129 3459 haberent,
1146 3385 1223 3469 quia

157 3467 338 3534 nonnum
363 3466 454 3552 equis
477 3465 616 3530 Romani
640 3464 739 3530 femor
759 3466 983 3552 sequebantur.
1028 3467 1126 3534 Pauci
1142 3491 1223 3558 ergo

157 3551 351 3640 effugerunt.
370 3565 480 3640 captus
499 3565 546 3617 est
560 3573 673 3616 nemo:
696 3552 799 3638 major
811 3553 912 3618 multo
931 3575 1006 3638 pars
1018 3553 1109 3641 ⁹⁶par·
1122 3555 1221 3622 fidem

157 3639 264 3702 violati
278 3639 437 3726 conloquii
449 3659 560 3724 poenas
574 3650 678 3704 morte
690 3640 829 3705 luerunt.
875 3639 1023 3718 Romani,
1035 3643 1221 3710 ardentibus

582 3779 596 3818 Υ
607 3789 662 3824 eam
672 3776 717 3823 ins.
730 3775 798 3824 (trev.

189 3915 218 3960 91
238 3909 318 3956 Jaceoe
341 3914 399 3954 rant
417 3909 487 3969 pacis
510 3907 666 3971 conditione]
703 3915 761 3956 cunt
779 3910 865 3956 latini.
899 3911 938 3958 Sic
954 3913 1016 3958 inira
1033 3913 1049 3960 Ι.
1062 3913 1118 3961 XL.
1138 3929 1159 3960 c.
1180 3921 1217 3962 tt.

155 3977 217 4031 nere
228 3989 281 4022 cunr
294 3974 549 4034 Gronovio,jcetcloe.·
565 3975 614 4020 *itt
623 3981 669 4033 eat,
703 3975 841 4036 quidaliud
849 3991 921 4038 quam
931 3979 1027 4037 ingenii
1036 3979 1110 4038 santo
1119 3981 1216 4040 pericli·

155 4039 547 4104 agitata,bincetindepenratre·
702 4046 773 4086 turer.
1298 4051 1301 4058 ·

188 4113 220 4156 9³
237 4107 420 4163 &aracaeum
431 4099 676 4167 quibusperlclt'loert'}
735 4111 768 4154 tt
784 4106 834 4152 Per
846 4105 921 4168 fidem
939 4107 1026 4154 muloti
1042 4108 1154 4170 coaequis*
1167 4125 1216 4168 poe·

154 4170 211 4216 Duo
230 4171 322 4230 scripti,
338 4184 400 4217 unus
421 4185 435 4216 c
454 4171 624 4228 Gronovianis,
645 4176 670 4216 ct
701 4169 758 4231 aaa]
774 4174 862 4218 Preces
879 4173 991 4232 colloquii
1014 4174 1155 4234 interposita
1171 4175 1221 4220 lidc

155 4241 237 4284 aceres
255 4237 318 4282 vict.
337 4236 449 4296 ignorant
470 4235 669 4296 propositionem.
701 4237 861 4283 fraudulenter
876 4239 965 4284 violati.
998 4237 1063 4285 Sicl.
1076 4239 1095 4284 1.
1108 4253 1128 4286 c.
1141 4245 1220 4302 uper·

153 4301 205 4347 Neo
216 4302 342 4362 quidquam
355 4302 498 4348 incommodi
513 4307 551 4348 est
567 4313 617 4347 enm
632 4315 668 4346 rc·
693 4303 738 4362 sca
749 4303 856 4362 cufim
867 4303 965 4364 decepti.

154 4368 235 4430 legari.
268 4365 413 4413 Periclltcrt'*
425 4366 487 4414 enim
505 4368 587 4428 aliqua
598 4367 669 4412 redi·
