3042 4954
281 153 298 204 8
341 195 346 202 ,
671 135 943 222 Trrrmvrr
1001 143 1042 188 a

123 311 154 357 U·
164 312 190 358 0·
202 318 263 363 ⁵⁶2:
282 309 411 373 Italian
426 305 640 378 transmiserit,
656 305 798 386 quietura
822 311 877 366 ont
892 323 1043 366 ruunsura
1066 303 1099 368 in
1110 305 1183 385 fide
1196 305 1345 370 creditis?

121 378 153 425 A.
165 380 192 425 ⁰·
203 385 258 430 ²⁰⁰·
282 393 503 458 ³⁰Manserunt
518 390 595 454 enirn
610 391 731 453 Punico
747 398 857 470 postea
873 389 961 452 betto.
983 410 1144 476 nunquan
1159 392 1347 473 istipupuli,

284 483 348 546 nisi
361 501 448 562 quum
461 479 569 554 deerit,
581 478 625 542 'ad
639 498 722 558 quem
738 477 914 550 desciscant,
927 497 947 536 a
962 475 1048 538 nobis
1062 497 1123 538 non
1134 479 1283 558 dejicient.
1312 477 1348 542 Si

277 569 431 652 piguisset
444 561 495 628 uos
507 566 541 626 in
555 563 697 647 Africam
712 561 865 646 trajicere,
877 563 968 624 leodic
982 564 1015 624 in
1027 563 1127 624 Italia
1139 563 1349 628 Hannibalem

280 665 315 732 ¹et
326 651 606 733 Karthaginienses
616 650 713 712 hostes
721 648 883 712 haberetis.
927 648 1243 730 Macedonianum,
1259 672 1349 732 quam

284 741 395 814 Italia,
412 738 518 801 bellurn
533 735 654 800 habeat.
676 735 804 798 testium
819 734 907 798 urbes
929 736 1058 817 agrique
1064 735 1159 818 ferro
1174 741 1265 819 atque
1280 737 1349 820 ign·

285 834 450 890 vastentur.
495 823 630 904 Experti
640 821 712 903 jam
731 843 829 888 snmus
839 821 928 904 foris
949 821 1046 900 nobis,
1062 843 1151 904 queant
1169 823 1346 906 dornifeti-

284 911 790 993 cioropotentioraque'arruaesse.
827 909 876 970 Ite
885 909 918 970 in
929 908 1120 994 suffugiunt,
1131 908 1204 972 bene
1203 908 1349 992 juvanti-

284 999 338 1062 brus
355 997 439 1073 Diis,
456 1006 495 1072 et,
512 1015 579 1078 qun
592 995 708 1058 Patres
721 1003 908 1070 censuerunt,
924 1015 975 1057 oos
985 993 1104 1077 jubete.
1147 993 1254 1079 Hujus
1268 996 1351 1060 uobis

230 1120 232 1129 v
285 1086 444 1148 sententia
457 1103 518 1152 non
532 1083 636 1144 consul
651 1083 738 1144 modo
752 1090 859 1143 auctor
873 1089 926 1154 est,
941 1083 995 1147 sed
1015 1081 1107 1144 etiam
1124 1081 1187 1144 Dii
1200 1084 1349 1146 inmorta-

240 1171 248 1184 ’
286 1173 345 1242 Ies‚·
371 1172 424 1254 qui
438 1171 515 1232 nihi
531 1169 720 1250 sacryteanti
729 1167 940 1249 precantiquu
957 1177 991 1229 ut
1004 1168 1059 1230 troc
1073 1167 1180 1230 tectum
1202 1170 1287 1246 milei,
1304 1191 1350 1233 se-

286 1259 386 1332 natui,
402 1255 583 1338 ³¹uobr'sque,
599 1263 629 1316 et
643 1255 733 1316 sociis
750 1275 787 1315 uc
801 1255 918 1336 nomini
932 1253 1062 1329 Latino,
1077 1253 1220 1318 classibus
1235 1257 1350 1318 enerci-

285 1345 423 1427 te'busque
434 1343 546 1406 nostris
555 1341 628 1404 bene
638 1362 675 1403 ao
676 1339 821 1423 feliciter
831 1341 975 1418 eueniret,
986 1341 1059 1414 latu
1070 1341 1173 1404 onnia
1181 1353 1350 1424 prospera-

279 1452 344 1512 que
352 1431 547 1512 portendere.

122 1537 147 1581 r.
161 1536 190 1580 u.
204 1532 252 1580 bel·
330 1515 429 1580 VIII.
453 1515 506 1579 Ab
521 1513 739 1580 honoratione
754 1513 787 1577 in
803 1513 986 1599 suffraqum
1003 1507 1097 1596 missi,
1112 1515 1139 1553 ³²
1150 1515 1194 1578 uti
1210 1528 1349 1602 rogarat,

113 1599 257 1680 *lpqubes
287 1600 404 1666 bellurn
415 1601 586 1687 jusserunt.
610 1663 611 1672 ,
633 1600 831 1685 Supplicatio
845 1599 918 1665 inde
934 1599 1144 1665 aconsulibus
1158 1601 1190 1664 in
1208 1603 1350 1666 triduum

124 1667 327 1776 {ssffilc'lflfflssex
358 1687 628 1754 senatusconsulto
658 1689 778 1751 indicta
803 1699 859 1762 est,
889 1687 1105 1772 obsecratique
1134 1688 1219 1752 circa
1244 1691 1351 1757 omniu

125 1763 261 1842 berrum'ue.
286 1773 464 1858 pulvinaria
489 1774 557 1848 Dii,
578 1773 605 1811 ³³
616 1786 658 1849 ut,
684 1772 769 1856 quod
794 1772 910 1837 bellum
939 1795 1012 1836 cum
1036 1773 1187 1858 Philippo
1212 1775 1350 1860 populus

122 1867 233 1945 cretum..
281 1863 434 1946 jussisset,
451 1859 483 1923 id
508 1862 586 1922 bene
609 1881 645 1922 sc
664 1857 796 1923 feliciter
811 1859 959 1934 eveniret,
973 1857 1206 1945 ³⁴corrsultique
1227 1861 1350 1926 secleles

123 1928 233 2036 &gasulis
244 1929 326 2011 fe'ab
341 1946 469 2012 consule
486 1945 637 2028 Sulpicio,
654 1944 783 2024 bellum,
795 1945 879 2030 quod
896 1944 1089 2028 indiceretur
1104 1948 1172 2036 regi
1188 1946 1351 2034 Philippo,

194 2023 200 2035 ’
287 2048 393 2096 utrum
410 2033 470 2116 ipsi
484 2032 594 2116 utique
615 2032 760 2096 nunciari
773 2033 939 2118 juberent3
962 2055 1002 2096 an
1025 2035 1099 2096 satis
1121 2047 1213 2112 esset,
1229 2035 1261 2098 iu
1278 2034 1351 2098 fini-

285 2119 344 2183 bus
370 2120 460 2204 regni
486 2117 572 2204 quod
598 2118 780 2202 proximum
801 2118 984 2202 praesidium
1007 2132 1097 2198 esset,
1120 2143 1160 2184 eo
1182 2119 1352 2186 nuncisri'?

284 2204 408 2270 feciales
430 2205 647 2280 decreverunt,
664 2216 773 2268 utrum
796 2227 907 2269 eorum
929 2204 1060 2287 fecisset,
1076 2220 1160 2270 recte
1181 2206 1350 2275 facturum.

287 2291 418 2358 Consuli
441 2315 460 2355 a
484 2289 632 2354 Patribus
652 2291 851 2375 permissum,
875 2305 921 2369 ut,
937 2313 1031 2377 quem
1046 2292 1215 2373 videretur,
1237 2317 1276 2358 ex
1300 2294 1350 2373 iis,

285 2379 340 2464 qui
355 2392 448 2444 extra
470 2390 612 2444 senatum
629 2390 739 2454 essent,
755 2376 893 2461 legatum
918 2379 1057 2464 mitteret¹
1079 2380 1118 2444 ad
1143 2379 1259 2444 bellum
1282 2383 1351 2469 regi

122 2483 245 2529 Exercitus
285 2465 501 2530 indicendum.
547 2465 634 2528 Tum
657 2463 697 2527 de
718 2463 910 2529 exercitibus
925 2465 1089 2530 consulum
1114 2483 1353 2554 praetorumque
1398 2496 1409 2510 ‘

122 2563 258 2608 ⁰⁰⁰¹P⁵¹³¹¹·
285 2565 404 2615 notum.
427 2550 570 2616 consules
595 2550 684 2616 blnss
707 2549 847 2638 legiones
873 2551 1010 2616 scribere
1029 2553 1125 2636 jussi;
1156 2567 1275 2618 veteres
1300 2554 1351 2618 di·

121 2622 168 2661 ω·
286 2641 411 2702 mittere
430 2639 598 2702 exercitus.
644 2636 796 2722 Sulpicio,
813 2637 864 2702 cui
886 2659 1003 2702 novum
1026 2660 1063 2702 ac
1076 2643 1193 2725 magni
1215 2641 1352 2706 nominis

286 2724 404 2789 bellum
425 2725 586 2790 decretum
607 2736 685 2804 erut,
701 2725 899 2807 permissum,
915 2740 950 2790 ut
972 2723 1013 2787 de
1027 2727 1182 2805 exercitu,
1199 2747 1292 2812 quem
1310 2728 1351 2796 P.

287 2811 397 2895 Scipio
418 2834 457 2875 ex
480 2809 587 2874 Africa
609 2812 812 2893 deportasset,
830 2811 1035 2890 voluntarios,
1057 2835 1136 2897 quos
1157 2829 1273 2897 posset,
1289 2814 1350 2880 du·

285 2910 388 2962 cerel:
413 2898 547 2962 Invitum
564 2919 711 2982 nequem
733 2897 864 2961 militem
882 2912 1023 2966 veterem,
1036 2898 1172 2962 ducendi
1191 2901 1243 2984 jus
1257 2915 1351 2971 esset.

287 2985 484 3048 Praetoribus
508 2983 546 3046 L.
564 2983 662 3048 Furio
679 2983 878 3068 Purpureoni
898 2983 989 3058 etQ.
1006 2982 1153 3047 Minucio
1170 2985 1258 3052 Rufo
1281 2989 1350 3072 qui·

285 3093 327 3134 na
343 3071 442 3134 millia
463 3069 583 3134 socibm
599 3068 709 3133 Latini
723 3069 860 3132 nominis
877 3069 987 3134 consul
1009 3069 1116 3134 duret:
1139 3071 1253 3157 quibus
1267 3097 1352 3159 prae·

286 3157 374 3222 sidiis
403 3156 482 3220 alter
511 3153 660 3230 Galliam,
684 3153 764 3218 ulter
790 3155 933 3219 Bruttios
958 3156 1154 3239 provinciam
1181 3158 1351 3227 oblineret.

287 3243 330 3319 Q.
359 3242 490 3306 Fuleus
513 3240 602 3305 Gillo
623 3253 655 3304 et
677 3239 744 3325 ipse
764 3240 870 3326 jussus
896 3264 937 3306 ex
964 3265 1003 3306 eo
1027 3245 1183 3326 exercitu,
1199 3267 1294 3333 quern
1311 3247 1351 3312 P.

257 3359 264 3364 ·
287 3330 394 3393 AElius
409 3327 520 3392 consul
535 3326 705 3406 habuisset,
720 3340 757 3391 ut
772 3330 904 3413 quisque
926 3329 1057 3394 mInime
1078 3334 1179 3396 multa
1194 3332 1351 3418 stipendia

285 3417 428 3494 haberet,
444 3414 559 3502 legere,
575 3412 677 3476 donec
692 3429 722 3478 et
738 3414 804 3498 ipse
819 3413 959 3500 quinque
980 3415 1078 3482 millia
1100 3418 1224 3482 socibm
1240 3441 1277 3484 ac
1292 3442 1351 3484 no·

286 3502 381 3566 minis
393 3500 500 3564 Latini
512 3499 680 3564 effecisset:
703 3500 729 3538 ⁵⁵
740 3501 771 3566 id
783 3500 933 3585 praesidio
946 3503 1063 3570 Siciliae
1075 3504 1246 3588 provinciae
1258 3521 1351 3574 esset.

317 3752 349 3794 so
366 3745 512 3791 blancorum
532 3745 606 3811 eninr]
640 3750 732 3800 Ironice
754 3752 803 3798 dic·
832 3753 883 3798 Iac.
896 3751 1031 3797 Gronov'rus
1042 3749 1154 3806 excussit,
1163 3755 1187 3794 et
1199 3748 1281 3795 u'ostru
1292 3749 1348 3796 Vio-

286 3817 345 3920 uugi
369 3875 495 3936 Votisque,
504 3883 527 3922 et
534 3880 606 3924 sociis
615 3895 643 3926 nc
651 3884 743 3927 nomini
752 3883 802 3928 La·
833 3818 1197 3941 tortiscogitusultiqnefeciales.
1210 3911 1217 3923 .
1236 3911 1242 3924 .
1248 3880 1353 3940 serim

285 3939 347 3996 tim]
364 3941 427 3986 vics.
440 3943 526 3988 codex:
550 3945 668 4007 uobisque,
684 3947 800 4006 Quirites,
833 3945 996 4007 decreuerunt]
1031 3945 1119 3992 Odiosa
1141 3945 1258 4004 repetitu.
1292 3947 1350 3990 Pus·

283 4007 356 4082 sociis
367 4021 396 4052 ao
407 4006 499 4053 nomini
509 4011 614 4056 Latino:
633 4013 717 4059 melius
728 4015 803 4086 etde·¹
833 4014 907 4058 terius
926 4013 983 4058 illud
999 4011 1102 4071 feciales
1121 4009 1222 4057 libenter
1239 4007 1351 4056 deleveri-

283 4079 413 4186 (lelttu'lllti
420 4138 533 4203 rogarat]
541 4107 600 4189 vVisl.
609 4149 660 4190 nob
670 4150 709 4190 52.
719 4144 747 4188 nd
757 4143 799 4189 VI.
833 4092 896 4188 mig}
915 4143 947 4188 tu
958 4140 1081 4202 prasidio]
1116 4139 1251 4187 Gronovius
1262 4139 1348 4188 mento

282 4207 323 4248 38.
346 4203 348 4208 “
832 4209 956 4254 emendat:
976 4208 1158 4268 iitproestdtum.
1192 4207 1348 4264 censetque·

313 4275 345 4315 38
366 4271 399 4314 Ut
409 4269 470 4331 quod
478 4271 576 4335 bethem]
593 4275 734 4320 AddIdimus
746 4285 798 4332 par·
832 4287 877 4331 que
889 4271 1014 4335 legendum
1027 4289 1083 4334 esse,
1094 4278 1123 4319 ut
1135 4271 1282 4332 Intelligulur
1292 4270 1348 4331 jus·

281 4335 377 4382 tleuram
390 4344 425 4395 nt,
435 4338 576 4396 jubentibus
585 4342 606 4388 Τ
608 4341 718 4397 buunaeo,
730 4352 798 4398 quem
831 4348 892 4384 sum.
908 4396 912 4405 Ι
