3104 4976
436 181 531 245 nin.
551 169 694 244 xxxiv.
721 175 824 244 cnr.
844 181 956 244 xilv.
1160 188 1213 250 171
1287 173 1292 182 ’

156 344 222 439 pio,
237 346 315 412 satis
328 365 390 412 esse
402 347 509 412 Italica
528 367 619 414 arrum
641 346 977 426 emensieniensi:
999 347 1095 412 alteri
1116 343 1364 412 deco-unns.

156 433 288 501 nendum
304 430 522 498 Macedonium
542 455 613 500 esse.
656 435 776 500 &Ham
790 454 888 518 graue
901 432 941 496 ob
953 433 1105 500 Antiocho
1127 422 1257 496 inari-4
1269 421 1298 471 ⁰·
1310 428 1365 474 ¹⁹⁴·

155 539 239 584 nere·
251 518 323 602 jum
337 519 434 602 pacm
448 530 625 603 snnsponte
638 522 672 584 in
686 521 845 603 Europam
859 528 1088 604 transgressam.
1134 517 1221 595 Quid

50 663 55 674 .
157 604 432 691 deindefoeturum
446 617 609 684 censerent,
625 628 714 692 quum
724 607 796 670 binc
806 605 1009 674 AEtolilrnud
1021 605 1110 670 dubie
1123 605 1220 670 bootes

157 701 301 756 vocarent
320 693 364 755 od
382 690 499 768 bellum,
516 694 604 756 illinc
618 692 794 772 Hannibal,
809 692 959 756 Romam
972 691 1109 756 cladibus
1123 693 1220 776 insig-

157 778 208 842 nis
222 779 400 863 imperator,
414 779 611 843 stimularet?
633 777 722 843 Dum
737 776 778 842 de
791 776 961 862 provinciis
975 776 1141 844 consulum
1156 775 1220 840 dis·

157 873 314 948 ceptatur,
331 875 484 946 praetores
503 863 606 930 sortiti
620 876 702 930 sunt.
748 863 808 928 Cn.
821 862 967 928 Domitio
980 863 1103 928 urbana
1122 862 1220 948 juris-

157 947 265 1026 dictio,
279 948 322 1014 T.
337 933 488 1014 Juventio
501 951 668 1051 peregrina
681 949 794 1014 evenit.
841 948 879 1013 P.
896 947 1046 1016 Cornelio
1064 949 1222 1034 Hispania

158 1033 299 1112 ulterior,
324 1035 398 1102 Sex.
413 1035 539 1118 Digitio
559 1037 703 1103 citerior:
731 1036 854 1100 duobus
876 1034 937 1100 Cn.
954 1035 1121 1114 Corneliis,
1145 1035 1221 1100 Bla-

159 1120 240 1186 sioni
260 1120 379 1200 Sicilia,
402 1119 569 1188 Marendae
592 1122 749 1190 Sardinia.
794 1120 834 1186 ln
854 1119 1079 1208 Macedoniam
1101 1143 1221 1188 novum

158 1207 332 1272 exercitum
357 1209 568 1292 transportari
593 1230 657 1274 non
677 1207 806 1295 placuit.
830 1229 913 1287 eum,
929 1208 984 1294 qui
998 1221 1078 1274 esset
1099 1206 1157 1289 ibi,
1171 1229 1221 1272 re·

158 1293 234 1359 duci
247 1294 281 1358 in
297 1292 423 1361 Italiam
438 1316 457 1358 a
472 1292 636 1373 Quinctio,
651 1317 690 1360 ao
704 1293 832 1360 dimitti.
854 1292 929 1360 item
951 1317 1024 1359 eum
1045 1295 1221 1360 exercitum

160 1379 287 1456 dimitti,
319 1379 373 1466 qui
401 1401 475 1445 eum
506 1379 555 1446 M.
584 1382 700 1446 Porcio
726 1380 847 1444 Catone
875 1381 908 1444 in
939 1379 1100 1466 Hispania
1127 1392 1221 1446 esset.

161 1465 354 1532 Consulibus
377 1466 530 1532 ambobus
546 1466 671 1532 ltaliam
692 1465 887 1552 provinciam
902 1488 980 1544 esse,
995 1479 1027 1532 et
1041 1465 1153 1532 “duas
1166 1488 1221 1532 ur·

159 1553 258 1618 banos
290 1575 344 1618 eos
379 1551 518 1640 legiones
545 1554 698 1619 scribere:
735 1562 782 1628 ut,
812 1552 959 1630 dimissis,
988 1574 1068 1639 quos
1095 1565 1223 1618 senatus

160 1638 341 1720 censuisset,
362 1637 560 1719 exercitibus,
586 1652 659 1706 octo
682 1637 814 1702 omnino
838 1639 993 1704 Romanae
1013 1637 1153 1726 legiones
1173 1661 1222 1703 es·

161 1736 241 1794 sent.

203 1811 332 1878 XLlV.
354 1811 422 1876 Ver
435 1834 559 1878 merum
573 1810 692 1877 factum
718 1823 787 1878 erat
806 1813 912 1897 priore
926 1833 1022 1892 auno,
1040 1811 1090 1877 M.
1106 1811 1221 1878 Porcio
1230 1824 1384 1872 Variacum.

161 1911 193 1964 et
208 1899 247 1963 L.
259 1898 389 1964 Valerio
402 1898 594 1965 consulibus.
616 1898 649 1964 iu
665 1921 764 1983 quum
782 1899 818 1964 Ρ.
831 1897 973 1964 Licinius
987 1897 1133 1983 pontifex
1154 1919 1221 1966 uon

162 2007 228 2050 esse
248 1998 332 2050 recte
352 1984 472 2050 factum
501 1983 637 2072 collegio
662 1986 810 2070 primum,
828 1984 944 2053 deiude
968 2005 1009 2049 ex
1035 1984 1222 2050 auctoritate

161 2071 286 2158 collegii
314 2070 472 2150 Patribus,
497 2071 721 2148 renunciasset,
745 2072 786 2136 de
803 2073 929 2158 integro
942 2069 1123 2136 faciendum
1137 2070 1221 2136 arbi·

160 2170 245 2224 tratu
268 2156 454 2242 pontificum
475 2171 682 2234 censuerunt;
705 2156 896 2243 ⁴⁷ludosque
920 2178 1064 2248 magnos,
1084 2158 1139 2241 qui
1159 2179 1224 2224 una

159 2246 225 2309 voti
254 2256 366 2319 essent,
397 2252 488 2308 tanta
525 2243 671 2328 pecunia,
701 2257 823 2329 quanta
857 2243 1022 2322 adsolent,
1051 2243 1222 2310 sumendos.

161 2329 263 2395 ¹⁸Ver
276 2351 400 2396 caurum
417 2328 517 2395 videri
536 2351 642 2414 pecus,
657 2331 744 2415 quod
765 2343 876 2394 natum
898 2344 979 2396 esset
999 2331 1082 2395 inter
1103 2329 1223 2396 Kalen-

161 2416 217 2482 das
242 2415 388 2494 Martios,
411 2427 443 2480 et
465 2415 570 2501 pridie
592 2414 754 2484 Kalendas
777 2414 893 2494 Maias,
918 2415 956 2501 P.
980 2415 1131 2481 Cornelio
1145 2417 1223 2482 Sci-

161 2504 257 2590 pione
270 2515 302 2568 et
316 2503 369 2568 Ti.
387 2502 577 2588 Sempronio
591 2501 707 2589 Longo
718 2501 920 2569 Consulibus.
965 2501 1224 2570 Ceusoruminde

161 2589 289 2656 comitia
312 2587 422 2654 habita
446 2600 530 2654 sunt.
551 2588 647 2654 creati
670 2601 816 2654 censores
831 2589 915 2656 uox.
931 2587 1039 2655 AElius
1062 2590 1171 2656 Paetus
1193 2602 1225 2656 et
1233 2606 1356 2654 οοωοιει.

162 2677 199 2742 C.
229 2674 399 2740 Cornelius
427 2675 586 2762 Cethegus
621 2673 796 2760 principem
825 2687 951 2742 senatus
976 2676 1014 2740 Ρ.
1043 2677 1225 2761 Scipionem

159 2761 332 2840 consulem,
348 2781 443 2847 quem
464 2771 498 2826 et
517 2761 636 2847 priores
650 2781 796 2825 censores
815 2761 967 2848 legerant,
983 2760 1139 2848 legeruntss
1162 2777 1225 2827 tres

161 2848 292 2913 omuino
306 2859 474 2924 senatores,
489 2847 648 2910 neminem
669 2846 771 2910 curuli
793 2845 917 2912 honore
937 2869 1040 2924 usum,
1063 2847 1225 2931 praeterie-

160 2946 244 3000 runt.
288 2933 434 3000 Gratiam
457 2953 583 3020 quoque
604 2932 763 3019 ingentem
779 2932 866 3018 apud
880 2955 952 2998 eum
966 2932 1113 2998 ordinem
1129 2953 1225 3018 pepe-

161 3032 281 3098 rerunt,
296 3018 493 3106 quod‚,ludis
504 3019 666 3096 Romanis,
679 3017 825 3084 aedilibus
840 3016 1003 3086 curulibus
1014 3019 1223 3103 imperarunt,

164 3119 201 3172 ut
213 3106 282 3173 loca
302 3106 459 3172 senatoria
479 3116 677 3172 secernerent
698 3129 718 3170 a
740 3105 871 3192 populo.
894 3126 969 3170 nam
990 3115 1086 3170 antea
1100 3104 1134 3170 in
1147 3124 1374 3192 pro-ramane-

137 3213 139 3220 ,
1230 3189 1326 3238 tonaio

149 3289 159 3306 '
195 3301 228 3344 46
243 3295 316 3344 Dona
334 3295 437 3344 arbom
452 3309 478 3342 eo
493 3289 608 3357 legimns]
625 3295 677 3342 Ma-
709 3293 993 3356 animentsaotendu.
1026 3255 1300 3356 saniequoquam'*

163 3362 210 3410 rito
220 3361 355 3410 Gronovius
371 3361 481 3408 emendat
495 3375 540 3408 eor.
571 3359 677 3408 Urbana
711 3374 805 3408 nemas
815 3367 852 3408 est
862 3361 942 3421 adjici,
955 3372 1028 3420 aquo
1044 3362 1093 3407 ludi
1105 3362 1156 3408 voti
1170 3362 1223 3408 fue·

164 3427 227 3476 enim
236 3427 350 3489 legionen
360 3431 390 3473 nt
399 3426 476 3487 ipsum
490 3438 577 3473 noman
588 3425 677 3473 indicio
710 3426 767 3474 rint.
800 3427 907 3487 *ltaque
917 3432 960 3473 ant
975 3426 1069 3473 Livium
1086 3425 1125 3473 bic
1136 3441 1225 3474 memo·

164 3497 211 3551 est,
222 3493 253 3541 ad
263 3493 394 3540 custodiam
408 3491 473 3537 urbis
490 3490 678 3540 destinabantur.
710 3491 746 3538 ria
760 3491 854 3550 fefellit,
869 3497 913 3538 aut
928 3491 1017 3553 aliquid
1029 3505 1043 3538 a
1054 3492 1154 3540 librariis
1170 3507 1225 3555 pec·

164 3559 197 3606 Et
208 3557 251 3604 has
263 3557 425 3618 quidemqsa
435 3556 465 3602 ab
477 3556 548 3615 hrrJua
557 3555 614 3602 anni
622 3570 678 3602 con·
711 3561 790 3604 catum
801 3561 845 3604 eat.

165 3622 256 3681 salibus
282 3621 427 3680 inibantur,
454 3621 537 3686 Rapa
566 3621 680 3668 mansisse
744 3627 775 3668 48
794 3620 1227 3686 Verrammoidertpecae]1³eem,

164 3689 295 3751 patctexo.
309 3687 426 3736 satnrra
712 3687 776 3748 quod
801 3703 829 3735 ex
853 3687 914 3734 reric
942 3688 1002 3734 sacri
1023 3696 1080 3737 roto
1106 3688 1225 3738 immolari

194 3759 225 3802 47
242 3753 369 3816 Ledaeque
381 3752 499 3814 Magnos,
514 3751 557 3814 qui
566 3765 616 3798 aaa
628 3753 681 3800 autc·
712 3757 842 3812 oporteret,
853 3753 985 3812 illuderis,
996 3755 1059 3814 quod
1070 3755 1226 3806 assumserat

164 3811 253 3880 mear]
273 3819 390 3866 Obsemt
409 3817 507 3878 Pighius
528 3816 598 3866 ludos
612 3817 678 3879 Mag·
712 3817 776 3864 iuter
786 3818 840 3864 Kal.
853 3817 967 3874 Martias,
975 3823 1000 3864 et
1010 3820 1085 3880 pridie
1096 3819 1150 3866 Kal.
1163 3821 1226 3868 Mai·

165 3896 219 3942 uos,
231 3883 272 3943 qui
284 3895 333 3930 una
341 3897 395 3930 cum
404 3895 458 3929 rere
469 3894 534 3929 sacro
543 3881 593 3928 voti
602 3889 680 3942 erant,
712 3895 746 3928 as.
782 3883 865 3929 Viden·
883 3882 921 3929 hic
937 3883 1027 3932 dictum
1045 3890 1081 3930 ert
1100 3898 1144 3946 pro
1162 3899 1228 3933 mora

162 3947 302 4008 iampridem
319 3948 395 3996 iactos
411 3960 470 4014 epra,
481 3953 510 3994 ut
521 3949 679 3996 mnatatexl.
713 3948 784 3994 solito
803 3949 963 3996 Romanorum
986 3955 1011 3996 st
1032 3955 1146 3997 consona
1161 3949 1227 4007 jndi-

165 4011 357 4060 XXV11.c.³³.
391 4011 476 4072 ltaque
493 4011 532 4058 bic
548 4025 680 4060 sermonem
712 4013 1088 4074 eandideoeruendiquelormula.
1114 4013 1225 4060 ltaemm

166 4091 217 4123 casa
232 4082 303 4138 putat
314 4078 343 4124 da
354 4077 477 4143 ludisal’.
490 4075 594 4137 Sulpicio
604 4079 682 4126 Galba
712 4077 776 4126 cnuti
792 4084 860 4125 erant
875 4079 901 4123 in
915 4078 1053 4138 iudicando,
1064 4082 1225 4136 utnusquam
1327 4105 1334 4124 .

167 4141 375 4204 submicantibus
395 4141 458 4190 inire
473 4141 519 4189 hoc
529 4143 582 4203 ipso
593 4144 680 4205 capite.
711 4144 810 4192 remita
825 4157 850 4190 se
866 4142 961 4203 habers,
973 4146 1012 4192 sed
1029 4143 1104 4192 vidui
1118 4155 1225 4202 pronun·

167 4205 207 4252 Ad
223 4207 287 4254 hunc
305 4221 400 4256 causum
419 4206 490 4254 acrba
506 4205 567 4253 Livii
588 4213 679 4257 accom-
710 4209 806 4256 timent.
840 4206 896 4257 Qua
915 4209 944 4256 de
965 4223 990 4255 rc
1011 4209 1057 4256 vid.
1079 4207 1128 4260 (tio.
1147 4206 1164 4255 l.
1181 4207 1224 4254 lV.

166 4269 247 4322 modat
257 4271 408 4334 transpositis
416 4271 508 4319 duabus
515 4273 613 4321 voculis.
630 4274 678 4321 lta·
711 4275 786 4326 Aaou.
796 4273 974 4334 Quastiouum,
987 4289 1011 4321 n.
1026 4274 1079 4320 rto.
1133 4277 1135 4280 '

166 4349 214 4398 qne
227 4337 297 4394 legit:
315 4337 426 4400 ruraque
440 4336 545 4400 Magnos
561 4353 619 4396 aaa,
637 4339 680 4402 qut

1364 4251 1369 4258 ⁴
1432 4251 1437 4284 i
