3104 4976
185 159 188 164 ’
289 203 378 263 m
631 205 662 242 s
695 193 824 257 τιτι
853 193 1012 256 urvrr.
1076 211 1090 218 -·

161 387 297 438 aomar.
323 366 452 431 nistrarn
479 373 606 450 portant
634 360 847 448 infrequentes
871 359 977 424 ‘videta
1010 381 1051 423 eo
1078 343 1227 423 secundae
1251 355 1384 445 legionis

163 453 231 502 ΑΟ·
244 458 301 503 ¹⁹⁵r
324 451 482 539 principes
505 449 707 534 hastatosque
729 447 859 512 inducit.
905 445 981 510 Non
1001 444 1151 509 sustinuit
1176 445 1318 531 inpetum
1333 465 1387 507 eo-

326 561 398 604 rum
420 536 521 612 statio,
537 555 611 621 quae
635 547 737 618 portae
760 533 933 618 adpositam
947 544 1025 608 erat,
1040 547 1072 594 et
1094 531 1200 608 ceteri,
1219 543 1387 615 postquam

217 641 226 662 ⁸
325 627 410 690 intra
431 622 546 686 vallum
573 621 679 684 hostes
695 620 814 696 vident,
831 619 906 702 ipsis
927 619 1037 682 castris
1059 617 1158 698 exuti,
1174 617 1265 705 signa
1286 637 1390 680 arma-

327 733 389 797 que
412 708 574 795 abjiciunt.
596 706 761 770 creduntur
784 708 817 768 in
842 705 952 789 portis,
976 716 1099 768 suomet
1121 703 1180 788 ipsi
1204 705 1331 792 agmine
1355 703 1398 766 in.

328 809 398 861 arto
414 797 586 859 haerentes:
610 791 780 857 secundani
795 803 884 878 terga
901 789 1041 864 hostium
1055 790 1193 865 caedunt,
1210 789 1306 856 ceteri
1321 810 1390 853 cas·

328 895 379 948 tra
408 881 570 966 diripiunt.
615 878 759 943 Valerius
788 879 902 942 Antias
931 896 1027 961 supra
1056 876 1267 964 quadraginta
1292 875 1392 940 millia

329 969 469 1034 hostium
491 989 574 1031 caesa
593 987 631 1028 eo
653 964 705 1029 die
726 963 846 1029 scribit.
892 963 973 1028 Cato
987 963 1064 1047 ipse,
1079 962 1164 1028 haud
1179 985 1254 1027 sane
1267 963 1392 1028 detrac-

330 1067 435 1120 tator¹¹
460 1053 589 1118 laudum
615 1073 752 1129 suarum,
781 1049 897 1115 multos
922 1071 1019 1113 coesos
1044 1049 1107 1126 ait;
1132 1069 1302 1114 numerum
1327 1072 1391 1114 non
1419 1098 1421 1106 ι

332 1139 492 1207 adscribit.
970 1173 972 1180 ·

308 1253 312 1262 ·
375 1226 465 1292 xvt.
488 1226 567 1291 Tria
581 1247 619 1290 eo
633 1226 685 1290 die
699 1222 872 1308 laudabilia
885 1222 993 1288 fecisse
1006 1235 1147 1307 putatur.
1170 1243 1281 1301 unum,
1295 1223 1392 1309 quod,

332 1312 554 1380 circumducto
589 1312 740 1388 exercitu,
770 1309 918 1395 ⁶⁹procui
948 1311 1081 1374 navibus
1117 1310 1180 1374 suis
1210 1311 1393 1397 castrisque,

333 1399 423 1466 ⁶⁰ubi
449 1421 535 1485 spem
561 1399 622 1462 nisi
650 1399 683 1461 in
708 1398 824 1462 virtute
854 1395 1015 1472 haberent,
1039 1396 1122 1460 inter
1147 1397 1265 1464 medios
1290 1396 1395 1461 hostes

333 1486 483 1574 proelium
499 1485 675 1550 commisit:
699 1484 845 1560 alterum,
868 1481 955 1569 quod
976 1482 1123 1546 cohortes
1138 1483 1179 1547 ab
1194 1495 1284 1569 tergo
1298 1483 1396 1548 bosti-

333 1575 395 1638 bus
406 1572 542 1659 objecit:
565 1571 704 1649 tertium,
720 1571 805 1657 quod
828 1569 998 1634 secundam
1021 1570 1188 1655 legionem,
1204 1570 1313 1654 ceteris
1327 1591 1397 1633 om.-

335 1660 429 1730 nibus
443 1657 548 1723 effusis
573 1656 809 1743 adaequandos
834 1654 949 1732 hostes,
964 1655 1060 1741 pleno
1085 1657 1187 1743 gradu
1213 1657 1283 1722 sub.
1298 1657 1398 1744 signis

336 1745 543 1832 compositam
558 1744 808 1830 instructamque
824 1740 930 1805 subire
944 1743 984 1806 ad
1000 1755 1123 1826 portam
1138 1757 1313 1808 castrorum
1330 1745 1399 1831 jus·

334 1833 388 1899 sit.
405 1867 407 1870 ·
435 1829 525 1896 Nihil
539 1829 653 1893 deinde
666 1852 686 1893 a
699 1829 831 1892 victoria
844 1841 1008 1893 cessatum.
1031 1849 1140 1914 quum,
1153 1831 1292 1915 receptui
1307 1833 1399 1920 signo
1457 1901 1460 1908 ,

336 1920 425 1994 dato,
441 1939 513 1982 suos
536 1915 644 2001 spoliis
665 1926 795 1980 onustos
810 1915 842 1978 in
857 1927 961 1979 castra
981 1914 1166 1996 reduxisset,
1183 1917 1291 2000 paucis
1314 1917 1400 1982 boris

339 2005 440 2069 noctis
461 2003 503 2068 ad
527 2002 664 2088 quietem
694 2000 786 2078 datis,
809 1999 850 2064 ad
876 2000 1084 2085 praedandum
1113 2002 1146 2066 in
1175 2025 1269 2090 agros
1297 2003 1399 2069 duxit.

339 2089 488 2165 Effusius,
513 2088 687 2173 ut-sparsis
713 2088 857 2152 hostibus
882 2086 968 2175 fuga,
992 2087 1126 2172 praedati
1148 2105 1231 2153 sunt.
1252 2112 1326 2176 quae
1351 2111 1402 2156 res

179 2189 314 2250 Hispaniae
339 2198 404 2242 non
420 2176 536 2250 minus,
554 2195 648 2259 quam
669 2195 777 2259 pugna
799 2172 902 2260 pridie
927 2174 1068 2252 adversa,
1086 2174 1310 2261 Emporitanos
1326 2177 1404 2241 His-

178 2256 309 2314 ‘ifflm
339 2283 440 2350 panos
459 2261 649 2346 adcolasque
673 2281 783 2325 eorum
810 2261 842 2324 in
868 2259 1060 2325 deditionem
1083 2263 1248 2347 compulit.
1263 2263 1355 2327 multi
1371 2274 1404 2328 et

334 2350 472 2416 aliarum
501 2348 685 2424 civitatium,
708 2347 764 2433 qui
788 2346 957 2431 Emporias
979 2346 1191 2434 perfugerant,
1214 2349 1406 2415 dediderunt

338 2457 382 2501 aa.
405 2457 485 2522 quos
506 2455 625 2510 omnes,
648 2433 822 2518 adpellatos
846 2434 992 2520 benigne,
1009 2434 1146 2521 vinoque
1166 2449 1198 2500 et
1219 2435 1291 2500 cibo
1313 2458 1405 2501 cura-

341 2539 401 2600 tos,
416 2521 530 2586 domos
544 2519 675 2585 dimisit.
721 2518 894 2584 Confestim
918 2520 992 2584 inde
1016 2533 1119 2584 castra
1134 2522 1247 2586 movit:
1269 2536 1311 2601 et,
1328 2545 1415 2608 qua·,

340 2629 478 2694 cumque
498 2606 664 2671 incedebat
690 2627 817 2693 agmen,
840 2607 935 2694 legati
961 2605 1143 2672 dedentium
1169 2609 1309 2674 civitates
1332 2631 1406 2676 suas

339 2694 565 2763 obcurrebant.
596 2705 628 2757 et
657 2713 755 2779 quum
782 2692 996 2758 Tarraconem
1023 2694 1118 2772 venit,
1141 2695 1208 2781 jam
1234 2695 1337 2759 omnis
1361 2698 1407 2761 cis

343 2782 472 2849 Iberum
489 2780 649 2864 Hispania
668 2778 846 2864 perdomita
867 2792 944 2857 erat,
961 2779 1139 2866 captivique
1161 2793 1192 2845 et
1210 2781 1359 2860 Romani,
1376 2797 1409 2849 et

342 2867 465 2933 socidm
492 2887 529 2930 ac
551 2866 660 2932 Latini
679 2865 828 2944 nominis,
844 2867 937 2930 variis
960 2866 1083 2930 casibus
1112 2867 1145 2930 in
1170 2867 1328 2954 Hispania
1347 2870 1408 2935 ob—

341 2956 454 3040 pressi,
469 2953 590 3018 donum
612 2952 733 3016 consuli
749 2975 769 3016 a
783 2953 925 3016 barbaris
949 2951 1192 3018 reducebantur.
1239 2955 1336 3019 Fama
1350 2956 1407 3020 de-

341 3041 419 3108 inde
434 3040 591 3126 vulgatur,
612 3037 774 3103 consulem
797 3039 830 3102 in
846 3037 1078 3103 Turdetaniam
1099 3042 1271 3106 exercitum
1295 3040 1410 3108 ductu-

343 3149 426 3206 rum,
443 3139 475 3192 et
489 3126 531 3190 ad
544 3125 652 3189 devios
674 3135 843 3189 montanos
856 3123 1110 3210 ⁶1proiecturum
1132 3127 1227 3191 etiam
1244 3127 1323 3192 falso
1337 3151 1411 3214 per-

343 3214 444 3281 latum
459 3227 516 3278 est.
561 3211 615 3276 Ad
630 3211 716 3276 hunc
730 3232 847 3276 vanum
869 3224 902 3276 et
922 3211 989 3275 sine
1011 3225 1141 3276 auctore
1156 3213 1222 3278 uilo
1236 3237 1410 3295 rumorem,

336 3300 608 3386 ⁴Bergistanorum
632 3296 769 3362 civitatis
793 3310 913 3382 septem
942 3297 1068 3364 castella
1093 3297 1287 3366 defecerunt.
1308 3301 1411 3382 ⁶²eos,
1477 3335 1482 3358 a

344 3385 483 3452 deducto
496 3384 649 3462 exercitu,
665 3383 775 3448 consul
797 3385 864 3448 sine
888 3385 1094 3450 memorando
1114 3386 1230 3470 proelio
1250 3387 1285 3451 in
1307 3401 1413 3474 potes·
1437 3383 1440 3388 ’

342 3483 444 3536 tatem
463 3471 595 3558 redegit.
641 3469 742 3535 Haud
755 3470 801 3538 ita
815 3470 917 3535 multo
937 3483 1011 3557 post
1035 3471 1141 3550 iidem,
1166 3493 1311 3560 regresso
1330 3474 1414 3542 Tat-

237 3541 246 3568 ‘
346 3555 494 3622 raconem
509 3556 647 3635 consule,
663 3557 847 3644 priusquam
868 3557 945 3622 inde
965 3579 1126 3645 quoquam
1146 3561 1342 3644 procederet,
1358 3562 1414 3628 de·

542 3699 561 3728 ¹²¹
571 3690 679 3759 oppositu
691 3695 765 3744 Gran.
778 3699 845 3746 crea.
985 3699 1149 3748 ”detrectator
1156 3701 1221 3751 Eed.
1266 3701 1268 3708 '

382 3833 414 3878 ⁵9
430 3827 522 3876 Procul
538 3825 651 3895 navitae]
672 3831 807 3892 Appianas,
825 3833 867 3883 lib.
900 3834 995 3882 ridetur
1009 3835 1077 3896 fungi
1089 3835 1141 3882 rica
1154 3835 1255 3897 duplicis
1271 3838 1417 3899 negationis,

343 3895 379 3954 ¹de
390 3894 465 3942 Bellis
486 3894 634 3955 Hispanicia,
649 3896 732 3944 scribit
752 3898 869 3946 Catonem
891 3899 1061 3950 ‚vitiatorem
1072 3905 1167 3961 patant.
1328 3926 1331 3938 ·

351 3960 423 4008 etiam
432 3961 640 4010 naresMaraiiiaur
649 3962 773 4011 remisisse.
936 3969 966 4012 ot
983 3965 1153 4026 Profecturus
1170 3967 1245 4014 edant
1255 3967 1323 4026 falso
1338 3969 1417 4028 perta·

385 4029 416 4072 60
431 4023 872 4091 Uttspanuuttnvtmataterear]
905 4035 957 4078 tuan
976 4028 1022 4091 ert]
1039 4031 1088 4080 Hic
1104 4027 1193 4091 aliquid
1210 4037 1248 4079 eet
1262 4023 1418 4080 mamantis

352 4091 396 4138 Vel
417 4090 503 4138 excidit
519 4092 565 4140 hoc
581 4093 634 4140 loco
648 4092 800 4150 sermione!
813 4107 868 4155 rup-
900 4094 1039 4143 etobrcuri.
1071 4097 1160 4144 Forte:
1176 4105 1200 4144 et
1214 4097 1249 4147 aa
1261 4098 1341 4146 ᾰαήοι
1354 4113 1419 4148 maa-

351 4157 614 4218 piendaartextenau.
647 4155 754 4215 Utroque
769 4158 870 4205 trahunt
902 4162 1280 4222 tamrtrirmfolroperlatwt.
1350 4195 1374 4212 ψ.

344 4222 484 4274 ‚doctissimi
496 4221 550 4277 viri,
562 4234 664 4280 qaorum
679 4221 721 4268 alii
732 4221 869 4290 existipraut
934 4228 966 4271 62
982 4225 1044 4284 Eoo,
1062 4228 1160 4278 &dame
1184 4225 1304 4292 meria]
1325 4230 1420 4278 Grono-

353 4289 404 4332 m'ei
414 4286 532 4334 interdum
543 4285 605 4333 tami
617 4299 659 4346 pro
671 4299 717 4332 noa
727 4315 735 4330 .
746 4318 754 4334 .
764 4317 772 4331 .
783 4317 791 4332 .
802 4289 868 4342 abi,-
902 4289 1029 4352 viurveiit,
1038 4293 1135 4342 eductor
1152 4295 1223 4348 uobis
1233 4295 1308 4351 masia
1318 4283 1420 4356 pidoeret

323 4359 327 4368 ’
354 4351 392 4396 aiii
408 4354 506 4411 negant,
517 4358 542 4396 et
562 4353 626 4398 locos
643 4363 735 4410 omnes,
757 4352 798 4400 ubi
820 4354 870 4400 aiei
901 4355 1006 4408 inducto.
