3136 4982
343 191 401 244 sso
483 205 486 212 ·
729 167 840 244 n1'r1
868 183 1011 243 srv11

180 364 316 416 suc-ees.
341 347 508 426 tetendisse,
521 355 556 410 ut
578 367 643 410 eom
662 365 767 430 paoem
788 347 931 424 turbaret,
955 357 983 412 et
997 346 1184 424 Antiochum,
1207 347 1234 411 si
1256 345 1303 410 sni
1327 355 1396 428 pot·

178 429 210 478 ³·
222 430 251 478 ⁰·
263 437 316 484 ¹⁸⁷·
341 445 467 499 estatem
483 431 618 516 fecisset,
634 433 754 496 insidiis
775 434 943 515 exciperet.-
966 435 1019 498 sed
1040 434 1134 513 illum,
1150 429 1397 518 cognitofraude

341 521 477 596 oonsulis,
493 537 579 604 quum
594 539 673 600 sape
693 517 853 604 conloquiis
874 520 977 602 petitis
1001 530 1140 602 captatus
1161 529 1244 596 esset,
1259 541 1315 582 non
1329 539 1397 581 con·

337 627 471 692 gressum
486 604 584 682 modo,
598 606 652 666 sed
674 615 856 688 conspectum
878 606 965 669 stiam
980 605 1043 689 ejus
1056 607 1176 672 vitasse.
1222 605 1397 686 Cupientem

340 695 469 758 transire
493 691 627 755 Taurum
640 711 723 773 agre
737 691 868 754 omnium
893 691 1059 774 legatorum
1078 692 1219 770 precibus,
1235 713 1272 754 ne
1285 691 1396 754 cormi-

338 778 421 842 nibus
437 775 559 860 Sibylla
577 777 754 857 postetam
777 777 985 858 superantibus
1000 777 1138 842 terminos
1143 775 1265 859 fatales
1279 777 1396 847 cladem

339 863 466 946 experiri
479 863 573 937 vellet,
590 871 746 926 retentum.
769 864 932 927 admouisse
953 872 1053 927 tamen
1076 865 1247 938 exercitum,
1264 872 1293 926 et
1305 883 1398 944 prope

337 949 411 1030 ipsis
413 969 504 1033 jugus
517 947 544 986 ⁵⁶
552 949 594 1011 ad
608 949 736 1011 divortio
750 969 892 1032 aquenum
908 959 1010 1013 castra
1023 950 1163 1031 posuisse.
1212 950 1312 1024 Quum
1327 949 1395 1012 nul·

339 1035 398 1098 lom
419 1035 461 1097 ibi
486 1055 622 1098 caussam
647 1033 717 1096 belli
738 1031 889 1110 inveniret,
914 1035 1127 1118 quiescentibus
1150 1035 1253 1119 regiis,
1269 1035 1396 1098 circuns-

339 1121 435 1206 egisse
455 1119 613 1184 coercitum
633 1121 675 1182 od
695 1119 917 1204 Gallograecos:
940 1121 987 1184 oui
1005 1121 1119 1184 nationi
1136 1138 1194 1184 non
1217 1143 1255 1184 eu
1273 1132 1396 1184 senatus

338 1208 527 1282 auctoritate,
542 1227 600 1268 uon
615 1203 824 1289 populijussn,
840 1205 946 1270 bellum
968 1207 1105 1270 inlatum.
1129 1209 1207 1290 quod
1229 1228 1314 1290 quern
1328 1229 1394 1272 urn-

338 1315 426 1376 quom
456 1295 493 1355 de
521 1312 579 1354 suo
606 1290 755 1354 sententia
775 1289 883 1372 facere
912 1289 1046 1356 numm?
1083 1293 1231 1376 Antiochi,
1249 1293 1393 1374 Philippi,

337 1377 521 1443 Hannibalis
535 1385 565 1440 et
580 1376 949 1442 Poersonsmreoentissimo
962 1379 1038 1442 bello
1054 1399 1127 1443 esse.
1149 1379 1187 1441 de
1201 1380 1338 1442 omnibns
1348 1380 1396 1444 bis

336 1465 501 1529 consultum
514 1475 656 1541 sensatim,
669 1462 954 1546 populumjussisne.
976 1485 1055 1546 sape
1071 1464 1187 1548 legatos
1197 1467 1392 1543 antemissas,

334 1571 382 1615 res
406 1551 556 1634 repetitas,
579 1561 734 1630 postremo,
755 1552 810 1634 qui
832 1549 939 1612 bellum
960 1549 1133 1627 indicerent,
1150 1550 1263 1615 missos.
1309 1549 1395 1626 Quid

335 1657 446 1714 eomsnc,
466 1638 520 1702 Cn.
537 1635 649 1712 Manli,
664 1633 784 1716 sastssm
807 1645 860 1712 est,
883 1645 915 1700 ut
934 1636 1018 1700 istud
1039 1636 1189 1718 publicum
1206 1635 1312 1720 populi
1326 1637 1392 1700 Ro·

334 1724 417 1788 mani
439 1723 556 1798 bellum,
572 1731 609 1784 'et
630 1743 687 1784 uon
714 1730 794 1786 tuum
819 1723 966 1804 privatum
992 1721 1176 1786 latrocinium
1201 1725 1390 1786 dacarnns‘?

333 1808 379 1874 At
397 1830 432 1872 eo
455 1809 519 1891 ipso
539 1817 689 1872 contentus
699 1804 807 1888 filulis
829 1817 908 1870 recto
927 1808 1029 1872 itinere
1044 1808 1159 1871 dissuti
1172 1809 1332 1872 canotum
1348 1811 1392 1873 od

334 1915 396 1972 eas,
406 1915 480 1980 qnos
495 1894 550 1958 tibi
564 1894 661 1956 hostes
671 1893 876 1956 desnmseras:
899 1905 940 1956 ou
954 1903 981 1956 et
995 1916 1047 1976 per
1061 1915 1161 1958 omues
1172 1892 1338 1977 onssractns
1348 1896 1392 1960 ai·

334 2001 430 2056 amum,
446 2000 534 2063 quum
551 1981 592 2042 ad
608 1977 686 2042 binio
702 1979 880 2055 consisteres,
897 1987 941 2054 ut,
958 1981 1155 2067 quoflesisset
1170 2001 1281 2064 agmen
1296 1981 1392 2044 Atto·

334 2065 381 2129 lus
394 2066 540 2130 Eumenis
552 2063 669 2146 frater,
686 2085 719 2126 eo
733 2063 863 2127 ⁶⁷conssul
882 2069 1081 2139 usercenarius
1094 2087 1158 2129 curn
1181 2067 1310 2130 enmcitu
1323 2068 1390 2130 Ro-

332 2171 423 2214 mano
443 2151 615 2236 sequereris,
631 2150 769 2226 Pisidia,
786 2151 1011 2235 Lycauuioeqne,
1036 2161 1065 2214 et
1089 2151 1235 2236 Phrygia
1259 2173 1390 2217 recessus

332 2257 432 2301 omnes
445 2247 535 2320 atque
549 2237 678 2320 arsgulos
697 2237 876 2320 peragrasti,
892 2237 994 2318 stipem
1009 2259 1029 2299 o
1046 2239 1181 2322 tyrannis
1201 2239 1387 2304 castellanis-

331 2345 390 2408 que
409 2324 503 2388 deviis
524 2323 689 2406 colligens?
727 2323 808 2396 Quid
829 2324 908 2386 eninr
924 2323 976 2385 tibi
995 2322 1097 2387 ⁵8curn
1116 2324 1295 2388 Oroandis?
1316 2325 1390 2409 quid

332 2431 397 2474 cnm
419 2409 490 2474 aliis
511 2430 593 2494 aeque
613 2407 742 2472 inuouiis
754 2409 895 2490 pmrulis?
932 2409 1053 2472 Bellum
1068 2417 1171 2473 antem
1184 2411 1290 2492 ipsum,
1305 2410 1389 2495 cujsss

330 2497 449 2560 momine
462 2496 639 2576 trirrmpbnm
649 2496 739 2576 petis,
756 2516 813 2577 quo
827 2495 917 2557 modo
928 2495 1072 2582 gessisti?
1102 2497 1189 2566 Loco
1203 2517 1299 2580 aquo,
1315 2507 1389 2560 tern-

324 2603 399 2664 pore
418 2591 467 2645 tuo
485 2581 650 2664 pugnasti?
691 2580 739 2643 Tu
752 2601 820 2644 uero
834 2590 922 2657 recte,
938 2590 969 2644 nt
985 2581 1057 2644 Diis
1069 2581 1275 2645 inmortalibus
1296 2583 1389 2647 bonos

330 2669 486 2745 habeatur,
508 2666 660 2749 postulas:
677 2666 915 2750 primumquod
936 2687 991 2748 pro
1014 2667 1177 2731 temeritate
1191 2669 1388 2749 imperatoris,

328 2752 444 2817 ”nullo
459 2752 532 2837 jure
545 2753 675 2837 gentium
696 2751 799 2815 bellurn
821 2750 982 2833 inserentis,
1001 2773 1103 2834 panos
1125 2754 1205 2818 lesere
1226 2756 1388 2820 euersitum

328 2840 507 2903 noluerunt.-
530 2840 645 2915 danda,
661 2839 741 2922 qnod
752 2839 873 2915 belluas,
886 2859 945 2902 non
956 2840 1060 2915 bostes,
1072 2840 1155 2902 nobis
1168 2837 1344 2924 objecerunt.

372 2925 500 2990 XLVI.
522 2924 678 2990 ⁶⁰Nolite‘
700 2945 804 2988 nomen
831 2933 948 2987 tantum
976 2925 1150 2988 existimare
1174 2927 1299 2990 mistum
1325 2947 1387 2990 esse

330 3013 598 3100 Gallograecorum.
621 3010 715 3074 multo
734 3020 803 3075 ante
825 3020 855 3072 et
874 3030 1000 3092 corpora
1021 3021 1050 3073 et
1071 3011 1165 3074 animi
1186 3012 1327 3078 mistiae
1341 3014 1385 3078 ui-

327 3099 398 3163 tiati
422 3108 498 3163 sunt.
546 3097 607 3173 An,
630 3097 656 3160 si
678 3095 826 3160 illiGalli
846 3106 1031 3171 essentem
1053 3097 1157 3180 quibus
1171 3098 1278 3163 millies
1299 3099 1386 3164 uario

327 3195 433 3248 eventu
454 3186 484 3247 in
499 3183 594 3248 Italia
611 3191 781 3267 pugnatum
795 3193 850 3259 est,
867 3190 1010 3265 quantum
1033 3183 1065 3245 in
1086 3184 1265 3268 imperatore
1285 3195 1387 3249 nostro

318 3269 395 3351 snit,
410 3270 535 3334 mincius
561 3269 642 3332 illiue
668 3265 819 3331 redisset?
854 3268 912 3330 Bis
930 3289 995 3331 cnm
1016 3268 1054 3330 iis
1072 3279 1243 3353 pugnatum
1264 3280 1318 3346 est,
1342 3271 1387 3333 bis

327 3357 388 3420 loco
417 3357 520 3442 iniquo
548 3353 649 3431 subiit,
675 3354 707 3416 in
734 3353 812 3416 ualle
840 3351 979 3435 inferiore
1007 3353 1133 3435 pedibus
1160 3377 1233 3439 pene
1258 3357 1385 3421 bostium

562 3492 573 3520 θ
585 3489 691 3536 dicamne
702 3491 776 3537 Gran.
786 3490 858 3566 pres.
956 3481 1061 3536 ‘Nostro
1071 3489 1144 3536 Grau.

360 3630 392 3674 te
407 3626 450 3673 Ad
465 3625 568 3673 diuortio
584 3622 711 3690 aquarum]
729 3625 840 3672 Divortis
871 3638 950 3672 senus
968 3625 1130 3686 implumem,
1148 3627 1207 3688 ipae,
1220 3626 1300 3687 iuquit
1314 3622 1385 3686 Poly·

327 3705 451 3752 equorum,
474 3691 555 3751 inquit
573 3691 709 3749 Turnebus,
730 3691 745 3738 l
769 3689 838 3738 XIV.
871 3691 934 3747 isius,
945 3691 1006 3737 larsa
1021 3691 1159 3751 efflrffmri
1169 3687 1304 3753 e'prsps'tio
1313 3691 1384 3738 Mer-

326 3757 425 3804 Adsers.
437 3771 457 3802 e.
471 3763 508 3803 11.
522 3756 582 3817 juge
596 3762 663 3812 sunt,
682 3757 745 3802 unde
761 3755 788 3802 in
804 3755 840 3801 di·
871 3757 937 3802 aurio
953 3755 1057 3816 praedm
1070 3763 1172 3816 putans,
1189 3756 1296 3804 illimis
1307 3755 1383 3802 Pess-

326 3836 393 3869 verss
403 3835 470 3882 nque
486 3826 511 3868 et
525 3820 633 3868 ooelestes
644 3825 668 3868 et
679 3833 792 3882 perennes
804 3821 839 3868 di·
868 3820 1120 3884 plsqliamsterrittter.
1396 3851 1399 3858 -

324 3892 433 3936 venunt.
904 3893 934 3932 58
953 3887 1013 3932 com
1024 3881 1152 3949 Oroandis]
1167 3885 1222 3934 mu.
1237 3891 1287 3934 not.
1304 3891 1345 3935 tt.
1354 3887 1385 3934 nd

359 3959 389 4002 67
409 3949 496 3998 Canem
509 3952 705 4002 mercernariis..
722 3951 808 4012 stipem
824 3966 840 3997 a
872 3957 941 4001 o.³7.
952 3965 1030 4011 nuptu.

323 4019 459 4082 tyrannis.
477 4049 484 4064 .
500 4009 623 4078 mitigeris]
643 4015 699 4062 Non
719 4015 839 4062 immerito
857 4011 860 4018 “
904 4015 1035 4065 ⁵9*anlo
1046 4008 1108 4075 'jure
1123 4010 1246 4076 gentium]
1262 4014 1318 4062 Siue
1335 4015 1385 4062 ulle

321 4083 442 4143 objectum
459 4097 512 4129 esse
522 4081 614 4130 Montio
633 4080 754 4128 avaritiam
771 4081 839 4127 docet
871 4095 898 4128 ex
910 4079 939 4126 iis
950 4080 1004 4127 belli
1016 4080 1091 4126 musis
1104 4094 1155 4140 que
1168 4080 1224 4138 jure
1233 4081 1340 4142 gentium
1353 4080 1385 4126 le·

325 4143 438 4209 Polybius
460 4161 510 4194 uno
531 4148 638 4200 verbulo,
660 4147 723 4207 quod
743 4145 769 4190 in
791 4146 838 4192 Ex-
870 4145 956 4203 gitimoe
969 4144 1093 4191 hebentes.

325 4215 518 4275 serpulum-81.
532 4213 653 4274 reperitur.
687 4211 749 4257 Nem
766 4224 838 4269 quum
902 4215 932 4256 60
950 4209 1046 4272 Nolite]
1070 4210 1184 4256 Mendum
1208 4209 1247 4255 luia
1263 4209 1383 4257 insederat

325 4278 484 4336 Isiondenses,
505 4279 533 4324 de
555 4278 641 4338 quibus
658 4274 739 4323 Livius
759 4290 778 4320 a
801 4281 837 4320 15.
870 4276 1033 4324 Gronovisnus
1044 4276 1173 4324 editiones:
1193 4275 1275 4322 nolito.

324 4356 402 4405 supra,
419 4343 531 4392 auxilium
549 4343 600 4404 ejus
616 4343 726 4390 sinemus
738 4339 838 4390 Telmis-
