3082 4976
193 337 224 388 U.
236 337 336 388 deest

192 407 223 454 A.
235 405 330 454 0:10⁴.

354 133 463 230 sees
551 141 554 148 ⁴
743 155 854 228 utut
883 163 1021 226 letl
1054 155 1061 165 '

354 319 615 418 comprobaverint,
636 333 686 418 qni
706 331 788 396 rolris
801 319 961 414 ¹victoriam
985 321 1153 410 dederunt5
1175 323 1418 418 quondm'sn'odo'

355 439 403 498 ea,
413 431 488 505 qna·
499 418 645 504 bellijure
659 428 728 482 octa
742 418 852 482 suntin
866 418 1108 501 disceptationem
1124 421 1270 484 veniunt?
1291 419 1413 504 quorum

355 506 605 571 tomen-maxima
618 520 707 588 pars¹
720 503 797 566 mnu
808 505 936 587 pertinet
950 507 992 570 od
1004 527 1070 571 nos.
1102 507 1247 570 Nostrum
1262 517 1317 581 est,
1333 506 1416 588 qnod

356 593 541 658 evocavimus
553 614 615 655 eos
630 593 673 654 od
692 611 830 654 caussam
849 591 1015 669 dicendam
1031 593 1081 676 qui
1097 594 1141 655 ecl
1164 613 1252 658 orma
1277 591 1416 654 multitu-

356 680 456 744 dinem
484 679 664 754 cucumam,
693 677 743 761 qur·
770 689 1015 761 expugnaverant
1039 678 1190 743 maritima
1218 679 1340 760 oppido,
1364 677 1419 760 qui

357 765 549 864 diripuerant,
577 764 628 850 qui
652 762 765 827 caedem
787 763 952 845 principum
969 761 1119 845 fecerant.
1158 763 1248 840 Quod
1269 786 1337 829 vero
1359 763 1416 838 illi,

356 859 501 916 oenserrtes
524 850 557 914 irs
579 859 691 926 castro,
714 845 862 932 interfecti
885 858 963 927 sunt,
981 860 1111 915 oestrum
1131 859 1185 927 est,
1209 852 1293 914 Areu
1314 859 1342 912 et
1356 849 1421 936 Al7

357 937 483 1018 eibiode,
512 937 563 1024 qni
591 955 667 1000 nunc
694 945 757 1010 nos,
787 934 815 998 si
843 935 915 999 Diis
940 936 1047 1018 placet,
1076 937 1230 1014 manatio,
1259 959 1319 999 non
1346 929 1418 997 no's·

358 1032 446 1087 trum.
489 1022 622 1087 Evsules
643 1019 940 1086 Lacedaemoniorum
962 1025 1036 1106 (qua
1055 1023 1088 1086 in
1108 1043 1228 1089 numero
1248 1023 1280 1084 ln'
1299 1043 1419 1110 quoqne

358 1109 420 1172 duo
433 1105 570 1192 fument)
588 1118 619 1171 et
637 1121 709 1171 tunc
729 1108 877 1172 nobiscum
898 1118 995 1185 erunt,
1017 1118 1075 1184 et‘,
1091 1111 1170 1194 qnod
1182 1107 1421 1172 ⁸³domiciliumb

357 1195 416 1260 silvi
436 1195 611 1282 delegerant
625 1194 781 1258 maritimo
801 1194 922 1276 oppida,
937 1215 970 1258 se
990 1195 1105 1278 petitos¹
1120 1197 1279 1269 eredentes,
1299 1195 1331 1256 in
1354 1213 1420 1270 eos,

359 1301 486 1366 qrsorum
500 1303 590 1363 opera
602 1281 704 1361 patrio
725 1289 856 1344 eutorres
876 1301 913 1344 ne
933 1280 965 1344 in
986 1290 1054 1346 tuto
1072 1281 1191 1366 quidem
1212 1281 1317 1343 erratio
1330 1301 1420 1361 posse

357 1387 559 1431 eortseneseere
571 1389 604 1448 se
615 1366 859 1450 indignabantur,
870 1367 1001 1448 inpetum
1003 1364 1153 1450 fecerent.
1190 1365 1421 1432 Lacedaemonii

356 1454 453 1538 igitur
474 1453 732 1532 Lacedoemonios,
753 1471 812 1516 nvn
828 1452 943 1532 Aclraei,
964 1449 1180 1536 interfecerant.
1203 1473 1265 1530 nec,
1279 1451 1353 1537 jure
1376 1473 1419 1516 ass

357 1537 469 1624 injuria
483 1541 551 1603 etesi
563 1539 630 1611 sint,
647 1539 854 1624 argumentari
860 1535 967 1619 refert.

400 1624 646 1692 xxxvllee
661 1626 737 1690 enim
751 1624 810 1688 illa
828 1636 905 1688 certe
925 1634 1024 1690 uestra
1044 1636 1121 1704 sunt,
1140 1627 1254 1709 Achai,
1270 1627 1352 1711 quod
1376 1625 1421 1688 le·
1522 1677 1523 1697 ,

356 1733 414 1797 ges
447 1711 690 1796 disciplinamque
715 1711 942 1775 vetustissimam
969 1713 1104 1796 Lycurgi
1134 1715 1305 1788 sustulistis,
1335 1713 1423 1798 quod

357 1819 458 1863 muros
470 1798 612 1862 diruistis.
659 1799 734 1872 Ques
753 1807 879 1882 utraque
900 1799 939 1860 als
960 1799 1064 1862 iisdem
1085 1799 1179 1884 objici
1194 1801 1246 1884 qui
1265 1795 1420 1881 possum?

358 1905 450 1970 quum
472 1885 549 1948 muri
562 1883 800 1948 Imeedaemoniis
821 1905 879 1947 non
901 1885 940 1947 alr
961 1886 1114 1970 lqeurgo,
1140 1887 1194 1949 sed
1211 1907 1324 1968 paucos
1345 1895 1420 1948 ante

358 1991 455 2034 annos
484 1973 531 2056 ad
556 1969 777 2034 dissolvendam
806 1970 942 2056 Lycurgi
970 1972 1157 2052 disciplinam
1181 1973 1320 2036 exstructi
1346 1967 1420 2034 sint.

363 2056 498 2140 lyrarum
511 2057 591 2119 enim
606 2075 697 2138 nuper
718 2075 777 2133 eas,
794 2075 892 2118 arcem
914 2066 942 2120 et
959 2058 1172 2121 rnunimentum
1185 2060 1333 2135 sibi,·non
1347 2059 1421 2122 civi-

358 2143 427 2219 tati,
446 2151 636 2223 paraverunt.
680 2142 778 2218 Etsi
800 2141 925 2206 exsistat
946 2144 1034 2207 lrodie
1058 2146 1096 2206 olr
1120 2145 1149 2207 iu
1165 2145 1222 2208 eris
1247 2145 1421 2229 Lycurgus,

355 2230 495 2314 gaudeat
507 2228 601 2294 ruinis
616 2248 723 2304 eornm,
740 2238 769 2291 et
784 2249 860 2291 nurse
873 2249 906 2291 se
918 2230 1051 2316 patriam
1067 2240 1095 2292 et
1109 2231 1249 2312 Spartam
1260 2231 1421 2314 antiquam

359 2335 520 2400 agnoscere
533 2315 624 2392 dieat.
660 2313 734 2376 Non
751 2314 1005 2396 Philopoemenem
1015 2326 1195 2398 exsprectore,
1212 2339 1264 2380 nec
1277 2317 1422 2392 Achaeos,

359 2399 1422 2485 sedoosipsi,Loeedaemonii‚vestrismanilrusamolirietdimereom-

358 2489 413 2551 nio
423 2486 896 2572 tqranmdisoestigiadebuistis.
916 2488 1025 2574 Vestrae
1034 2489 1186 2552 mimillae
1199 2487 1421 2568 deformeeoel-

358 2576 407 2638 uti
419 2574 577 2654 cicatrices
588 2573 742 2636 seivitutis
755 2582 859 2636 eram:
883 2583 920 2649 et,
936 2595 1025 2658 quum
1038 2575 1101 2638 sine
1111 2577 1206 2639 muris
1219 2574 1246 2612 ⁸¹
1255 2597 1311 2657 per
1324 2575 1423 2638 octin-

356 2669 464 2744 gentos
476 2679 568 2742 prope
578 2679 675 2723 annos
686 2657 778 2736 liberi,
790 2658 952 2742 aliqnando
963 2662 1053 2724 etiam
1059 2662 1211 2744 principes
1224 2661 1422 2744 Graeciafis-

357 2746 463 2822 issatis,
477 2745 612 2821 ”muris
627 2745 705 2809 velut
719 2747 916 2827 compedibus,
928 2747 1119 2811 circumdatis
1131 2749 1224 2812 uincti
1234 2744 1423 2831 pereuntum

277 2849 279 2854 ’
357 2833 611 2898 omosseroiuis.
651 2824 742 2906 Quot
750 2833 797 2914 ad
812 2831 894 2917 leges
907 2833 1047 2896 ademtae
1058 2835 1188 2916 adtinet,
1203 2857 1260 2919 ego
1273 2831 1424 2918 uertiquas

357 2919 600 2984 Lacedaemoniis
614 2917 692 3002 leges
707 2927 849 3000 turcum
869 2920 1016 2983 ademisse
1035 2919 1182 2990 arbitror:
1206 2943 1258 2986 nos
1275 2941 1335 2984 non
1348 2941 1424 2984 suos

358 3007 516 3082 ademisse,
527 3023 603 3090 quos
611 3025 669 3066 non
679 3004 836 3082 iubebant,
846 3005 901 3068 sed
908 3013 1027 3069 stostras
1036 3007 1240 3090 legesdedisse
1244 3031 1258 3082 ,·
1279 3007 1426 3072 necmale
1522 3075 1523 3088 χ

357 3091 532 3155 consuluisse
545 3090 673 3166 ciuitati,
689 3110 779 3176 quum
799 3091 923 3154 concilii
943 3092 1036 3154 nostri
1057 3091 1306 3178 satisfecerimus,
1322 3103 1354 3156 et
1369 3115 1425 3157 no·
1522 3089 1523 3092 '

357 3179 404 3242 oie
414 3177 628 3253 miscuerimus,
644 3185 678 3238 ut
698 3196 914 3258 eorpusunum
938 3186 966 3239 et
987 3178 1143 3242 concilium
1166 3181 1257 3244 totius
1269 3181 1425 3261 Pelopon-

432 3305 446 3333 *
452 3315 512 3362 pars
524 3299 635 3347 mae-ima
646 3299 715 3348 Creu.
779 3303 790 3330 ¹
802 3306 826 3346 et
836 3300 882 3347 del.
894 3301 968 3347 Gron-
980 3301 1050 3349 Crev.
1114 3297 1258 3368 bdomicilio
1270 3299 1346 3348 (leva.

389 3426 421 3470 88
438 3416 610 3478 Dvmictls‘ssm]
623 3418 684 3466 Haec
699 3422 736 3464 est
750 3424 808 3466 rett-
825 3419 873 3466 edi·
904 3431 950 3466 nos
961 3419 1049 3466 exstrui
1064 3423 1155 3480 coeptos
1172 3432 1239 3478 ssse3
1255 3419 1366 3474 elutum,
1379 3420 1426 3466 La·

356 3490 435 3532 torum
454 3484 534 3544 lectio,
550 3497 646 3546 quemn
663 3484 784 3530 Gronorio
801 3489 874 3530 testo·
905 3485 1062 3532 eedoemonem
1078 3499 1119 3545 per
1132 3490 1228 3531 eentum
1246 3497 1321 3534 svnos
1338 3486 1428 3532 serris-

356 3555 406 3595 tsm
423 3549 527 3604 Clericus
544 3549 646 3597 admisit.
678 3547 758 3610 Vulgo
776 3549 873 3596 domici·
906 3563 940 3605 se,
970 3549 1080 3596 pinsitum
1107 3564 1122 3596 a
1144 3549 1252 3610 tyrensis
1278 3563 1426 3610 oppressam.

355 3615 396 3660 lio.
871 3621 873 3626 “
905 3615 960 3662 Hoc
986 3621 1130 3675 postremum
1155 3615 1223 3662 nullo
1247 3620 1320 3674 pacto
1340 3629 1426 3662 rerum

387 3684 419 3725 st
436 3679 485 3726 Pes·
492 3679 639 3740 octingentos
646 3695 720 3743 prope
727 3675 873 3742 annos]Na·
904 3682 956 3726 esse
971 3686 1058 3748 potest,
1074 3693 1147 3740 quum
1164 3680 1225 3726 inter
1240 3679 1336 3727 initium
1354 3683 1427 3742 regni

355 3757 433 3790 meras
461 3743 562 3792 oratorie
587 3751 679 3792 suctus.
713 3745 831 3806 Siquidem
858 3741 1039 3798 scleomenis
1055 3753 1080 3791 et
1093 3743 1193 3792 Nabidis
1209 3752 1308 3791 mortem
1324 3745 1369 3792 soli
1388 3747 1430 3792 in-

355 3810 474 3870 Lyourga,
488 3821 557 3870 qoem
574 3809 613 3856 hie
629 3809 724 3872 respicit
737 3810 830 3868 Livius,
842 3811 872 3856 ed
904 3809 1053 3857 tessintsnni
1065 3814 1106 3857 46.
1122 3807 1225 3856 Pupiam
1236 3809 1295 3856 illud
1308 3811 1337 3856 de
1347 3812 1428 3857 moris

354 3874 504 3922 Cleomenem
525 3875 635 3922 leonide
657 3876 741 3933 filium,
762 3875 804 3936 qui
825 3876 872 3935 pli·
905 3876 1012 3923 firmatur
1028 3874 1169 3922 anctoritste
1185 3875 1306 3922 Pmssniae
1325 3880 1351 3920 et
1367 3877 1431 3922 Jus-

353 3944 537 4001 mustyranoas
553 3939 720 3990 Lscedcemove
739 3940 811 3986 tuisse
838 3941 874 3987 di·
905 3940 961 3996 tini,
972 3945 1001 3986 ut
1011 3940 1226 3988 observavimussd
1240 3940 1256 3986 l.
1267 3939 1391 3987 XXXIV.
1404 3957 1429 3991 c.
1522 3939 1523 3970 l

353 4005 515 4066 alussreupre,
534 4005 575 4052 lils.
592 4005 713 4052 XXXIV.
731 4020 752 4051 c.
768 4007 807 4052 26.
825 4018 874 4052 non
906 4009 1039 4065 assume:
1069 3999 1428 4064 Sesquiidtieem'tioeren-

353 4071 492 4118 effluxerunt
501 4071 558 4118 suni
570 4070 675 4117 sexcenti
686 4076 711 4116 et
721 4070 848 4124 octogints.
906 4070 944 4116 rio
956 4083 1005 4116 noa
1016 4071 1132 4129 ridemus,
1143 4071 1217 4130 quiet
1228 4071 1280 4118 loco
1290 4071 1363 4117 mado
1375 4085 1428 4118 me·

385 4141 417 4182 ³5
434 4135 516 4183 Muris
528 4135 593 4182 oelut
610 4135 758 4198 compeditus
772 4136 872 4181 ameum·
904 4139 997 4182 morato
1008 4144 1032 4182 et
1044 4136 1083 4184 hic
1095 4137 1119 4182 in
1131 4136 1161 4181 iis
1178 4149 1230 4196 qun
1244 4135 1348 4194 proxime
1364 4151 1428 4197 pru-

353 4199 502 4248 datisuincts'
510 4213 553 4260 per
564 4207 742 4248 centumonnos
752 4197 871 4260 seruistis]
905 4201 992 4247 cedunt
1014 4201 1108 4263 scripsit
1125 4211 1205 4248 muros
1225 4200 1315 4261 Sparta
1334 4217 1430 4262 pancos

351 4265 409 4312 ‘Duo
431 4266 470 4312 hic
487 4266 634 4313 affirmentur
652 4281 667 4314 e
687 4262 768 4313 Livio:
787 4269 872 4322 unam,
905 4272 961 4311 ante
975 4281 1060 4325 annos,
1071 4279 1155 4327 nuper,
1167 4281 1182 4314 e
1194 4266 1302 4328 tyrannis
1320 4275 1431 4315 anuas·

353 4341 434 4379 muros
452 4331 634 4380 tentamentis
651 4337 707 4380 ante
717 4335 812 4379 eentum
830 4344 872 4376 su·
903 4335 1012 4379 tosesse.
1058 4343 1061 4354 ·
