3042 4954
367 177 408 252 at
759 187 868 249 rrrr
895 161 1033 248 urv'rr

208 375 345 426 mussa
369 303 504 440 speeiem
527 351 678 441 legationi
701 353 849 438 adjiceret
856 377 866 429 ;
889 351 932 429 Q.
959 349 1103 429 Fabium,
1127 351 1250 432 tutioris
1277 333 1435 430 Quinctii*

207 443 238 490 A.
250 444 279 492 ⁰·
292 450 347 495 ¹³⁷·
369 441 581 510 semiannus
595 442 676 520 erat)
689 451 724 504 et·
737 439 780 516 Q.
794 439 950 515 Fuluium,
965 451 999 504 et
1012 441 1074 524 Ap.
1086 437 1254 504 Claudium
1270 441 1369 508 misite

371 563 374 574 ·
413 526 595 592 XXXVII.
619 526 665 592 Ut
680 537 807 590 ventum
824 526 961 590 Romam
983 539 1039 602 est,
1054 525 1143 609 prius
1164 527 1323 592 sociorum
1337 527 1425 628 laga-

368 617 404 690 ti,
418 635 523 698 quam
546 612 637 700 regis,
659 611 760 682 auditi
783 619 867 676 sunt.
890 621 993 676 cetera
1015 633 1125 678 corum
1151 613 1254 677 oratio
1273 615 1426 679 conviciis

319 740 325 750 =
368 698 452 786 regis
466 714 632 764 consumta
652 711 708 762 est.
751 697 777 736 ⁶¹
786 696 961 762 Moverunt
982 720 1021 764 eo
1042 699 1181 762 maxime
1199 707 1353 780 cetimum,
1369 701 1426 766 de-

368 785 577 851 monstrando
588 785 683 849 maris
697 797 913 868 terrarumque
928 783 1066 870 regionis
1080 785 1146 870 ejus
1164 785 1259 850 situm
1270 809 1284 849 τ’
1305 799 1341 852 ut
1354 810 1426 854 om-

366 871 461 936 nibus
475 871 650 956 adpareret,
667 871 693 933 si
707 871 943 936 Demetriadem
958 871 991 934 in
1008 869 1179 948 Thessalia,
1189 872 1379 938 Chalcidem
1392 877 1427 938 in

368 956 506 1035 Euboea,
524 958 715 1022 Corinthum
737 957 770 1019 in
785 956 907 1021 Achaia
928 977 985 1020 rex
1006 969 1135 1033 teneret,
1150 967 1215 1022 no'n
1237 981 1329 1044 posse
1346 959 1426 1026 libe·

307 1069 309 1075 ·
367 1065 437 1108 ram
454 1044 614 1110 Graeciam
636 1066 720 1108 esse:
742 1055 775 1106 et
798 1043 902 1126 ipsum
919 1042 1115 1127 Philippum,
1130 1063 1196 1108 non
1214 1047 1428 1112 contumelio-

206 1145 289 1201 monti
300 1130 442 1209 regirsius,
459 1151 555 1216 quam
568 1131 683 1208 verius,
698 1129 868 1210 compedes
881 1151 932 1193 eas
941 1129 1083 1194 ‘Graeciae
1098 1129 1267 1214 adpellare.
1312 1133 1429 1220 Legati

206 1215 352 1322 signatore
368 1216 483 1280 deinde
504 1218 587 1305 regis
612 1216 796 1280 intromissi.
815 1214 939 1302 quibus,
963 1215 1140 1296 longiorem
1164 1220 1284 1284 exorsis
1308 1221 1427 1285 oratio-

205 1289 303 1390 ξῗωξῃῑ,
368 1325 452 1382 nem,
469 1302 570 1368 brevis
593 1301 808 1389 interrogatio,
824 1323 1006 1366 cessurusne
1019 1303 1058 1365 iis
1071 1302 1172 1367 tribus
1187 1303 1319 1370 urbibus
1333 1319 1425 1386 esset,

367 1393 547 1454 sermonem
562 1389 681 1466 incidit,
697 1391 795 1474 quum
811 1386 953 1452 mandati
967 1387 1025 1452 sibi
1040 1388 1080 1454 de
1100 1387 1149 1454 his
1165 1391 1352 1456 nominatim
1369 1415 1426 1458 ne·

366 1489 479 1560 garant
493 1476 676 1562 quidquam.
692 1477 738 1539 sic
757 1471 873 1538 infecta
892 1495 978 1558 pecc,
995 1474 1074 1561 regii
1097 1475 1225 1540 dimissi.
1270 1478 1427 1553 Quinctio

312 1611 316 1634 ,
365 1561 502 1628 liberum
524 1561 688 1626 arbitrium
710 1560 797 1646 pacis
817 1582 856 1624 ac
882 1558 954 1624 belli
977 1561 1172 1643 permissum.
1216 1562 1373 1640 ⁵²Quod⁸
1387 1581 1450 1638 ut⁴

365 1650 449 1716 satis.
464 1647 620 1732 adparuit,
637 1669 701 1710 non
723 1647 840 1710 taedere
861 1645 934 1710 belli
954 1659 1110 1728 senatum,
1125 1659 1157 1712 et
1169 1647 1254 1732 ipse,
1269 1651 1425 1730 victoriae,

391 1757 463 1800 uam
477 1735 576 1820 pacis,
590 1734 719 1808 avidior,
734 1752 837 1818 neque
850 1731 1055 1818 conloquium
1079 1733 1187 1816 pbstea
1202 1734 1354 1820 Philippo
1368 1739 1426 1802 de·

364 1756 426 1898 dit,
441 1843 544 1904 neque
555 1819 744 1904 legationem
760 1818 864 1895 aliam,
877 1839 972 1903 quam
988 1841 1060 1904 quae
1075 1819 1298 1888 omniGraecia
1311 1821 1426 1890 decedi

365 1906 544 1982 nunciaret,
559 1905 770 1983 admissurum
785 1904 877 1968 dixit.
1260 1941 1262 1948 ‹

202 1991 370 2056 Philippttoe..
409 1991 608 2056 XXXVIII.
632 1989 810 2074 Philippus,
827 2011 925 2076 quum
946 1989 1013 2054 acie
1037 1989 1271 2058 decernendum
1292 1995 1426 2076 videret,
1502 2019 1503 2024 ’

201 2056 313 2170 {mem
363 2090 399 2143 et
420 2077 562 2164 undique
583 2077 622 2140 ad
646 2099 680 2140 se
700 2074 931 2141 contrahendas
953 2077 1043 2154 vires,
1066 2079 1204 2143 maxime
1229 2080 1270 2144 de
1289 2083 1429 2150 Achaiae
1502 2091 1503 2166 j

295 2156 302 2172 ’
366 2164 509 2239 urbibus,
532 2163 671 2250 regionis
692 2163 733 2226 ab
755 2163 949 2238 sediversae,
962 2176 994 2226 et
1008 2164 1107 2251 magis
1130 2176 1233 2230 tamen
1256 2166 1296 2230 de
1312 2169 1426 2256 Argis,

364 2250 524 2336 quamde
548 2249 715 2326 Corintho,
733 2248 894 2325 sollicitus,
917 2249 1073 2332 optimum
1099 2263 1185 2316 ratus
1212 2252 1330 2320 Nabidi
1352 2279 1425 2323 eam
1502 2309 1503 2312 η

362 2337 684 2401 'Lacedaemoniorum
701 2347 836 2420 tyranno
849 2335 876 2374 ⁵³
888 2334 972 2400 velut
986 2334 1182 2402 fiduciariam
1205 2338 1291 2416 dare,
1306 2357 1342 2405 ut
1357 2343 1426 2408 vic·
1502 2341 1503 2360 ¹

363 2425 426 2487 tori
441 2423 501 2488 sibi
515 2423 708 2500 restituerem
730 2421 851 2508 siquid
869 2421 991 2486 adversi
1010 2423 1183 2502 accidisset,
1200 2425 1267 2510 ipse
1280 2427 1425 2508 haberet,
1502 2425 1503 2432 ἵ

364 2509 513 2588 Philocli,
529 2509 585 2596 qui
608 2508 766 2573 Corintho
789 2509 947 2594 Argisque
967 2522 1112 2592 praeerat,
1129 2512 1250 2593 scribit,
1266 2527 1301 2578 ut
1316 2528 1429 2600 tyran·
1502 2527 1503 2530 ’

363 2617 442 2660 num
456 2598 523 2681 ipse
540 2595 732 2663 conveniret.
770 2591 937 2676 Philocles,
952 2609 1165 2681 praeterquam
1187 2599 1271 2684 quod
1283 2602 1351 2686 jam
1370 2626 1427 2668 re·
1502 2667 1503 2682 ἶ

348 2682 471 2748 'niebat
499 2705 572 2747 cum
598 2703 739 2760 munere,
764 2680 872 2766 adjicit
896 2680 938 2744 ad
964 2681 996 2766 pi
1022 2704 1080 2747 uus
1104 2682 1221 2748 future
1250 2689 1317 2773 regi
1346 2711 1424 2754 cum
1502 2687 1503 2694 '

362 2782 500 2856 tyranno
515 2769 674 2848 amicitiae,
689 2767 770 2832 filias
784 2773 856 2832 suas
877 2789 984 2853 regem
1042 2767 1141 2834 abidis
1164 2770 1236 2835 filiis
1259 2775 1425 2839 matrimo-

362 2857 418 2920 nio
430 2859 624 2943 conjungere
636 2855 728 2920 velle.
760 2852 931 2940 Tyrannus
946 2854 1189 2941 primo'negare,
1205 2857 1295 2922 aliter
1311 2861 1424 2926 urbem
1502 2855 1503 2928 l

362 2963 433 3008 eam
449 2965 481 3006 se
496 2954 711 3027 accepturum,
727 2941 789 3006 nisi
804 2941 998 3029 Argivorum
1012 2941 1153 3024 ipsorum
1169 2943 1296 3010 decreto
1318 2970 1426 3016 arces·
1502 2973 1503 3000 ¹

362 3030 440 3096 situs
455 3029 496 3095 ad
511 3029 663 3094 auxilium
677 3027 765 3091 urbis
786 3041 877 3091 esset.
898 3026 1022 3105 deinde,
1038 3041 1073 3091 ut
1094 3027 1247 3115 frequenti
1270 3035 1427 3100 omicione
1502 3105 1503 3108 ,

361 3137 427 3181 non
443 3115 650 3200 adspernatos
664 3114 770 3193 modo,
779 3113 834 3178 sed
848 3113 1043 3177 abominatos
1054 3115 1148 3178 etiam
1164 3138 1279 3182 nornen
1294 3123 1425 3204 tyranni

363 3202 493 3279 audivit,
510 3221 652 3265 caussam
668 3221 701 3262 se
716 3197 871 3284 spoliandi
884 3221 938 3268 cos
952 3211 1081 3265 nactum
1100 3213 1198 3279 ratus,
1214 3205 1349 3282 tradere,
1367 3209 1425 3272 ubi
1502 3205 1503 3262 Ῐ

200 3313 260 3373 argi
268 3314 354 3362 Nabidi
364 3289 465 3367 vellet,
492 3287 604 3351 urbem
630 3284 804 3350 Philoclem
825 3285 927 3370 jussit.
973 3285 1086 3363 Nocte,
1114 3288 1232 3373 ignaris
1251 3293 1422 3372 omnibus,

108 3397 109 3404 .
197 3377 332 3428 munior.
358 3381 510 3458 acceptus
522 3373 558 3436 in
578 3371 690 3436 urbem
712 3383 943 3456 esttyrannus.
968 3372 1070 3458 prima
1083 3373 1154 3438 luce
1175 3391 1310 3461 occupat
1329 3401 1425 3463 supe-

362 3459 448 3550 riora
477 3460 584 3551 qmnia
611 3459 700 3524 loca:
732 3472 899 3552 portaeque
928 3457 1052 3523 clausae.
1099 3459 1211 3527 Paucis
1241 3465 1425 3556 principum
1502 3503 1503 3512 κ

803 3673 813 3700 ³
831 3671 883 3726 Quo
894 3672 969 3718 Gron.

322 3880 324 3885 .
389 3844 418 3885 tt
436 3837 608 3885 Marmorea
628 3839 734 3886 maxime
750 3845 868 3896 ranarum,
901 3843 944 3886 ert.
977 3837 1066 3886 Melius
1085 3819 1301 3892 umeo'vtraretur
1316 3840 1366 3898 cni,
1382 3841 1422 3888 ui-

357 3901 548 3965 demonstraado]
560 3904 620 3950 Dela
629 3917 682 3950 cnm
694 3905 818 3950 Gronorio
829 3917 869 3950 cc·
901 3905 987 3974 mirup
999 3903 1111 3954 Quintio.

355 3965 524 4032 perniciosam
534 3971 640 4017 voculam
651 3984 683 4014 eo.
906 4003 909 4010 .
933 3974 963 4016 5³
984 3968 1056 4016 Velut
1068 3963 1237 4031 fiduciariam]
1256 3970 1279 4017 lt
1302 3983 1351 4018 reru
1375 3967 1422 4018 cli-
1502 3989 1503 4028 3

389 4041 420 4081 nc
439 4035 545 4090 Quodne
560 4037 621 4082 satie
635 4035 871 4095 apparentiam-
903 4035 1026 4093 quamdat
1042 4033 1249 4096 fiduciariam,qui
1267 4033 1332 4090 illam
1349 4034 1422 4084 altori
1502 4055 1503 4072 r

356 4096 422 4165 dere]
439 4099 575 4148 Gronovius
594 4114 623 4146 ex
639 4100 775 4158 conjectura
790 4114 870 4148 emec·
904 4113 932 4146 ea
948 4100 997 4154 lege
1013 4100 1095 4154 tradit,
1116 4106 1144 4148 ut
1161 4101 1206 4150 tibi
1223 4101 1350 4159 aliquando
1370 4103 1425 4151 rad.

355 4168 460 4224 moeret,
481 4182 526 4228 quo
547 4174 576 4212 ut
596 4167 657 4212 ratio
674 4166 795 4226 apparuit.
836 4166 871 4212 At
902 4165 981 4220 detur,
993 4163 1037 4212 fide
1048 4166 1245 4226 ctrbnquadata,
1255 4166 1306 4222 sine
1317 4167 1425 4224 testibus

355 4246 428 4292 quum
447 4233 497 4293 i'ptc
515 4237 629 4288 moreat
648 4231 768 4279 interdurn
787 4243 868 4278 rocem
901 4236 943 4278 ant
960 4229 1062 4282 littoris:
1081 4232 1143 4282 uude
1160 4237 1185 4280 at
1199 4227 1339 4286 fiduciam
1361 4231 1424 4280 fidu·
1502 4249 1503 4278 i

255 4349 257 4356 Α
354 4299 417 4358 guod
425 4299 525 4346 otiosam
541 4311 600 4356 erse.
613 4297 663 4356 ejus
678 4295 811 4342 emendatio
827 4309 869 4355 per
900 4294 980 4349 cirria,
1005 4295 1126 4348 fiduciaria
1152 4297 1296 4358 mancipatio
1319 4298 1423 4358 dieitur,
1502 4355 1503 4362 ἵ

354 4375 379 4408 re
390 4377 472 4424 parum
488 4365 553 4420 ielis,
564 4362 614 4421 jam
630 4362 727 4408 minima
738 4360 868 4408 occesserit
900 4359 956 4418 quia
967 4371 1052 4428 nempe
1060 4361 1157 4414 alterius
1168 4352 1222 4413 mel
1232 4363 1359 4412 credimus.
