3126 4978
444 209 537 270 LIB.
559 207 703 269 xxxvl.
728 208 832 268 cAP.
856 208 897 268 ll.
1037 211 1042 220 '
1144 217 1203 278 237

145 373 294 454 Romam,
307 385 421 463 'eaque
433 373 565 440 urbana
578 372 718 461 legiones
732 385 835 443 essent
853 383 986 458 paratae,
1001 388 1206 461 quassamus
1219 397 1250 445 u.
1263 398 1291 446 c.
1301 400 1357 447 ser.

143 462 322 527 censuisset.
476 475 480 482 '
1062 485 1065 490 ·
1130 463 1135 487 ³
1217 462 1249 512 A·
1262 465 1290 512 ὓ·
1303 467 1369 512 ¹9¹·-

189 547 236 612 11.
259 547 324 612 His
345 548 391 612 ita
407 546 440 610 in
455 557 566 610 senatu
579 544 642 610 ⁵sd
664 545 708 622 id,
724 565 797 632 quae
819 547 908 632 cujus
929 548 1095 632 provincia
1115 547 1206 626 foret,

144 632 288 710 decretis,
305 649 372 699 tum
386 633 515 697 demum
530 632 636 696 sortiri
655 631 798 698 consules
818 633 947 718 placuit.
992 633 1098 700 Acilio
1114 634 1208 700 Groess

144 717 204 796 cia,
222 718 373 786 Cornelio
389 717 481 784 Italia
494 719 608 783 evenit.
653 717 751 783 Certa
770 719 885 784 deinde
907 731 991 786 sorte
1005 733 1208 787 senatuscon-

145 804 264 871 sultum
278 805 397 872 factum
415 818 479 870 est:
502 803 518 885 ⁶·
524 807 604 888 quod
611 807 744 888 populus
758 808 916 872 Romarm
929 829 963 871 eo
977 817 1109 890 tempore
1123 810 1208 872 duel·

144 893 206 956 lum
215 893 357 978 jussisset
371 915 431 956 esse
445 913 509 956 cum
529 913 601 974 rege
615 891 795 969 Antiochou
811 891 922 978 quique
934 891 988 959 s'ub
1003 895 1132 976 imperio
1146 893 1209 977 rp'us

144 991 251 1057 essent,
267 991 301 1044 at
315 979 378 1063 pus
398 979 446 1042 rei
466 998 571 1042 caussa
592 979 841 1060 supplicationem
857 982 1044 1062 imperarent
1057 983 1207 1047 comulas.-

144 1068 250 1150 utique
266 1066 327 1130 Μ’.
339 1065 459 1130 Acilius
480 1065 583 1128 cmrsul
603 1065 688 1128 ludos
709 1085 834 1149 magnos
846 1068 921 1133 Joci
938 1076 1066 1141 msera,
1082 1076 1112 1130 el
1127 1069 1209 1130 dona

145 1154 190 1216 ad
203 1154 307 1216 omnia
314 1152 511 1236 pulvinaria.
556 1147 595 1213 ld
609 1161 717 1214 votum
731 1151 765 1214 in
786 1150 857 1216 hmo
870 1151 976 1228 verba,
992 1165 1154 1238 praeeunte
1171 1151 1209 1215 P.

146 1238 276 1303 Licinio
302 1236 453 1322 pontifice
475 1237 627 1313 maximo,
643 1236 753 1300 consul
776 1237 990 1321 nuncupavit:
1013 1240 1050 1304 Si
1067 1241 1210 1316 duellum,

147 1327 311 1410 quodcum
326 1324 478 1389 Antiocho
498 1344 569 1406 rege
589 1324 667 1386 sumi
681 1325 814 1406 populus
825 1323 931 1407 jussit,
949 1327 984 1388 id
1001 1347 1039 1388 ec
1058 1326 1211 1389 sententia

146 1420 269 1476 senatus
283 1413 452 1496 populique
465 1410 602 1474 Romani
623 1409 786 1492 corfinium
802 1412 880 1482 erit‚·
904 1421 965 1474 tum
988 1411 1057 1487 tibi,
1073 1412 1209 1492 Jupiter,

140 1500 276 1581 populus
290 1499 446 1562 fflmauus
469 1495 553 1558 ludos
574 1515 698 1579 magnos
719 1497 784 1560 dies
802 1499 899 1562 decem
921 1499 1076 1560 continuos
1085 1497 1208 1581 facist,·
1293 1551 1298 1554 .

148 1585 346 1667 donaquaad
366 1583 468 1645 omnia
484 1583 669 1664 pulvinaria
684 1581 837 1646 dulantur
850 1584 889 1646 de
903 1585 1050 1664 pecunia,
1064 1592 1210 1665 panton
1258 1613 1260 1620 v

146 1679 270 1736 senatus
291 1670 466 1732 decreuerit.
515 1669 660 1750 Quisquis
684 1670 881 1752 magistratus
905 1688 954 1732 eos
977 1670 1064 1731 ludos
1088 1671 1211 1752 quando

147 1757 259 1840 ubique
269 1756 374 1840 facit,
394 1755 429 1817 lri
449 1755 517 1818 ludi
539 1763 619 1816 recte
631 1754 730 1838 sacti,
754 1757 893 1837 donaque
914 1756 990 1818 dato
1012 1762 1093 1817 recte
1112 1762 1210 1818 sunto.

149 1841 348 1926 Supplicatio
369 1838 444 1904 inde
464 1839 506 1904 ab
527 1839 652 1904 duobus
673 1840 854 1904 consulibus
875 1839 978 1905 edicta
1000 1861 1056 1924 per
1079 1839 1209 1903 biduum

148 1926 218 1992 fuit.
265 1926 457 1992 Consulibus
483 1925 601 1990 sortitis
625 1927 812 2010 provincias,
828 1925 987 2011 extemplo
1006 1938 1038 1990 et
1059 1938 1213 2010 praetores

139 2011 252 2078 'sortiti
267 2025 350 2079 sunt
374 2010 422 2076 M
445 2011 544 2076 Junio
562 2012 665 2077 Bruto
682 2013 861 2096 jurisdictio
882 2025 1017 2096 utraque
1038 2011 1153 2090 evenit,
1170 2013 1212 2075 A.

152 2100 304 2164 Cornelio
320 2097 508 2163 Mammulae
531 2097 658 2174 Bruttii,
676 2097 726 2162 M.
741 2098 872 2163 AEmilio
894 2097 1020 2183 Lepido
1036 2098 1155 2178 Sicilia,
1172 2097 1211 2162 L.

150 2186 262 2270 Oppio
279 2184 449 2252 Salinatori
460 2183 615 2262 Sardinia,
633 2184 670 2248 Ο.
683 2185 776 2248 Livio
787 2184 957 2254 Salinatori
972 2185 1090 2262 classis,
1107 2185 1147 2249 L.
1156 2183 1213 2248 AE·

151 2272 241 2338 milio
254 2271 365 2336 Paullo
381 2271 538 2355 Hispania
551 2270 692 2336 ulterior.
717 2271 780 2335 His
795 2271 838 2336 ita
853 2271 1008 2339 exercitus
1018 2270 1148 2336 decreti.
1171 2270 1213 2336 A.

151 2358 304 2424 Cornelio
319 2359 393 2422 novi
408 2357 530 2433 milites,
547 2357 717 2441 conscripti
739 2357 846 2443 priore
860 2380 945 2422 armo
960 2381 998 2422 en
1013 2371 1213 2424 senatusconu·

149 2447 234 2511 sulto
248 2445 323 2510 aL.
340 2444 492 2521 Quinctio
512 2443 650 2521 consule,
666 2444 730 2508 dati
752 2457 843 2520 sunt;
863 2446 1030 2532 jussusque
1044 2445 1127 2509 tueri
1145 2464 1219 2516 om-‚

149 2554 224 2598 nem
255 2553 343 2596 oram
374 2531 458 2594 circa
484 2529 660 2596 Tarentum
691 2529 970 2618 Brundisiumque.
1016 2529 1056 2596 L.
1079 2529 1214 2596 AEmilio

152 2617 268 2684 Paullo
296 2618 328 2680 in
359 2617 539 2682 ulteriorem
568 2615 759 2702 Hispaniam
786 2630 903 2702 praeter
928 2640 1001 2682 eum
1027 2618 1214 2695 exercitum,

146 2723 246 2790 'quem
269 2727 288 2770 a
307 2703 355 2768 M.
374 2703 487 2768 Fulvio
508 2715 706 2788 propraetore
727 2716 913 2790 accepturus
938 2717 1028 2781 esset,
1052 2703 1214 2769 decretum

150 2804 224 2867 est⁰‚
248 2805 283 2856 ut
304 2811 457 2854 novorum
481 2789 617 2854 militum
643 2789 704 2854 tris
728 2789 827 2854 millia
845 2792 983 2866 duceret,
1007 2803 1039 2854 et
1061 2802 1215 2854 trecentos

152 2877 274 2962 equites
283 2901 292 2954 3
315 2878 360 2940 ita
373 2877 456 2940 utin
472 2875 510 2938 iis
525 2875 599 2940 dnae
614 2888 719 2960 partes
733 2875 853 2940 socium
870 2876 976 2941 Latini
991 2876 1139 2952 nominis,
1152 2889 1215 2940 ter·
1245 2919 1250 2926 ·

136 2965 199 3028 ,tia
227 2963 343 3028 civium
373 2962 593 3027 Romanorum
621 2974 709 3038 esset
755 2961 845 3026 Idem
875 2962 1088 3048 supplementi
1112 2961 1152 3026 ad
1176 2961 1214 3026 Ο.

153 3049 358 3126 Flaminium,
373 3049 424 3114 cui
439 3050 607 3134 imperium
623 3049 868 3136 prorogabatur,
883 3049 915 3112 in
933 3048 1124 3133 Hispaniam
1140 3048 1215 3112 cite·

152 3136 270 3201 riorem
285 3148 332 3200 est
349 3135 489 3200 missum.
533 3136 582 3200 M.
599 3134 749 3204 AEmilius
765 3135 907 3221 Lepidus
922 3159 940 3202 a
956 3135 996 3200 L.
1009 3135 1148 3213 Valerio,
1164 3133 1216 3200 cui

146 3243 352 3288 successurus
374 3233 462 3300 esset,
479 3220 569 3286 simul
593 3221 788 3308 provinciam
815 3223 1050 3308 exercitumque
1074 3221 1217 3307 accipere
1306 3245 1311 3253 ‘¹

147 3305 272 3398 jussusr
297 3307 335 3372 L.
351 3307 527 3384 Valerium,
542 3308 569 3372 si
593 3309 637 3374 ita
657 3308 826 3387 videretur,
846 3329 907 3394 pro
931 3320 1065 3396 praetore
1088 3310 1119 3371 in
1142 3330 1217 3393 pro-

154 3395 261 3460 vincia
275 3393 419 3470 retinere,
435 3407 467 3458 et
482 3393 676 3479 provinciam
693 3395 737 3460 ita
758 3395 908 3474 dividere,
923 3411 960 3459 ut
982 3416 1045 3459 una
1065 3394 1106 3459 ab
1122 3395 1217 3484 Agri-

153 3493 252 3632 qpnm
268 3480 319 3546 ad
342 3478 528 3567 Pachynum
553 3493 642 3560 esset,
665 3480 764 3546 altera
789 3505 809 3546 a
831 3481 983 3568 Pachyno
1005 3480 1217 3632 andarinm.

188 3590 240 3632 am
265 3565 456 3632 maritimam
481 3588 570 3632 oram
596 3566 636 3631 L.
652 3567 797 3632 Valerius
821 3567 932 3656 viginti
961 3569 1033 3632 navi
1056 3591 1092 3634 ns
1113 3568 1218 3658 longis

153 3653 338 3732 custodiret.
382 3651 496 3718 Eidem
518 3653 650 3738 praetori
673 3653 869 3732 mandatum,
889 3666 924 3719 ut
945 3653 1048 3720 ⁷duas
1070 3654 1219 3736 decumas

308 3791 322 3830 l>
333 3808 387 3856 epm
397 3809 454 3856 rege
463 3794 583 3844 Antiocho
594 3809 643 3842 esse
653 3794 728 3862 tiron.
741 3794 809 3841 Crer.
874 3795 885 3825 ⁸
897 3799 932 3840 ert
943 3793 988 3841 del.
1000 3793 1067 3842 aad.

189 3927 204 3968 ὅ
220 3923 264 3970 Ad
275 3924 308 3978 id,
319 3939 371 3988 quae
382 3925 451 3986 cujus
462 3921 672 3987 prouiuciusoret]
704 3921 890 3990 Antioclpcrsc]
900 3919 970 3974 Dolet
978 3926 1113 3974 Gronovius
1122 3926 1219 3973 verbum

154 3987 182 4034 Si
193 3987 256 4035 nihil
271 3989 311 4036 hio
322 3995 458 4052 corruptum
471 3995 517 4048 est,
528 4003 610 4038 sensus
621 4004 672 4038 esse
704 4007 762 4050 esre,
773 3992 836 4052 qnod
854 4005 910 4038 sane
930 3992 1085 4045 necessarium
1106 4004 1153 4038 non
1174 3995 1217 4036 est.

154 4053 265 4101 videtur:
290 4068 365 4116 usquo
383 4056 418 4103 od
434 4056 463 4103 id
480 4061 561 4118 caput,
577 4069 671 4118 nempe,
704 4057 743 4104 Sic
756 4057 1004 4118 supra,l.XXX1.c
1018 4063 1041 4102 s.
1057 4055 1219 4117 qualitatium

155 4133 211 4230 qepun
222 4118 295 4232 quust
303 4121 428 4232 prooqncia
436 4121 521 4181 soret:
539 4121 671 4234 quod'tpri·
697 4137 765 4234 qqqpl
767 4122 886 4234 1Pitilippo
899 4121 1139 4235 ροιᾶιιέυἷιῤωίεεοτι.,
1159 4119 1192 4182 Et
1203 4119 1219 4164 1.

154 4249 222 4296 dress
233 4193 673 4314 οὲἰῗὶὶῑῗῑίοὲῗνὲιίῗυῗιῖῗιὴίοιὲ-
705 4194 930 4314 satellitislisiio
975 4201 1046 4233 eum
1060 4197 1221 4232 immam

156 4314 287 4375 quidvitii.
465 4374 470 4381 .
738 4319 842 4369 7Duas
860 4319 970 4365 decumas
982 4309 1116 4378 frumenti]
1139 4311 1222 4360 Obiter

185 4379 673 4444 6Quod..dusllumjusrirscteumrege
706 4385 869 4434 annotandum
897 4383 999 4440 videtur,
1029 4380 1091 4438 quod
1120 4381 1221 4426 testatur
