3082 4976
344 191 350 198 .
440 143 534 206 usn.
558 145 624 208 nn.
651 145 753 208 cur.
775 144 923 216 xxxva
984 220 989 232 ἱ
1145 153 1205 214 su

141 324 255 391 negare
276 329 337 374 non
351 331 452 393 posse,
466 313 542 396 quin
563 312 674 378 rectius
693 311 745 387 sit,
765 312 858 378 etiam
878 309 925 376 ad
936 320 1067 394 pacatos
1087 309 1239 378 burla-U·
1251 321 1279 368 ὓ
1291 325 1347 372 ³⁷2

139 412 199 470 ros,
215 396 345 460 nonum
358 399 435 462 satis
456 399 594 462 aunem
609 399 747 480 imperio,
762 399 923 462 euerritum
937 399 1030 462 mitti.
1052 419 1129 463 nono
1142 385 1239 462 ars-⁶⁴
1251 387 1280 432 ⁰·
1292 390 1345 431 Μ

140 486 209 558 tun,
226 501 268 544 an
285 491 384 546 netem
398 484 530 548 ecerdtu
544 486 682 566 opressit,
697 479 760 566 ejas
773 505 834 558 esse
847 485 957 562 dicere,
972 485 1027 568 qui
1039 485 1118 560 seire
1126 505 1200 567 por·
1214 543 1217 552 ,

139 565 192 644 sit,
215 587 275 650 qua
288 568 360 649 fide
383 569 530 634 Celtiberi
554 570 588 632 in
607 590 687 652 paee
711 569 848 632 mansuri
871 569 952 642 sint,·
976 571 1067 634 simul
1090 579 1119 634 ct
1144 572 1200 654 qui
1211 645 1215 663 Ι

140 649 220 714 illud
239 655 427 734 euploratum
448 655 739 739 inconquinata
760 655 880 729 milites,
896 656 925 720 si
937 655 1051 720 diutim
1072 657 1105 720 in
1122 677 1200 738 pro-

140 737 244 808 uincia
265 739 466 804 retineantur.
509 742 545 806 Si
569 762 606 804 en
627 761 671 818 eo,
692 741 772 824 quod
795 750 851 804 aas
871 742 954 804 inter
973 763 1005 806 se
1024 743 1198 825 loquantur,

139 831 195 886 aut
214 822 498 890 subclamationibns
518 827 604 908 apud
622 827 847 890 concionantem
870 826 1080 908 inperatorem
1100 829 1200 912 signi-

125 911 237 992 ficent,
253 910 330 993 quid
348 913 493 988 sentiant,
508 910 732 995 cumscientiam
745 912 805 982 sit.-
822 913 933 993 pulam
953 913 1134 997 vociferatos
1154 937 1200 980 es·

138 1017 180 1071 se,
202 1004 257 1058 aut
278 997 489 1078 imperatorem
511 999 546 1060 in
564 997 725 1080 prouincia
750 1005 926 1073 retenturos,
949 1007 1003 1062 ant
1023 1020 1088 1064 eun
1109 1021 1145 1064 eo
1166 1003 1200 1064 in

138 1081 267 1146 ltaliam
281 1091 423 1146 uentaros
435 1103 507 1148 esse.
546 1082 817 1166 Disceptationem
833 1083 915 1147 iuter
929 1095 1099 1167 praetorem
1113 1083 1198 1173 legs-

139 1179 271 1252 tumque
285 1165 449 1232 consnlum
470 1165 582 1234 relatio
601 1167 785 1251 interrupit;
808 1166 862 1252 qui
876 1167 982 1246 ’leuas
996 1172 1103 1234 ornari
1125 1192 1200 1255 prq-

139 1244 270 1330 viueias,
291 1253 377 1337 prius
402 1275 473 1318 uum
496 1251 538 1318 de
566 1253 710 1336 praetoris
733 1253 871 1318 exercitu
895 1267 1051 1342 ageretur,
1073 1278 1199 1342 aequum

138 1339 319 1404 censebant.
364 1275 474 1404 §orus
489 1338 592 1404 omnis
611 1339 767 1418 exercitus
782 1338 962 1406 consulibus
976 1355 1023 1406 est
1037 1340 1198 1408 decretus:

139 1423 224 1488 binae
238 1421 378 1511 legiones
394 1425 551 1490 Romnum
567 1447 643 1490 cum
665 1448 724 1491 suo
737 1427 889 1510 equitatu,
905 1441 936 1490 et
956 1427 1078 1492 socium
1096 1429 1201 1494 Latini

139 1510 286 1588 nominis,
308 1509 479 1596 ”quantus
502 1534 625 1597 semper
649 1533 808 1590 uumerus,
824 1512 1004 1597 quindecim
1026 1512 1125 1578 millia
1145 1535 1201 1599 pe-

139 1595 242 1662 ditum
269 1608 301 1662 et
329 1597 503 1684 octingenti
531 1621 548 1661 e
572 1598 661 1663 uites.
690 1618 763 1661 cum
792 1595 855 1662 hoc
883 1598 1026 1664 exercitu
1050 1602 1201 1684 ¹Apuanis

140 1682 313 1770 Liguribus
328 1696 363 1750 ut
379 1683 497 1748 bellum
518 1620 679 1761 inlerrent,
697 1681 878 1748 mandatum
894 1696 953 1750 est.
999 1683 1036 1749 P.
1052 1685 1202 1762 Cornelio

140 1780 173 1832 et
202 1767 253 1835 M.
270 1767 382 1837 Baebio
409 1784 617 1857 prorogatum
647 1769 827 1855 imperium,
852 1769 995 1856 jussique
1023 1771 1202 1856 provincias

138 1853 292 1934 obtinere,
306 1853 409 1925 donee
433 1856 576 1922 consules
589 1854 756 1921 venissent.
779 1869 846 1921 tum
869 1855 1070 1940 imperatum,
1091 1871 1136 1936 ut,
1152 1858 1200 1923 di·

140 1941 248 2024 misso,
263 1962 356 2027 quem
370 1939 534 2020 haberent,
550 1942 701 2020 exercitu,
715 1955 948 2010 reverterentur
964 1943 1113 2008 Romam.
1149 1946 1202 2011 De

140 2025 194 2092 Ti.
211 2027 389 2113 Sempronii
404 2026 519 2093 deinde
538 2027 681 2095 exercitu
700 2042 805 2094 aetum
828 2043 885 2094 est.
907 2025 1020 2094 nobam
1043 2029 1200 2118 legionem

139 2112 328 2201 eiquinque
348 2113 482 2180 millium
503 2127 535 2180 et
555 2113 764 2180 ducentorum
788 2115 929 2199 peditum
951 2136 1023 2180 cum
1044 2116 1202 2204 equitibus
1259 2147 1261 2152 ·

162 2199 379 2300 undringentis
393 2197 537 2265 consules
551 2198 687 2264 scribere
695 2200 774 2299 jussi
783 2223 793 2276 ς
817 2214 850 2264 et
863 2200 950 2264 mille
971 2217 1124 2286 praeterea
1146 2225 1202 2288 pe-
1265 2272 1269 2276 ,

139 2221 242 2352 litum
264 2286 380 2351 civium
404 2285 880 2385 anenorum,qn1uqueginta
899 2286 1035 2435 equites:
1059 2299 1092 2366 et
1109 2290 1202 2355 sociis
1359 2293 1364 2302 “

139 2394 158 2436 e
171 2371 300 2438 nomine
314 2371 434 2438 Latino
448 2371 603 2458 imperare
621 2383 740 2456 septem
762 2369 862 2436 millis
876 2392 913 2454 pe
940 2370 1029 2450 itum,
1046 2385 1202 2455 trecentos

138 2457 267 2543 equites.
289 2479 362 2522 cum
388 2457 450 2523 hoo
475 2457 618 2524 exercitu
642 2456 760 2538 placuit
785 2457 831 2522 ire
852 2458 886 2522 in
910 2455 1103 2542 Hispaniam
1126 2461 1201 2526 cite·

135 2543 255 2622 ,sionem
282 2542 336 2608 Ti.
353 2543 587 2630 Sempronium.
623 2541 703 2620 ²³Q.
721 2541 835 2612 Fulvio
859 2543 1058 2628 permissum,
1076 2558 1121 2624 ut,
1145 2549 1200 2633 qui

139 2629 265 2710 milites,
289 2643 361 2695 unte
384 2631 439 2716 Sp.
457 2630 684 2710 Postumium,
701 2628 744 2706 Q.
760 2627 922 2696 Marcium
942 2629 1096 2708 consules,
1117 2633 1199 2698 cives

529 2735 605 2782 'edm
619 2740 643 2782 et
658 2735 731 2782 Gson
746 2735 814 2782 Cres·

169 2821 199 2862 21
218 2815 282 2864 Sene
293 2818 377 2864 amari
388 2812 536 2879 prouincias]
551 2816 653 2863 Deserui
685 2821 730 2870 tes,
743 2821 832 2876 qusnto
843 2815 899 2862 item
911 2830 1008 2864 numera
1028 2820 1119 2866 sooislis
1135 2835 1199 2868 eser·

138 2892 167 2925 es
188 2893 240 2940 quse
262 2883 311 2928 suis
335 2882 462 2942 provinciis
484 2894 544 2943 opus
566 2888 651 2928 essem.
685 2881 746 2927 citus
764 2887 914 2940 superaturus
928 2888 990 2928 esset
1008 2884 1128 2932 duodecim
1145 2888 1199 2934 mil·

137 2943 241 2992 Verbum
253 2949 335 2993 mari
345 2949 465 3008 proprium
474 2955 511 2993 est
521 2947 565 2993 isse
576 2948 600 2992 in
613 2960 644 2993 re.
686 2945 718 2992 iis
740 2945 856 3006 peditum,
879 2953 1001 2993 sexcentos
1022 2949 1122 3008 bquires,
1145 2965 1199 2998 eum

170 3015 202 3056 ss
221 3011 331 3067 wenta
348 3027 438 3072 smper
454 3007 576 3073 numeru]
595 3011 655 3058 Vult
687 3023 809 3057 numerum
845 3012 950 3071 peditum
982 3013 1135 3072 equitumque
1168 3017 1199 3066 Q„

138 3073 235 3136 Lipsius
246 3077 262 3124 l.
273 3076 307 3124 11.
326 3077 356 3123 de
374 3077 446 3124 Mitis.
464 3078 533 3124 Rom.
551 3076 613 3124 Disl·
629 3082 653 3126 7.
685 3075 782 3122 Fulvius
800 3089 878 3122 seeum
898 3089 992 3136 quoque
1008 3079 1201 3140 deponeremus

138 3138 178 3186 lsio
189 3139 244 3202 legi,
255 3147 358 3204 mantas
369 3147 421 3188 tuns
430 3157 520 3201 sesnper
533 3156 652 3198 nummus,
685 3140 834 3201 potissimum
860 3141 994 3203 deligendo,
1018 3156 1116 3201 quorum
1144 3144 1200 3191 sorti

139 3205 194 3262 quis
211 3205 322 3252 nimirum
333 3221 361 3254 ex
372 3206 440 3252 Livio
450 3212 475 3253 et
486 3206 583 3266 Polybio
595 3219 652 3252 eou-
685 3217 756 3266 opens
765 3217 822 3252 usus
833 3212 902 3253 esset.
934 3205 1063 3254 Sexsuillis
1078 3215 1102 3254 et
1113 3209 1201 3256 dueen-

137 3275 197 3328 stst,
207 3271 310 3325 ssoeiis.
321 3278 349 3318 us
365 3271 502 3332 plurimum.
513 3283 591 3331 prem
605 3271 654 3318 uo-
684 3276 724 3316 tos
746 3270 838 3328 pedites
854 3272 975 3318 Romarm
993 3271 1031 3317 Ti.
1049 3272 1201 3334 Sempronius

138 3335 215 3382 saeuis
236 3336 368 3398 legionibus
392 3337 498 3398 peditum
520 3349 652 3393 numerum,
684 3336 711 3381 iu
726 3335 867 3396 iiispsuisus
884 3349 962 3382 seeum
980 3337 1118 3387 sddueebm.
1151 3340 1200 3386 De·

138 3399 254 3460 duplicem
266 3401 372 3461 equitum
384 3401 458 3448 solere
470 3399 575 3462 preberi.
608 3399 653 3446 Sed
684 3414 735 3446 oesn
765 3400 840 3446 millis
866 3411 890 3446 et
918 3398 1083 3462 quadringenti
1111 3406 1201 3466 pedites

138 3464 198 3512 illud
215 3473 267 3512 tsess
282 3465 373 3512 stismsi
390 3479 439 3514 nou
455 3468 607 3526 exprimatur,
618 3465 652 3512 is·
684 3464 786 3511 Romsni
808 3465 834 3510 iu
853 3465 971 3526 iiispsuis
992 3480 1111 3516 remanere
1132 3471 1202 3517 debe-

137 3529 221 3576 eiiees
235 3530 287 3592 ipss
301 3543 326 3578 rs
341 3529 445 3591 suppleri
461 3535 548 3591 potest.
581 3529 653 3577 lutei·
685 3529 752 3576 bsnt.
783 3530 848 3591 Ergo
864 3537 966 3580 esstere
981 3534 1087 3579 exereim
1100 3543 1202 3594 qustum

137 3589 184 3650 lise
211 3595 285 3658 igitur
311 3595 476 3643 tantummodo
498 3596 545 3643 hoe
565 3594 615 3652 jsm
638 3608 654 3641 s
684 3599 778 3642 tuntum
796 3595 1011 3643 usiiiiastdueenti
1026 3599 1155 3647 manebunt
1171 3602 1201 3648 sd

137 3660 219 3708 multis
235 3660 304 3708 aunis
321 3665 438 3706 serratum
457 3673 515 3708 esse.
548 3659 599 3706 viu.
613 3674 651 3707 su·
685 3660 773 3735 signu·
794 3660 870 3706 Ceteri
887 3662 1142 3728 omnesdimitteptur:
1160 3667 1201 3714 sed

139 3731 355 3846 metm
375 3790 527 3850 mun,
549 3785 587 3850 e]
611 3745 651 3840 'u
684 3725 1227 3850 :inbibitubbttlttbtttt

138 3853 224 3914 tuitio
245 3856 384 3914 permissum
402 3859 449 3911 est,
469 3858 498 3900 ut
520 3855 654 3914 &perteret
686 3855 826 3916 Hispaniam
850 3860 971 3908 venenet.
991 3863 1042 3918 tum
1059 3859 1075 3906 ii
1092 3861 1134 3920 qui
1152 3859 1200 3909 ier·

138 3932 217 3965 seeum
233 3918 259 3964 iu
272 3919 364 3966 italiam
374 3933 415 3966 eos
431 3918 528 3975 milites,
540 3919 581 3978 qui
597 3923 654 3964 sote
685 3923 732 3964 teus
749 3932 842 3980 operum
860 3919 993 3981 reipublice
1008 3923 1034 3968 iu
1050 3924 1141 3970 duobus
1158 3927 1201 3972 sd·

138 3984 178 4045 sp.
196 3983 343 4032 postumium
365 3989 390 4032 et
412 3984 443 4035 Q.
459 3983 575 4030 Msseium
597 3996 653 4029 eou-
686 3996 765 4030 sersus
787 3983 917 4032 Celtiberos
941 3985 1027 4044 preliis
1049 3983 1226 4036 nsvsserms'·
1315 3987 1320 3993 '

137 4049 201 4096 suiss
224 4047 251 4094 in
271 4049 412 4111 Hispsuism
435 4047 589 4109 trsnsportsti
616 4061 652 4094 es·
686 4048 751 4094 ldeus
768 4048 831 4096 diess
851 4050 880 4097 de
898 4049 1017 4108 equitibus
1032 4049 1154 4110 Romsms,
1170 4055 1201 4101 de

137 4118 207 4172 ssnt3
232 4120 258 4162 et
282 4120 403 4175 pateres,
425 4119 516 4174 qusuto
543 4125 650 4169 numero,
684 4113 801 4174 peditibus
812 4114 978 4174 equitibusque
989 4115 1073 4174 sputis.v
1090 4119 1200 4174 netem

136 4183 192 4242 post
216 4178 404 4242 supptementum
433 4180 571 4234 adductum,
599 4175 652 4224 due
683 4173 990 4239 postumianensem
998 4177 1087 4228 aaut
1096 4183 1201 4235 muts

137 4243 242 4306 legiones
266 4243 404 4292 meedesent
428 4243 506 4293 meum
531 4240 606 4288 millis
627 4247 653 4289 et
683 4244 804 4291 duodecim
819 4243 907 4299 millia,
919 4242 1051 4294 addidimus
1064 4259 1142 4304 summ
1157 4259 1201 4308 pe.

136 4309 320 4372 qumnugmsos
336 4308 435 4370 pedites,
447 4303 570 4357 sescentos
586 4307 652 4368 equi·
684 4309 746 4355 dites
755 4322 784 4354 ex
794 4320 843 4354 uno
855 4307 954 4354 Hesruii
966 4307 1019 4360 MS.

729 4371 802 4436 sit
