3042 4954
328 205 364 257 le
722 188 998 256 T1T1t1vl1
1063 231 1066 238 ·

160 385 229 432 uc.
241 387 296 431 sss.
321 363 548 447 augendumque
568 379 693 444 regnam
715 379 794 442 opas
811 374 873 450 esse
882 359 1065 444 judicasset,
1086 361 1169 424 enisa
1186 361 1226 422 -id
1240 355 1388 442 populeum

160 449 296 526 A·⁰·,⁹⁰⁰·
322 451 494 512 Romanum
514 447 628 509 merito
644 445 707 528 eriis
725 455 955 530 praestaturum.
999 441 1162 510 Verminae
1183 441 1310 532 quoque
1327 439 1397 530 Syss.

159 515 278 638 ἕξᾛξζ
321 533 430 619 phacis
445 531 502 595 tilii
523 530 619 616 legati
641 553 698 615 per
713 553 766 596 eos
780 530 847 596 dies
869 545 1013 616 senatum
1030 532 1188 614 adierunt,
1204 525 1390 597 excusantes

159 594 291 702 nitimur.
319 633 460 684 errorem
482 617 799 705 adolescentiamque,
823 632 855 684 et
880 617 1006 704 culpam
1033 641 1158 683 omnem
1185 619 1217 682 in
1243 616 1387 682 fraudem

322 704 636 792 Karthaginiensium
659 716 845 769 avertentes.
889 707 935 769 Et
957 705 1159 771 Masinissam
1176 706 1328 770 Romanis
1349 725 1389 766 ea

318 795 402 857 haste
416 792 687 874 amicumfactum:
705 791 880 860 ,Verminam
896 813 1012 876 quoqne
1026 794 1215 871 adnisurum,
1226 813 1265 854 ne
1279 791 1391 878 qfficiis

319 881 354 944 in
363 880 510 962 populum
525 879 697 942 Romanum
711 887 766 942 ant
783 901 804 940 a
820 878 1005 966 Masinissa,
1021 889 1076 944 ant
1095 877 1134 942 ab
1156 880 1219 942 ullo
1240 878 1306 941 alio
1319 877 1390 940 uin·

226 1002 228 1009 1
318 977 416 1030 catur.
453 967 575 1044 Petere,
590 975 625 1028 ut
639 986 703 1041 rea,
718 966 882 1050 sociusque,
899 973 929 1028 et
942 966 1056 1030 anricus
1070 965 1110 1028 ah
1123 974 1232 1029 senatu
1247 965 1390 1046 adpella-

319 1063 414 1117 retnr.
462 1049 664 1136 Responsum
689 1049 800 1138 legatis
825 1062 891 1115 est:
920 1053 965 1126 Et
979 1047 1108 1135 ¹putrem
1134 1050 1198 1134 ejus
1222 1045 1390 1136 Sy'pha'cem

319 1141 387 1203 sine
398 1159 505 1202 caussa
515 1161 553 1201 ea
564 1139 644 1202 socio
655 1147 686 1201 et
696 1139 914 1202 amicohostem
925 1149 1049 1220 repente
1053 1139 1166 1221 populi
1176 1136 1392 1220 Rorianifaa·

320 1235 403 1290 tum:
427 1235 457 1288 et
471 1245 536 1288 eum
552 1225 648 1308 ipsum
662 1225 864 1288 munimentum
878 1225 1089 1288 adolescentia
1107 1224 1184 1288 hello
1198 1226 1392 1287 lacessentem

320 1313 476 1376 &manas
485 1313 632 1394 posuisse.
670 1313 781 1395 Itaque
791 1331 898 1394 pacem
910 1312 960 1374 illi
968 1313 1060 1394 prius
1068 1311 1233 1394 petendam
1244 1333 1267 1372 a
1272 1310 1393 1392 populo

320 1399 462 1470 Romana
483 1419 554 1474 esse,
570 1419 665 1482 quam
679 1407 714 1461 nt
736 1397 815 1474 Rea,
837 1399 1001 1482 sociusque,
1017 1393 1048 1462 et
1072 1398 1186 1463 amicus
1203 1397 1390 1478 -adpelletun
1423 1443 1426 1448 ι
1514 1441 1515 1446 η

325 1485 466 1548 Nominis
480 1506 542 1568 pru
556 1485 698 1576 honorem
714 1505 778 1567 pro
795 1485 915 1568 magnis
927 1501 1004 1568 'erga
1017 1506 1050 1548 se
1062 1505 1165 1568 regum
1180 1484 1300 1546 meritis
1314 1479 1394 1545 dare

292 1631 299 1636 ,,
315 1572 462 1654 populum
484 1571 654 1635 Romanum
679 1590 841 1635 couaasse.
885 1571 1021 1656 Legatos
1042 1571 1198 1634 Romanos
1220 1571 1253 1632 in
1274 1568 1395 1654 Africa

308 1659 397 1743 fore,
415 1657 522 1742 quidus
541 1659 755 1721 mandaturum
769 1666 915 1732 senatum,
931 1666 966 1719 ut
984 1657 1137 1720 Verminae
1152 1657 1244 1738 pacis
1258 1657 1332 1730 dent
1344 1655 1393 1717 le-

219 1769 224 1781 *
316 1766 382 1828 ges,
397 1743 555 1808 ⁵‘liberum
570 1741 737 1806 arbitrium
752 1744 796 1806 eis
811 1745 929 1825 populo
943 1743 1086 1806 Romano
1101 1743 1310 1825 permittente.
1329 1787 1331 1794 s
1352 1741 1395 1805 Si

321 1831 399 1914 quid
414 1832 458 1892 ad
478 1849 531 1894 eus
549 1831 637 1905 addi,
652 1830 743 1906 demi,
759 1829 909 1892 mutarive
930 1830 1029 1906 uellet,
1045 1828 1149 1892 mirsia
1170 1829 1209 1890 ah
1230 1837 1337 1892 serrata
1357 1829 1394 1890 ei

220 1905 226 1918 ⁸
316 1917 534 2000 postulandam
550 1917 638 1998 fore.
684 1913 797 2002 Legati
826 1935 899 1978 cum
929 1913 967 1977 iis
997 1909 1153 1979 mandatis
1182 1914 1217 1977 in
1245 1913 1396 1988 Africam,

324 2002 419 2076 missi,
448 2001 487 2072 C.
508 1999 679 2066 Terentius
706 2001 821 2078 Varro,
847 2001 918 2086 Sp'.⁸
936 1999 1115 2082 Lucretius,
1142 1999 1203 2064 Cn.
1226 1998 1393 2066 Octavius.

219 2111 225 2132 ¹
323 2088 566 2174 quinqueremes
582 2086 715 2176 singulis
730 2087 824 2152 datae.

161 2189 308 2266 5555555-
366 2173 446 2239 Xll.
470 2173 589 2239 Litcrae
611 2173 725 2238 deinde
746 2173 780 2239 in
802 2187 913 2241 senatu
936 2174 1075 2242 recitatae
1097 2187 1171 2240 sunt
1194 2175 1237 2253 Q.
1254 2173 1394 2240 Minucii

160 2254 480 2346 ⁰⁰⁰¹⁸⁶f⁸¹¹⁰praetoria
501 2261 553 2326 oui
576 2261 695 2326 Bruttii
720 2263 886 2346 provincia
911 2275 997 2341 erat3
1020 2266 1189 2329 Pecuniam
1214 2263 1323 2326 lucris
1352 2283 1395 2325 ea

160 2321 314 2381 mmm*
324 2350 524 2432 Proserpina
537 2349 689 2414 thesauris
702 2360 789 2413 nocte
802 2353 878 2414 elam
893 2351 1060 2415 stillatam.-
1075 2371 1140 2429 nea,
1149 2352 1194 2412 ad
1206 2370 1279 2434 qnos
1288 2349 1395 2432 perti-

322 2435 546 2519 neatfacinns,
561 2437 694 2520 vestigia
708 2437 774 2500 ulla
789 2446 919 2500 easture.
939 2483 943 2487 -
964 2436 1102 2522 Indigna
1122 2455 1232 2520 passus
1253 2445 1392 2512 senatus,

323 2541 388 2585 non
405 2522 520 2585 cessari
535 2520 576 2585 ab
591 2521 771 2608 sacrilegiis,
782 2534 813 2586 et
827 2544 867 2586 ne
885 2521 1073 2587 Pleminium
1090 2521 1229 2608 quidem,
1245 2533 1310 2585 tam
1325 2519 1393 2584 cla·

222 2690 224 2694 y
323 2605 395 2672 rum
420 2629 592 2693 recensque
615 2629 708 2672 noxae
730 2608 881 2676 simulac
902 2630 1011 2693 poenae
1033 2607 1229 2693 exemplum,
1245 2607 1393 2672 homines

323 2694 493 2759 deterrere.
539 2695 592 2759 C.¹¹
606 2694 739 2759 Aurelio
753 2695 875 2759 consuli
889 2695 1052 2782 negotium
1066 2694 1187 2773 datum,
1200 2709 1236 2760 ut
1250 2694 1291 2759 ad
1306 2715 1393 2779 prae·

324 2795 424 2847 torem
447 2781 481 2844 in
498 2781 641 2846 Bruttios
663 2781 830 2846 scriberet:
852 2784 976 2846 senatui
992 2784 1126 2866 placere,
1142 2781 1330 2866 quaestionem
1353 2782 1395 2842 de

322 2870 470 2952 expilatis
486 2870 638 2932 thesauris
659 2871 759 2932 eodem
781 2869 917 2951 eaemplo
932 2869 1049 2947 haberi,
1065 2889 1123 2952 quo
1138 2868 1186 2930 M.
1205 2868 1395 2950 Pomponius

317 2965 439 3040 praetor
452 2953 618 3020 ⁵⁵trieanio
632 2966 705 3018 ante
718 2955 881 3018 habuisset.
928 2957 1004 3028 Qua
1019 2957 1144 3018 inuenta
1153 2956 1289 3036 pecunia
1304 2963 1392 3032 esset,

322 3044 441 3126 reponi.
455 3043 485 3106 si
498 3063 556 3124 quo
571 3044 669 3104 miurus
683 3041 939 3127 inventumfaret,
956 3041 1091 3122 capieris
1107 3062 1145 3102 aa
1153 3042 1347 3123 piamdaria,
1362 3043 1395 3106 si

324 3131 489 3209 uideretur,
505 3129 583 3191 sicut
597 3134 670 3190 ante
678 3125 839 3208 pontiiees
852 3127 1043 3203 censuissent,
1046 3128 1129 3210 fieri
1138 3147 1246 3190 caussa
1259 3128 1393 3210 eupiun-

161 3233 276 3296 Prodigia.
324 3214 372 3280 'rice
386 3214 564 3279 violationis
579 3211 642 3296 eJ'us
654 3213 769 3294 templi.
816 3211 969 3300 Prodigia
982 3211 1078 3276 etiarn
1093 3211 1153 3278 sub
1167 3212 1250 3277 idem
1267 3227 1395 3296 tempus

325 3301 468 3387 pluribus
493 3298 571 3363 locis
596 3297 778 3362 ⁵⁶nunciata
803 3297 995 3364 acciderunt.
1041 3299 1081 3362 In
1109 3299 1248 3364 Lucanis
1273 3299 1392 3364 coelum

323 3388 438 3452 arsisse
451 3383 644 3452 adferebant.
682 3383 831 3449 Priverni
843 3407 954 3450 sereno
968 3407 1025 3470 per
1039 3385 1124 3450 diem
1139 3398 1242 3451 totum
1257 3386 1394 3451 rubrum

323 3474 421 3542 solem
442 3471 547 3536 fuisse.
591 3471 727 3536 Lanuvii
749 3471 868 3558 templo
892 3472 1028 3558 Sospitae
1041 3472 1179 3538 Junonis
1200 3484 1293 3538 nocte
1312 3487 1393 3538 stre-

617 3647 674 3696 sP.
686 3649 759 3696 Grau.
772 3639 838 3696 Creu.
943 3646 1013 3696 hau
1026 3650 1102 3696 Grou.

357 3804 388 3844 54
405 3797 520 3844 Liberum
542 3797 672 3844 arbitrium
696 3799 742 3844 eie.
755 3798 841 3859 populo
873 3795 949 3858 mina)
965 3800 1113 3860 ...tegare
1131 3799 1224 3846 odviam
1240 3814 1391 3860 magnaeus,

324 3865 432 3910 Romano
446 3858 610 3927 permittente]
628 3863 685 3909 Duo
702 3863 783 3924 scripti
799 3865 841 3910 ha·
873 3871 902 3910 ut
919 3865 1048 3912 sumerent
1070 3865 1119 3926 ipsi
1139 3880 1198 3928 quaa
1217 3866 1303 3912 uellem
1321 3869 1394 3927 pacta

323 3930 382 3976 bent
396 3934 457 3976 teste
474 3929 604 3985 Gronovio,
618 3928 683 3989 ejus.-
701 3929 786 3988 quibus
802 3943 840 3975 ac-
874 3930 1020 3976 condttirmes
1027 3931 1149 3991 permisit.

323 3996 411 4041 cedunt
427 4009 490 4042 unus
505 3995 606 4042 Heamii
624 3996 706 4052 codex,
718 3999 744 4041 et
754 3999 842 4040 ‘uasta
907 4001 937 4041 55
956 3997 1072 4042 Triennio
1083 3991 1149 4057 autc]
1161 3995 1218 4042 Hoc
1226 4011 1307 4043 remur
1317 3997 1392 4052 canai

323 4061 415 4106 Victor.
435 4067 460 4106 et
475 4062 576 4107 Andrcre
593 4061 674 4108 editio.
706 4061 777 4106 Unde
792 4061 841 4106 Ru·
875 4073 924 4108 nou
952 4066 1107 4108 numerentur
1132 4067 1243 4108 extrema.
1275 4061 1394 4121 Alioquin

323 4127 407 4173 bonius
429 4133 511 4173 censa
533 4127 656 4182 tegendum
680 4127 840 4186 permitteret,
874 4126 1056 4186 legandumerit
1069 4128 1302 4190 quinquennium.
1335 4127 1393 4177 Vid.

248 4233 249 4238 ,
323 4193 388 4254 quod
403 4193 483 4239 reterri
500 4192 583 4239 debeat
596 4193 625 4238 cd
638 4191 782 4238 Verminam.
816 4191 841 4236 Si
874 4193 970 4251 supral.
983 4193 1110 4239 xxixa.
1125 4199 1164 4239 at.

324 4258 408 4318 nempe
425 4258 541 4304 Vermina
559 4257 623 4317 pacis
641 4257 723 4303 dandae
743 4257 840 4303 liberum
906 4257 1080 4303 tervanniam
1101 4253 1252 4320 uceidmat]
1272 4257 1395 4308 Namare

323 4324 446 4371 arbitrium
464 4325 671 4387 populoltomano
686 4323 839 4382 permitteret.
873 4329 1031 4381 pervenerunt
1050 4324 1079 4370 ad
1101 4337 1168 4371 aures
1180 4327 1283 4384 ,mamm
1303 4329 1329 4372 ct
1349 4339 1394 4386 po·

319 4387 393 4437 ,Nihil
411 4392 504 4440 mitius.
539 4391 606 4438 Intra
619 4405 639 4435 c.
655 4394 692 4438 ta.
725 4385 840 4448 1a(Ver·
873 4386 931 4447 puli.
