3104 4976
372 167 373 178 '
397 189 490 248 ma.
514 185 787 253 xxm-car.
810 187 882 250 vu.
1083 149 1087 156 ’
1118 191 1171 249 ιιι

117 351 295 438 utpretirau
304 354 420 438 pratis
428 347 648 436 saupaseao
659 353 971 424 animamarum,
985 352 1254 436 aumentarias
1268 363 1339 425 ssu*

13 467 14 490 1
117 439 184 505 “iu
195 439 327 504 camdem
338 439 417 502 diem
425 437 771 521 praenimfiumcntum
780 447 810 501 et
823 441 1009 522 actamquae
1022 439 1095 502 seui
1107 444 1215 504 ususA·
1227 443 1256 488 ⁰·
1267 447 1321 490 ¹⁹⁵·

13 515 14 564 ¹
110 525 323 608 posttriabaut,
333 525 502 612 prebenda
510 524 672 606 publicani
684 545 716 588 se
725 525 1060 609 conducturospreffessi
1069 535 1176 590 aaut.-

114 610 254 676 ⁸⁵seruos
266 611 309 674 ad
328 629 449 686 remim,
466 631 587 674 numera
603 629 742 674 eremesa
758 611 931 686 cauticum,
945 630 1009 674 cum
1024 611 1179 693 stipendia

115 707 225 761 nostra
237 697 397 760 dabamus.-
415 714 522 760 aunan
536 705 567 759 et
580 705 738 780 argaitum
751 715 847 773 omne,
862 695 902 759 ab
915 695 1104 760 senatoribus
1117 695 1180 780 ejus

115 785 169 846 rei
181 784 274 846 initia
287 792 364 860 orta,
382 785 416 846 iu
424 781 578 864 publicum
588 782 827 866 conferebamus.-
842 783 943 846 uidua
956 792 986 848 et
994 785 1115 864 pnpilli
1122 803 1179 865 pe·

113 870 224 934 musas
237 888 308 932 suas
321 870 355 932 iu
368 869 514 932 cerarium
528 867 720 954 defmebant:
734 866 883 932 ⁸⁶cautum
896 878 975 946 erat,
988 887 1047 953 qua
1060 888 1099 932 ue
1105 871 1180 952 plus

114 955 191 1018 auri
204 964 235 1018 et
248 956 373 1038 argenti
381 954 481 1039 facti,
496 974 555 1037 qum
567 954 687 1036 neptus
700 954 818 1038 signati
831 956 954 1039 argenti
967 965 998 1019 et
1012 957 1084 1020 caris
1097 957 1179 1018 dumi

115 1041 302 1104 haberemus.
341 1041 415 1105 Tati
428 1049 561 1122 tempore
575 1043 609 1103 in
623 1042 747 1103 lucuria
762 1050 792 1105 et
806 1050 919 1104 armatu
933 1051 1081 1104 mamona
1094 1063 1180 1105 mcu-

108 1135 200 1210 patae
214 1135 314 1203 erant,
330 1137 365 1190 ut
378 1129 422 1190 ad
440 1147 504 1189 eam
519 1128 712 1190 coirceudam
734 1128 784 1190 tea
800 1126 905 1210 Oppia
920 1129 1096 1192 desiderata
1109 1130 1178 1192 sit?

115 1233 218 1296 quum,
233 1213 309 1298 quia
330 1213 449 1276 Cereris
467 1213 657 1296 sacrificium,
673 1213 843 1296 lugentibus
863 1213 999 1277 omnibus
1019 1217 1178 1291 matronis,

13 1359 14 1384 ,
116 1301 319 1362 intermissum
333 1309 411 1374 erat,
426 1308 548 1362 senatus
555 1299 655 1382 finiri
675 1300 784 1362 luctum
806 1301 939 1383 triginta
957 1299 1061 1364 diebus
1070 1299 1178 1383 jussit.

117 1385 181 1450 Cui
201 1405 264 1448 uon
278 1387 421 1468 adparet,
437 1385 572 1466 inopiam
586 1393 616 1448 et
634 1386 786 1448 miseriam
800 1387 949 1465 ciuitatis,
964 1395 1007 1450 et'
1021 1388 1096 1470 quia
1117 1409 1178 1449 om-

117 1472 201 1534 nium
215 1471 412 1552 privatarum
428 1471 569 1553 pecunia
583 1472 617 1534 iu
636 1491 719 1534 raum
733 1470 886 1552 publicum
906 1475 1063 1536 vertendae
1078 1481 1180 1552 erant,

117 1558 208 1622 istum
222 1559 316 1640 legem
326 1557 490 1638 scripsisse,
505 1557 623 1620 mmdiu
636 1575 821 1632 mansuram,
831 1557 975 1640 quamdiu
984 1576 1089 1620 caussa
1103 1561 1179 1622 scri·

117 1643 225 1709 bendae
237 1641 314 1726 legis
331 1643 510 1706 mansisset?
533 1641 616 1706 Nam
630 1644 667 1718 si,
683 1663 751 1726 quea
764 1652 835 1705 tuuc
845 1645 992 1725 'temporis
1004 1664 1110 1708 caussa
1124 1653 1180 1708 aut
1292 1682 1296 1688 ·

117 1729 252 1793 decreuit
261 1737 394 1810 senatus,
405 1738 460 1790 aut
471 1729 602 1810 papulus
600 1727 706 1812 jussit,
720 1730 755 1791 iu
762 1739 945 1810 perpetuum
956 1731 1076 1792 servari
1089 1751 1177 1811 opor·

117 1825 171 1891 tet,
190 1835 246 1878 cur
262 1817 411 1897 pecunias
431 1815 584 1878 reddimus
602 1816 759 1898 puratis?
781 1813 866 1880 ³⁷cur
883 1815 1011 1898 publica
1031 1818 1181 1897 prasenti

112 1902 249 1985 peamia
269 1903 423 1966 mamm?
445 1921 499 1964 cur
520 1901 611 1984 anui,
627 1902 681 1985 qui
700 1903 922 1977 uictimarum
942 1906 1102 1966 emuntur?
1125 1913 1180 1966 cur

110 1988 239 2072 priuati
252 2008 314 2050 aaa
327 1989 433 2051 damus
445 1988 582 2073 remiges,
597 1988 675 2052 sicut
688 1997 772 2052 tuuc·
785 1990 943 2053 dedimus?

160 2071 243 2138 vn.
270 2072 380 2138 Omnes
390 2074 451 2137 alii
463 2074 597 2153 ordines,
605 2094 705 2139 amnes
715 2073 849 2139 hemines
862 2077 1057 2140 mutationem
1071 2075 1106 2138 in
1121 2095 1180 2139 me-

114 2162 225 2226 liorem
237 2168 350 2224 matum
362 2159 540 2242 reipublice
551 2162 699 2224 sentient.-
721 2162 765 2224 ad
777 2160 916 2246 conjuges
929 2172 1047 2227 tanturm
1061 2171 1181 2226 uestras

110 2246 205 2330 pace's
215 2255 247 2310 ct
260 2247 500 2330 tranquillitatis
507 2245 642 2330 publica
650 2247 771 2324 ftucars
784 2267 846 2310 nan
855 2250 1038 2331 perveniet?
1058 2250 1181 2331 Purpu-

115 2355 154 2396 ra
169 2333 235 2398 viri
248 2339 374 2410 utemur,
381 2331 566 2415 proeteutati
580 2333 614 2395 in
627 2333 867 2419 magistratibus,
879 2335 914 2397 in
927 2335 1124 2406 sacerdotiis,
1140 2335 1182 2397 ii·

116 2419 184 2484 beri
197 2420 297 2482 uestri
311 2419 476 2502 praetextis
486 2421 725 2506 prapura'tagis
745 2429 880 2493 amur,
904 2419 1134 2504 magistratibus
1146 2420 1182 2482 iu

115 2506 247 2570 cahuie‘s
260 2505 502 2588 municipiisque,
514 2506 564 2568 tic
578 2505 687 2570 Roma
700 2508 802 2590 infima
813 2507 922 2591 generi
934 2503 1122 2590 ⁸8magistris
1136 2509 1183 2570 ui·
1243 2541 1245 2548 ·

115 2613 220 2658 carum
233 2601 314 2676 toga
321 2601 485 2675 prateatae
497 2590 703 2676 habendajus
713 2593 937 2675 permittemuss
954 2613 1009 2656 nec
1022 2594 1058 2656 id
1070 2601 1104 2657 ut
1118 2593 1183 2657 uiui

115 2680 213 2743 satum
226 2677 361 2742 habeant
379 2687 498 2742 tautum
513 2678 643 2761 insigne,
658 2681 712 2742 sed
727 2680 821 2742 etiam
835 2688 869 2740 ut
887 2699 951 2744 crem
966 2700 1001 2741 ea
1014 2689 1183 2744 acuuntur

117 2765 250 2842 mortui.-
263 2764 398 2848 faniuis
422 2765 583 2828 dumtacm
601 2785 752 2847 purpura
775 2784 859 2828 rmum
885 2765 1118 2829 interdicamus?
1141 2775 1181 2842 et,

101 2873 209 2936 ,quem
230 2849 291 2924 tibi
311 2852 378 2915 uiro
392 2851 485 2915 liceat
500 2869 645 2932 purpura
667 2850 700 2913 iu
722 2859 802 2914 veste
822 2851 962 2932 stragula
983 2852 1041 2926 ui,
1056 2860 1182 2914 matrem

13 2975 15 2982 ·
103 2937 250 3022 familia
263 2947 347 3000 tuam
356 2957 544 3020 purpureum
557 2937 716 2999 amiculum
731 2933 842 2998 trabere
856 2955 917 2997 uon
930 2935 1034 2999 sines?
1050 2946 1080 2999 et
1092 2956 1183 3018 equus

115 3033 186 3089 tuus
199 3023 365 3106 speciosius
380 3025 527 3088 instratus
542 3025 612 3098 erit,
628 3043 718 3107 quam
733 3043 811 3085 uaar
825 3022 958 3085 uestita?
980 3022 1043 3086 Sed
1056 3023 1090 3086 in
1104 3042 1183 3104 pur·

108 3131 209 3193 pura,
229 3129 298 3193 qua
315 3111 439 3186 terina,
461 3109 640 3187 absumitur,
659 3107 802 3192 irup'rrstam
824 3109 954 3192 quidem
969 3109 1023 3172 sed
1047 3109 1182 3192 aliquam

114 3205 230 3274 tamen,
241 3215 377 3260 camsum
391 3195 569 3260 tmeacitatis
583 3196 688 3260 uideo.-
711 3195 745 3258 iu
760 3215 837 3282 aura
851 3215 940 3284 uera,
949 3196 985 3258 in
998 3215 1056 3278 qua
1064 3205 1184 3278 prater
1252 3229 1256 3240 ·

364 3339 374 3366 ¹
385 3341 409 3382 et
420 3335 465 3382 dal.
476 3335 552 3383 Grcn.
563 3317 629 3381 Cirr.
727 3337 737 3364 ⁸
749 3341 806 3380 tunc
816 3333 940 3380 dei-Cres.

148 3440 182 3499 37⁴
201 3450 235 3496 Iu
248 3449 354 3496 mrtem
364 3451 427 3498 diem
440 3445 562 3512 pecunia]
577 3449 638 3496 Dies
669 3449 751 3496 initus
762 3448 873 3496 erstauri
887 3452 912 3494 et
924 3449 1016 3510 urgenti
1033 3449 1126 3508 madar,
1136 3463 1184 3510 quo

112 3518 284 3631 iiim
302 3514 638 3636 usstassais?
669 3514 1065 3640 ”diffinimus
1081 3580 1185 3641 ,mu

117 3652 171 3694 turn
190 3651 218 3692 et
236 3648 316 3692 cetera
333 3644 459 3707 prebenda
477 3645 638 3692 conduxerunt
669 3644 785 3709 mamus]
806 3644 855 3690 Cur
876 3645 911 3689 ita
932 3644 1036 3691 iocamur
1059 3646 1185 3706 prebenda

117 3714 143 3760 in
161 3711 270 3760 eamdem
289 3711 352 3758 dium
371 3710 488 3771 pecunia,
505 3710 529 3756 id
549 3715 594 3768 est,
610 3723 638 3756 aa
669 3723 698 3756 ea
713 3723 765 3770 qum
784 3709 918 3770 reipublice
934 3714 959 3756 et
974 3710 1114 3758 exercitibus
1130 3713 1185 3759 usui

116 3779 169 3840 legs
186 3781 216 3824 ut
231 3775 334 3838 pecunia
349 3776 395 3824 sibi
411 3775 546 3823 redderetur
556 3775 637 3839 eodem
669 3779 736 3833 suat,
746 3780 775 3821 ut
790 3767 929 3836 praesentem
945 3775 1070 3839 pecuniam
1081 3777 1186 3840 redemp-

118 3846 237 3904 tempore,
257 3855 305 3901 quo
329 3842 431 3900 pretium
453 3853 573 3888 samonum
596 3841 638 3887 do·
669 3838 939 3887 toribasuumeremas?

117 3907 190 3956 minis
207 3907 388 3969 persolvendum
406 3911 467 3964 emt,
478 3919 563 3967 nempe
581 3910 638 3967 pact
700 3911 732 3952 8⁸
749 3906 882 3968 Magistre's
896 3900 1012 3969 uicorum]
1029 3906 1140 3968 Magistri
1151 3908 1186 3954 vi·

117 3973 254 4020 maissiam
271 3971 372 4020 bcliruu.¹
400 3971 511 4020 Ceterum
528 3973 637 4031 hasop·
670 3983 760 4028 corum,
782 3985 823 4018 seu
850 3971 1009 4026 vicomagistri
1037 3974 1183 4020 curationem

118 4038 177 4086 timu
198 4037 271 4084 lectio
293 4037 392 4084 debetur
411 4036 541 4084 Gronovio.
573 4036 638 4082 Libri
670 4035 775 4082 vicorum
786 4035 916 4094 habebunt,
927 4051 940 4082 e
949 4038 1017 4099 pum
1027 4037 1186 4100 cujraqueai·

117 4105 181 4152 euim
195 4103 266 4153 MSS
283 4106 309 4150 et
321 4101 380 4149 editi
394 4101 432 4149 hic
443 4102 592 4163 aliquatenus
603 4101 639 4148 ei·
670 4102 741 4148 cirria
751 4102 830 4158 eiecti,
841 4104 870 4148 at
882 4107 995 4150 memorat
1008 4102 1073 4149 Suet.
1084 4103 1109 4148 in
1121 4103 1184 4156 Aua.

111 4169 259 4216 storiarum
398 4201 400 4210 ,
669 4182 689 4212 a.
701 4171 740 4214 80.
775 4167 796 4213 li
811 4167 880 4214 ludos
894 4166 1069 4228 Compitalicios
1086 4169 1184 4225 pretex-

149 4235 297 4282 85*Seruor
316 4233 351 4288 ad
367 4230 469 4296 rursum]
492 4233 551 4280 vid.
566 4245 637 4294 supra
668 4232 715 4279 tati
735 4231 863 4291 iaciebant,
881 4236 941 4280 teste
962 4230 1066 4280 meanis
1086 4230 1143 4275 Ped.
1159 4229 1185 4274 in

116 4299 211 4348 XXIV.
227 4305 266 4346 ιι.
669 4297 787 4349 Piranum.

146 4369 178 4414 36
198 4365 305 4414 camum
323 4367 385 4420 crat,
401 4377 445 4424 qua
459 4377 490 4412 ue
506 4357 573 4426 pius]
589 4363 636 4411 De.
737 4404 745 4431 Ι
