3104 4976
350 183 412 248 ‘rn
742 177 1018 244 T1T1L1v11
1070 221 1074 234 .
1131 249 1133 267 Χ

190 349 439 416 u.c.s's'7.³n'buo
455 343 565 414 ¹vetitis
585 339 778 413 frumentum
803 369 925 434 parare,
948 369 985 412 ac
1010 348 1143 412 Romam
1167 346 1312 426 dimissis,
1332 345 1410 430 Bel·¹
1486 369 1495 396 ν

189 433 259 480 Μ·
273 437 326 481 ¹⁹⁶·
350 441 421 515 lum,
444 435 558 520 inquit,
580 458 612 500 se
636 437 732 518 ipsum
758 437 841 514 alet.
877 432 1040 498 Profectus
1065 435 1104 496 ab
1130 433 1289 518 Emporiis
1313 455 1406 522 agros

320 590 326 598 ,
351 523 486 588 bostium
502 521 566 585 urit
582 532 759 606 vastatque:
782 520 889 584 omnia
903 518 977 605 fuga
992 531 1024 584 et
1037 521 1157 583 teirore
1171 520 1317 606 complet.

190 619 320 684 Celtibero·
393 610 434 674 X.
458 606 580 672 Eodem
607 622 749 691 tempore
776 605 826 670 M.
853 605 978 682 Helvio,
1003 605 1166 670 decedenti
1193 627 1233 670 ex
1257 604 1407 670 ulteriore

190 684 291 762 ¹3²¹Yl¹¹⁸
352 693 512 779 Hispania
526 715 598 758 cum
621 692 771 779 praesidio
793 713 847 755 sex
873 693 1017 768 millium,
1032 692 1107 755 doto
1128 692 1168 756 ab
1192 693 1219 756 A
1246 691 1408 756 .Clau'dio

189 753 272 798 ''¹¹⁰¹‘'
350 793 496 866 praetore,
513 779 664 845 Celtiberi
679 779 804 880 agmine
825 778 945 864 ingenti
967 777 1181 862 adoppidom
1199 713 1409 864 llliturgiob·

350 880 543 933 curreruut'.
590 864 709 951 Viginti
731 863 829 928 millia
843 877 1036 929 armatorum
1055 864 1158 940 fuisse,
1174 863 1318 928 Valerius
1332 863 1410 926 scri-

351 955 414 1030 bin
436 951 603 1018 duodecim
626 950 722 1015 millia
742 971 782 1014 ex
805 949 843 1013 iis
861 972 951 1027 caesa,
966 949 1118 1035 oppidum
1141 949 1277 1036 illiturgi
1301 971 1410 1031 recep-

351 1051 430 1115 tum,
445 1052 477 1103 et
498 1039 631 1123 puberes
646 1057 753 1100 omnes
776 1034 962 1100 interlectos.
1007 1035 1140 1100 Indead
1162 1051 1264 1100 castra
1279 1036 1410 1098 Catonis

355 1125 488 1190 Helvius
513 1124 664 1210 pervenit.
687 1135 727 1198 et,
743 1122 816 1208 quia
832 1135 899 1186 tuta
921 1123 988 1206 jam
1003 1123 1044 1186 ab
1069 1108 1209 1186 hostilius
1228 1123 1316 1208 regio
1331 1135 1412 1198 erat,
1511 1140 1515 1148 ’

189 1226 271 1272 ovans
281 1239 320 1271 ur·
351 1210 500 1298 praesidio
515 1213 548 1274 in
566 1211 744 1274 ulteriorem
760 1207 950 1292 Hispaniam
967 1211 1107 1284 remisso,
1123 1207 1258 1272 Romam
1274 1221 1320 1270 est
1334 1229 1412 1292 pro-

118 1357 120 1364 ,
189 1289 242 1367 '³5¹¹‘
255 1293 331 1353 ³⁰⁸¹*
352 1299 462 1374 fectus,
478 1311 508 1362 et
524 1299 566 1360 ob
588 1317 655 1360 rem
675 1295 808 1359 feliciter
828 1308 946 1382 gestam
970 1317 1066 1379 rivaus
1088 1295 1197 1358 urbem
1222 1309 1268 1358 est
1290 1295 1414 1379 ingres-

190 1356 260 1403 uitur.
352 1407 414 1449 sus.
458 1380 753 1469 ⁴²Argentiiniecti
776 1381 893 1445 tulitin
915 1382 1061 1444 aerariurn
1078 1381 1315 1467 quatuordecim
1342 1380 1412 1442 mil-

351 1471 394 1536 lia
415 1469 524 1556 pondo
542 1469 642 1554 scptin
667 1483 742 1530 enta
760 1467 891 1553 triginta
905 1469 986 1530 duo:
1009 1483 1040 1531 et
1061 1467 1210 1550 ⁴³signam
1232 1467 1414 1554 bigatorum

250 1586 264 1604 r·
352 1557 573 1641 septemdecim
597 1491 693 1618 miliia
708 1554 818 1640 viginti
840 1555 917 1616 tria:
939 1565 971 1616 et
985 1553 1160 1618 “Oscensis
1179 1555 1322 1641 argenti'¹
1336 1575 1412 1616 cen·

260 1641 265 1650 ’
352 1659 419 1708 tum
436 1642 547 1728 viginti
568 1641 666 1705 millia
680 1639 926 1726 quadringentos
946 1640 1173 1726 trigintaocto.
1220 1641 1340 1703 Caussa
1354 1641 1415 1703 tri-

353 1728 464 1813 umpbi
479 1726 617 1815 negandi
628 1726 751 1791 senatui
764 1724 836 1801 fuir,
847 1726 930 1811 quod
948 1727 1049 1790 alieno
1061 1727 1200 1811 auspicio
1215 1740 1247 1790 et
1262 1727 1294 1788 in
1309 1724 1414 1790 alieno

351 1815 513 1900 provincia
528 1825 706 1901 pugnasset.
742 1811 892 1876 Ceterum
911 1813 1037 1876 biennio
1052 1828 1124 1897 post
1141 1813 1284 1890 redierat,
1300 1834 1415 1899 quum,

352 1901 549 1988 “provincia
582 1898 750 1964 successori
781 1895 822 1974 Q.
848 1897 994 1962 Minucio
1027 1898 1152 1973 tradita,
1183 1921 1301 1962 annum
1330 1899 1414 1962 inse·

375 2000 500 2052 uentem
517 1998 656 2050 retentus
672 1985 716 2048 ibi
730 1983 828 2070 longo
842 1996 873 2047 et
895 1983 982 2066 gravi
1000 1985 1116 2048 morbo
1137 1984 1255 2048 fuisset.
1302 1985 1417 2070 Itaque

115 2147 117 2152 .
353 2010 478 2138 duobus
500 2071 596 2136 modo
617 2071 775 2148 mensibus
797 2083 870 2134 ante
887 2069 1022 2136 Helvius
1045 2093 1141 2135 ovans
1165 2071 1273 2134 urbem
1296 2084 1341 2135 est
1364 2073 1416 2133 in-

191 2179 344 2228 Minueritn—
353 2179 487 2244 gressus,
517 2179 610 2244 quam
646 2177 805 2221 successor
833 2159 899 2242 ejus
930 2157 971 2233 Q.
1001 2157 1162 2222 Minucius
1191 2157 1411 2242 triumpharet.

191 2247 304 2307 amphus.
355 2244 423 2310 Hic
446 2267 573 2330 quoque
594 2243 667 2308 tulit
692 2242 846 2331 46argenti
874 2245 981 2327 pondo
1005 2245 1134 2330 triginta
1156 2258 1293 2330 quatuor
1314 2243 1416 2307 miliia

254 2395 264 2404 ,
353 2331 546 2416 octingenta,
561 2329 587 2374 ⁴⁷
597 2331 774 2414 bigatorum
790 2331 987 2418 septuaginta
1002 2338 1079 2394 octo¹¹
1089 2329 1197 2408 millia,
1210 2344 1241 2395 et
1256 2329 1281 2370 ⁴⁸
1292 2332 1416 2395 Oscen-

258 2473 259 2476 ,
353 2419 393 2482 sis
408 2417 529 2505 argenti
545 2417 680 2480 ducenta
695 2417 892 2501 septuaginta
907 2429 978 2481 octo
995 2417 1102 2481 millia.

193 2510 302 2584 uergere·
397 2503 459 2572 Xl.
483 2505 522 2568 ln
546 2503 705 2587 Hispania
732 2504 856 2567 interim
880 2504 989 2567 consul
1011 2503 1096 2567 baud
1119 2503 1231 2588 procul
1256 2503 1417 2588 Emporiis

192 2575 331 2621 ⁸⁰¹¹¹¹¹¹¹²¹⁸
354 2589 615 2656 castrababcbat.
661 2587 711 2654 Eo
732 2589 826 2676 legati
849 2603 911 2680 tres
933 2591 973 2653 ab
998 2589 1168 2675 Ilergetum
1191 2591 1303 2677 regulo
1321 2590 1415 2654 Bilis·

191 2641 306 2766 {offla
354 2691 434 2763 tage,
450 2676 483 2738 io
499 2676 709 2762 quibus'unus
727 2675 902 2751 filiuserat,
918 2689 1080 2753 venerunt,
1097 2690 1272 2761 querentes,
1288 2678 1416 2741 castello
1506 2676 1510 2686 ’

361 2815 577 2872 'communiorem
595 2816 714 2876 ¹orgenti
722 2816 813 2878 uiginti
820 2817 898 2864 nciliis
907 2817 1084 2880 quadringenta
1093 2817 1198 2878 triginta
1207 2822 1257 2866 octo
1265 2816 1338 2863 (Iron.
1347 2813 1419 2866 Cres.

386 2938 418 2979 te
435 2931 542 2994 Argenti
552 2963 558 2977 .
568 2963 575 2978 .
586 2965 593 2980 .
604 2933 781 2995 qnarooencim
791 2937 870 2983 niatu
902 2936 968 2998 genti
978 2935 1062 2997 viginti
1074 2935 1149 2983 millia
1156 2935 1236 2996 pondo
1245 2933 1420 2995 quadringenta

350 2998 430 3060 modo
446 3000 600 3060 septingenta
613 3000 720 3059 triginta
737 2999 792 3062 diro]
812 3000 870 3048 Seli·
902 3003 1001 3064 triginta
1011 3009 1066 3048 octo
1077 3001 1182 3047 efficiunt
1195 3013 1284 3046 marcas
1300 3004 1419 3046 nostrates

354 3063 418 3122 bras,
429 3078 470 3110 seu
483 3077 573 3110 marcas
585 3069 702 3111 rrostrates
717 3069 804 3112 tauta.
816 3081 869 3112 cum
902 3072 991 3116 81934.
1008 3081 1061 3112 cum
1073 3067 1149 3126 tribus
1161 3065 1243 3112 unciis.

355 3143 395 3175 aex
406 3129 491 3175 unciis.
935 3136 966 3178 tt
983 3131 1114 3177 Provincia
1126 3130 1254 3178 errccessori
1265 3129 1295 3185 Q.
1306 3129 1419 3176 Mirrucio

387 3200 418 3240 48
436 3194 539 3255 Signoti
557 3195 693 3255 ilgatorunr
707 3193 871 3253 septemdecim
903 3191 1006 3252 trudito]
1025 3197 1165 3244 Obseruauit
1183 3197 1313 3242 Glareanus
1331 3194 1372 3240 hio
1391 3193 1417 3239 in

355 3259 435 3306 millio
452 3259 544 3320 uiginti
565 3258 626 3321 trio]
649 3261 765 3308 DenarIos
785 3267 870 3310 troau-
903 3277 927 3309 re
945 3263 1008 3309 band
1029 3276 1086 3308 sane
1107 3262 1188 3322 magni
1209 3260 1324 3314 momenti
1344 3258 1419 3306 videri

355 3337 444 3370 marcas
454 3322 546 3385 argenti
557 3326 628 3384 paulo
640 3326 693 3386 plus
704 3330 758 3376 267.
776 3327 871 3373 Pondus
903 3327 1116 3388 memorislapsnm
1128 3319 1288 3374 esseLirium.
1316 3323 1419 3371 Helvius

354 3389 515 3449 perexiguum.
545 3389 655 3437 Fortasse
665 3391 750 3451 aliquis
761 3405 825 3438 error
835 3396 871 3437 est
903 3393 1126 3439 enimexuiteriore
1143 3390 1265 3452 provincia
1276 3389 1417 3438 decedebat:

354 3454 381 3500 in
398 3455 511 3502 numeris.
542 3453 676 3503 Verisimile
692 3456 756 3507 enim
772 3461 872 3503 nonest
904 3458 1025 3504 Minucius
1052 3462 1131 3504 autern
1161 3457 1291 3503 citeriorem
1320 3453 1421 3500 sortitus

355 3519 394 3566 hic
412 3520 517 3581 suppleri
536 3520 619 3568 debere
634 3523 723 3584 pondo,
737 3526 765 3568 nt
784 3521 872 3568 intelli·
903 3528 963 3581 erat,
973 3528 1070 3570 auctore
1086 3519 1386 3584 immunimus
1398 3534 1420 3567 c.

355 3588 443 3646 ganum
461 3581 526 3632 librae
542 3586 655 3634 Marones
674 3587 765 3648 argenti
785 3592 869 3636 17003Ι
903 3595 944 3638 37.
956 3588 1058 3642 etinira,
1071 3603 1091 3634 c.
1106 3593 1142 3636 17.
1160 3587 1244 3646 Itaque
1256 3585 1356 3632 Helvius
1366 3598 1420 3631 suc·

263 3703 269 3716 ,
355 3649 402 3695 Ubi
423 3649 487 3695 enIm
504 3648 584 3697 LirIua
601 3652 745 3713 bigatorum,
756 3656 798 3697 aut
814 3664 872 3711 qua·
904 3667 1017 3700 cessorem
1030 3668 1077 3700 non
1091 3651 1326 3698 babuitMinucium.

354 3714 498 3770 driuatorum
523 3717 668 3765 mentionem
693 3717 803 3778 apposito
827 3730 871 3762 uu·
928 3722 967 3764 ·46
982 3718 1090 3780 Argenti
1103 3717 1180 3779 pendo
1197 3717 1303 3777 triginta
1318 3720 1422 3776 qnctmr

355 3793 420 3826 mero
441 3779 509 3838 tacit,
529 3794 652 3830 numerum
674 3784 778 3844 ipsorum
799 3782 870 3828 (leno¹
903 3784 981 3830 millia
1004 3781 1152 3846 octingenta]
1183 3783 1275 3828 Maroae
1302 3783 1420 3826 nostrates

355 3845 443 3891 riorum
460 3844 620 3906 expositam
637 3849 682 3894 hoc
699 3849 751 3908 Ipso
767 3862 787 3892 c.
800 3846 871 3905 inira,
904 3855 993 3898 54375.

300 3957 303 3967 ,
354 3914 383 3957 ut
395 3911 410 3956 l.
422 3909 543 3959 XXXIII.
554 3927 575 3960 c.
586 3919 625 3962 87.
638 3919 662 3958 et
673 3913 729 3959 alibi
740 3913 834 3972 paedor.
935 3920 966 3963 47
984 3915 1131 3974 Bigatorum
1141 3912 1296 3972 septuaginta
1306 3915 1357 3956 octo
1365 3909 1421 3954 nail-

387 3980 419 4022 44
440 3975 550 4026 &emis
570 3973 678 4040 argenti]
701 3977 806 4024 Oscenos
833 3991 869 4024 ar·
903 3975 950 4044 Ita]
973 3978 1089 4025 Denarios
1112 3983 1199 4027 78000.
1219 3977 1244 4023 id
1264 3981 1310 4032 est,
1329 3987 1420 4021 mareas

355 4046 454 4102 gentum
473 4041 567 4089 ridetur
585 4042 657 4089 fuisse
676 4049 798 4098 argentum
818 4057 870 4088 eru·
904 4045 996 4105 argenti
1010 4049 1079 4090 1218.
1091 4056 1145 4089 cum
1156 4057 1196 4089 sex
1206 4041 1290 4088 unciis.

354 4111 408 4154 tom
418 4106 539 4164 edomuit,
551 4122 603 4167 qna
614 4108 676 4169 apud
688 4108 772 4154 Oscam
785 4113 871 4154 essent.
936 4115 967 4155 40
987 4109 1094 4154 Omensis
1105 4110 1201 4168 argerzti
1214 4107 1315 4154 demta
1325 4110 1421 4165 septun-

355 4172 478 4218 Osoaerat
490 4173 567 4219 valida
583 4179 607 4219 et
623 4173 736 4232 opulenta
746 4173 870 4234 Hispania
901 4176 974 4234 ginta
996 4179 1047 4220 octo
1068 4169 1159 4236 millio]
1180 4169 1282 4219 Selibraa
1303 4171 1421 4215 nostrate·

354 4237 487 4296 orbaque
504 4237 793 4285 nuncvocaturHuesce.
826 4239 871 4284 Ar·
904 4243 1009 4288 404375.
1036 4235 1384 4286 Numerusilleimmanisest.
1397 4233 1421 4278 ei

355 4302 474 4361 gentarias
498 4303 591 4350 fodinas
615 4303 688 4350 fuisse
710 4303 736 4348 in
754 4303 873 4364 Hispania
904 4303 944 4363 qni
962 4304 1030 4350 tidem
1043 4304 1151 4350 excedere
1162 4304 1275 4350 videatur.
1309 4299 1420 4348 Fortasse

354 4371 449 4413 constat
467 4381 502 4438 ex¹
515 4381 536 4416 c.
551 4373 591 4421 21.
607 4368 677 4417 infra.
709 4369 819 4417 Ceterum
836 4379 872 4414 ar·
905 4369 943 4416 bic
955 4369 1043 4430 aliquid
1054 4375 1091 4417 cst
1101 4369 1188 4418 mendi.
