3136 4982
353 183 412 236 354
742 171 853 232 TlT'l
883 171 1015 234 LIVll
1151 177 1159 230 ἶ
1196 205 1203 214 -

194 361 225 410 n.
235 362 263 408 c.
275 364 329 410 aas.
354 345 436 417 muni
447 340 609 407 annititur
624 347 667 402 est
681 337 778 402 Asin.
800 347 918 404 tontum
932 339 981 404 lcae
990 339 1172 424 ‘peregrine
1190 339 1360 424 mlaptutes
1374 338 1422 400 ud

192 430 222 474 Α
235 429 261 473 0
277 433 330 476 ¹⁸⁹·
355 427 603 510 exstinguendum
625 425 757 508 uigornn
778 426 948 488 animorum
967 433 1112 510 posannt;
1136 431 1255 490 tuntum
1274 425 1420 509 contagio
1442 439 1448 452 ·

356 514 530 598 άὶεοῲίἰηιζ
538 511 689 594 morisque
698 511 873 574 adcolarum
882 513 973 575 uolet.
1010 511 1338 597 Hoetonenfiliciter
1351 533 1421 574 eve·

356 605 415 675 njt,
432 599 521 682 quod,
537 598 614 661 sient
625 595 685 660 nint
699 597 842 660 adversus
856 618 907 661 uos
921 617 1120 682 nequaquam,
1135 598 1185 661 ito
1192 598 1319 682 famam
1333 598 1423 678 opud

359 685 484 750 Graecos
495 703 602 767 paren
618 683 669 746 illi
682 684 820 766 cntiqnce
833 683 1131 768 obtinentemque
1146 687 1309 748 venenu:
1331 681 1428 746 bella.

312 771 319 838 .’
357 794 414 856 que
420 772 553 856 gloriam
568 770 696 834 victores
705 769 838 833 eunden
849 770 1036 838 intersectas
1045 769 1206 846 habebitis,
1217 791 1306 856 quon
1317 770 1423 834 siser-

357 868 463 922 uontee
477 857 635 940 ontiqnnm
649 857 797 938 specimen
811 857 982 920 animorum
999 853 1110 921 Gallos
1131 858 1289 920 uicissetis.
1347 863 1350 868 '
1430 874 1444 936 '.

197 970 314 1017 enam
402 939 535 1008 XVIII.
559 941 722 1006 Concione
750 940 888 1018 dituissa,
917 941 1079 1029 missisque
1106 940 1148 1008 ad
1176 941 1420 1043 Ilposognatum

194 1034 334 1146 :quam
357 1029 479 1116 legatis,
494 1028 548 1112 qui
568 1049 650 1092 unus
668 1044 711 1092 ex
730 1029 851 1114 regulis
865 1035 897 1092 e't
911 1027 943 1090 in
961 1027 1113 1094 Eumenis
1133 1029 1273 1094 amroitia
1294 1051 1421 1092 mause-

197 1178 230 1213 m.
357 1127 417 1195 rat
433 1130 465 1180 et
477 1126 649 1202 negaverat
668 1114 831 1179 Antiocho
852 1114 1001 1179 adversus
1024 1113 1187 1179 Romanos
1206 1113 1335 1192 auxilia,
1350 1137 1422 1179 cas-

357 1216 408 1268 tra
432 1201 539 1266 movit.
563 1199 742 1286 primodio
764 1201 802 1266 ad
820 1199 998 1266 Alandrum
1020 1201 1149 1277 flumen,
1172 1215 1301 1287 postero
1316 1202 1358 1265 ed
1371 1201 1422 1265 vi-

358 1311 442 1368 cum,
457 1309 551 1376 quem
573 1298 687 1352 uocant
701 1285 841 1372 Tyscon,
865 1301 1003 1352 ventum.
1048 1284 1099 1352 Eo
1119 1286 1214 1372 legati
1228 1287 1423 1352 Oroanden-

330 1380 334 1388 “
358 1376 552 1462 siumquum
569 1373 732 1450 venissent,
748 1372 919 1438 amicitiam
942 1385 1092 1458 petentes,
1108 1372 1281 1440 ⁶⁵ducenta
1300 1374 1439 1450 talenta-

290 1484 293 1492 ·
358 1462 397 1526 iis
411 1459 965 1546 suntimperata3'‘precantibusque,
982 1473 1018 1524 ut
1031 1459 1162 1526 domum
1184 1462 1423 1541 renunciarent,

359 1553 497 1635 potestas
510 1544 611 1612 'facta
655 1545 781 1612 Ducere
809 1545 883 1610 inde
908 1546 1079 1612 exercitum
1101 1546 1212 1612 consul
1232 1548 1273 1613 ad
1298 1547 1429 1612 Pliten·¹
1475 1579 1485 1592 =

359 1636 455 1700 duur:
478 1633 594 1698 deiude
608 1631 650 1698 ad
665 1631 812 1718 Alyattos
834 1645 934 1697 castra
955 1633 1067 1718 posita.
1111 1631 1162 1698 Eo
1177 1633 1261 1700 missi
1275 1633 1317 1699 ad
1332 1633 1424 1722 Epo-

359 1743 397 1788 so
442 1733 529 1786 atum
553 1719 725 1796 redierunt,
741 1718 806 1782 ὕδει
828 1718 923 1806 legati
944 1741 1015 1784 cum
1038 1719 1098 1784 illis
1109 1713 1213 1808 reguli
1228 1733 1364 1798 orantes,
1380 1743 1425 1788 ne

359 1744 579 1894 ”Paeanis
600 1805 719 1870 bellum
734 1804 933 1870 ”infer-retr.
955 1808 1052 1897 absunt
1074 1809 1107 1870 in
1130 1821 1196 1874 earn
1216 1818 1336 1892 genten
1359 1810 1422 1872 itu·

358 1891 426 1959 elem
455 1895 695 1977 Eposognatum,
719 1901 1003 1976 persuasumque,
1034 1902 1068 1956 nt
1101 1895 1254 1976 imperata
1276 1893 1423 1978 fodent.

359 1981 449 2046 Data
469 1973 561 2043 venia
582 1977 703 2065 regulo,
719 1977 794 2041 duci
816 1977 891 2042 inde
915 1977 1070 2042 exercitus
1091 1999 1148 2064 per
1160 1979 1291 2066 ‘Axylon
1311 1985 1423 2066 (quam

358 2066 488 2146 vocant)
514 2075 632 2128 terram
655 2075 788 2148 coeptu's.
834 2064 888 2129 Ab
912 2086 948 2128 re
975 2073 1091 2129 nomen
1115 2063 1221 2130 habet.
1250 2087 1315 2131 non
1342 2067 1427 2154 ligni

361 2151 458 2218 modo
475 2149 659 2237 quidquam,
675 2149 730 2214 sed
746 2172 786 2213 ne
799 2149 905 2234 spinas
920 2147 1059 2235 quidem,
1075 2151 1245 2217 antulium
1260 2151 1347 2218 aliud
1362 2153 1425 2217 uli.

359 2243 503 2302 mantum
526 2232 586 2301 fert
608 2235 699 2386 iqnis.
745 2235 838 2300 Fimo
859 2236 980 2302 bubulo
996 2259 1054 2323 pro
1069 2237 1320 2320 lignisutuntur.
1360 2240 1428 2305 Ad·

360 2321 543 2403 Cuballum3
559 2321 621 2386 Gal
633 2323 779 2410 ogrueciae
794 2322 967 2402 castellum,
984 2336 1086 2388 castra
1100 2324 1289 2390 habentibus
1302 2325 1424 2392 Roma-

359 2413 409 2475 nis
435 2409 610 2494 adparuere
633 2430 706 2473 cum
732 2419 849 2496 magno
877 2409 1016 2475 tumultu
1041 2409 1178 2476 hostium
1205 2413 1333 2498 equites.
1363 2435 1424 2478 nec

292 2546 294 2549 f
358 2497 531 2564 turbarunt
553 2497 850 2560 tantum‘stationes
875 2496 1046 2573 Romanas,
1063 2510 1191 2583 repente
1212 2497 1345 2575 invecti3
1368 2504 1426 2565 sed

359 2582 521 2670 quosdam
539 2581 633 2646 etiarn
660 2581 854 2646 occiderunt.
883 2583 938 2668 qui
963 2582 1239 2670 tumultus'quum
1262 2586 1295 2649 in
1319 2589 1427 2653 'castra

360 2668 501 2754 perlatus
515 2683 608 2745 esset,
624 2667 740 2732 effusus
755 2679 884 2752 repente
904 2667 1053 2735 omnibus
1066 2670 1167 2754 portis
1181 2671 1338 2757 equitatus
1356 2673 1426 2737 llo-

361 2777 475 2822 manus
497 2753 577 2820 fudit
601 2753 919 2842 fugavitquaflallos,
935 2769 967 2821 et
981 2753 1101 2842 aliquot
1121 2754 1277 2844 fugientes
1297 2759 1425 2826 occidit.

362 2841 444 2908 Inde
463 2840 585 2918 consul,
601 2855 636 2906 ut
650 2841 705 2927 qui
722 2842 788 2926 jem
812 2841 852 2906 ad
875 2840 979 2907 hostes
994 2857 1178 2928 perventum
1199 2859 1351 2922 cerneret,
1367 2867 1426 2910 ex-

342 2927 618 3016 ¹plorato'deinde
632 2940 664 2992 et
680 2949 752 2991 oum
768 2951 847 2992 cura
867 2942 978 2994 coacto
999 2931 1126 3017 agmine
1147 2929 1348 3014 procedebat.
1372 2944 1427 2998 et*

307 3027 316 3043 ·
361 3013 597 3082 continentibus
621 3012 785 3078 itineribus
808 3037 905 3101 quum
930 3015 970 3078 ad
995 3016 1184 3104 Sangarium
1207 3017 1325 3082 flumen
1351 3039 1426 3105 per-

361 3101 508 3178 venisset,
533 3115 674 3186 pontem,
702 3101 776 3185 quia
805 3100 887 3164 vado
915 3123 1071 3186 nusquam
1100 3102 1252 3168 transitus
1276 3117 1354 3182 erat,
1377 3105 1426 3171 ia-

362 3209 433 3254 oere
460 3186 606 3254 instituit.
653 3185 834 3273 Sangarius,
857 3209 896 3250 ex
917 3187 1045 3252 Adoreo
1069 3203 1178 3254 monte
1207 3211 1265 3277 per
1288 3189 1428 3280 Phrygi-

361 3297 415 3341 am
440 3273 551 3352 fluens,
574 3272 721 3338 miscetur
743 3272 781 3336 ad
806 3272 992 3360 Bithyniam
1015 3273 1320 3362 Tymbreti⁰fluvio
1346 3279 1428 3346 inde

363 3361 550 3448 majorjam
575 3358 741 3450 geminatis
764 3359 852 3442 aquis
877 3382 937 3444 per„
960 3360 1141 3447 Bithyniam
1165 3360 1276 3444 l'ertur,
1299 3379 1331 3430 et
1356 3365 1427 3430 69ἰιι

439 3585 443 3597 ι
461 3537 479 3563 ¹¹
492 3491 609 3612 inser-rent
620 3529 695 3576 Grau.
766 3531 780 3559 ¹²
790 3535 814 3575 et
824 3486 869 3576 del.
881 3530 955 3576 Gron.
969 3532 1037 3576 Crev.
1114 3535 1126 3562 o
1138 3531 1253 3596 Thymbre*
1262 3534 1327 3592 Eud.

397 3681 429 3724 65
446 3675 559 3723 Ducenta
574 3671 676 3738 talenta]
687 3675 777 3724 Marce
787 3677 880 3739 argenti
912 3691 953 3724 eoa
963 3677 992 3724 ad
1004 3692 1063 3738 quos
1074 3679 1193 3738 prolectas
1208 3687 1259 3728 erat
1270 3683 1310 3730 ille
1321 3682 1429 3740 regulus,

368 3747 453 3792 16760.
784 3755 787 3762 ·
915 3741 1042 3804 Olympum
1057 3752 1161 3791 mentm
1169 3754 1254 3806 petere.
1288 3747 1431 3795 Oroanden-

397 3811 429 3854 66
445 3807 484 3854 Et
493 3806 571 3866 tegata·
581 3821 634 3854 cnut
648 3806 698 3853 illic
712 3802 804 3869 regesti]
820 3807 882 3853 Gru·
913 3807 974 3855 aium
989 3816 1068 3856 autem
1081 3810 1150 3874 leuati
1167 3826 1186 3857 r.
1205 3819 1363 3871 aequarunt
1381 3812 1432 3859 Το-

364 3874 461 3929 nanus,
480 3885 553 3933 quum
576 3872 672 3931 quidam
693 3873 776 3932 scripti
795 3872 878 3932 prele-
910 3873 1072 3920 liatohcr'ornne
1083 3878 1205 3924 ciuitatem
1218 3877 1344 3940 Olynnpant
1359 3891 1430 3926 moa-

363 3944 428 3992 raut,
447 3939 526 4000 legate·
544 3937 659 3998 compater·
674 3939 764 3998 regali,
775 3950 810 3998 ex
822 3950 879 3984 voce
911 3945 959 3985 ren
969 3942 1071 4000 cephea·
1087 3940 1189 3988 diuam
1201 3943 1342 4004 Teetmgoc
1349 3945 1430 3990 atim

337 4001 546 4065 -m1mnttecit
556 4003 676 4050 euntium.
855 4017 858 4022 ·
910 4006 1428 4068 noneemqniutagatancnurfflnnne.

396 4074 427 4120 67
446 4064 596 4131 Tectosagis]
612 4067 702 4114 Debuit
720 4065 801 4114 Livius
823 4067 878 4114 acri-
912 4069 973 4116 Heu
989 4071 1043 4118 fere¹
1055 4072 1193 4126 Perizonius
1210 4073 1339 4136 Animadr.
1356 4075 1426 4122 Hiat-

363 4135 417 4183 bere
427 4134 586 4198 Tolistolm's'a.
619 4133 657 4180 lta
672 4132 736 4180 enim
753 4132 824 4178 habet
833 4134 880 4179 Po·
911 4141 965 4184 ott.
1121 4181 1124 4189 .

363 4199 451 4260 lybias,
459 4201 521 4248 unde
530 4201 581 4246 hnc
592 4199 716 4259 desumpta
725 4201 790 4244 sunt.
816 4198 879 4246 Eum
943 4203 974 4246 66
991 4199 1110 4263 Insmet]
1126 4202 1166 4250 Sic
1176 4202 1293 4262 dedimus,
1305 4203 1427 4252 Andrean

363 4265 478 4326 riding.
491 4271 531 4312 88.
564 4265 598 4312 Et
613 4277 667 4309 vero
680 4264 750 4323 legati
759 4262 878 4324 Eponae·
911 4265 993 4312 wenti.
1027 4267 1243 4327 Vulgoe'nserrent.

364 4331 415 4376 nati
438 4330 500 4376 intra
519 4331 563 4376 hoc
587 4329 638 4390 ipso
663 4329 740 4388 capite
763 4328 878 4374 nunclant
943 4331 1024 4380 891n
1042 4331 1213 4394 Propontidem
1239 4349 1289 4382 cece
1310 4329 1425 4394 findit]
