3136 4982
276 141 279 148 ’
332 175 391 236 sss
725 168 1001 232 u1u1n1vss

172 345 203 400 u.
215 345 309 398 casn
331 333 432 416 spolia
454 349 554 400 eorum
575 333 766 400 retuleritis?
787 333 917 420 ”Atqui
935 355 1009 400 eum.
1025 332 1189 410 Antiocho,
1208 329 1302 394 ⁷¹ncu
1320 347 1386 394 cum

171 417 201 464 δ
215 412 242 462 ⁰·
254 419 308 464 ¹⁸⁷·
334 421 446 497 Gallis,
462 419 568 486 bellum
582 430 638 484 et*
649 431 772 485 senatus
784 423 968 499 decreverat,
983 431 1013 484 et
1025 421 1152 504 popolus
1161 416 1312 502 jusserat,
1334 417 1388 480 sed

330 508 431 585 simul,
443 516 479 574 ut,
492 505 612 588 dpirsm,
627 528 690 570 aem
705 509 753 571 his
767 509 960 572 decreverant
966 505 1191 591 jusseruntque,
1207 505 1260 587 qui
1273 501 1389 566 ⁷3intra

330 591 394 674 ejus
402 593 554 674 praetuta
554 593 703 676 fuissent.
725 615 763 656 eu
781 594 897 677 quibus,
907 603 1025 676 prater·
1039 591 1229 664 Antiochum,
1245 611 1310 652 crem
1329 609 1389 672 quo

324 699 435 761 pacem
444 680 610 760 pepigerat
621 679 733 760 Scipio,
747 689 776 742 et
789 701 853 742 mem
868 701 926 763 qua
940 677 1230 760 nominatimfadus
1242 675 1387 764 utpiereh

330 765 567 835 mandaveratis,
583 785 682 828 ornnes
694 766 792 828 hostes
805 775 904 841 erant,
921 766 975 848 qui
990 786 1050 846 pro
1064 762 1216 828 Antiocho
1229 781 1318 824 asmo
1329 761 1388 822 od-

329 871 432 916 nersus
446 871 499 914 nos
517 852 662 915 tulerunt.
705 850 745 914 In
765 872 826 934 quo
847 872 953 914 caussa
978 871 1066 934 quum
1083 848 1175 912 Galli
1195 856 1268 910 onte
1287 867 1391 910 omues

317 935 467 1020 ficissent,
483 945 513 1000 et
527 937 626 1020 reguli
639 937 774 1020 quidam,
789 946 819 1000 et
832 938 960 1023 tyranni
966 970 977 1007 ,·
1001 956 1055 1020 ego
1068 945 1169 998 tarnem
1181 943 1210 996 et
1224 955 1287 996 cum
1301 933 1387 1006 aliis,

326 1043 385 1104 pro
398 1023 551 1105 dignitate
567 1023 691 1103 imperii
703 1023 797 1104 vestri
809 1024 922 1086 conctis
934 1021 1051 1088 “tuere
1060 1031 1188 1102 peccato
1203 1039 1268 1094 sun,
1279 1039 1389 1100 pacem

254 1167 257 1188 ζ
322 1109 436 1192 pepigi
441 1134 451 1170 .-
473 1117 503 1172 et
520 1105 680 1172 Gallorum
695 1109 821 1184 animos,
836 1109 865 1172 si
874 1117 998 1189 possent
1013 1107 1153 1190 mitigari
1166 1106 1328 1189 oseritote
1338 1101 1389 1166 iu-

328 1195 402 1269 sito,
417 1196 535 1258 tentavi
544 1227 555 1265 ,-
579 1203 619 1274 ει,
630 1203 790 1276 postquam
814 1192 982 1257 indomitos
993 1202 1085 1277 atque
1106 1190 1304 1273 inplacabiles
1322 1211 1390 1252 cer·

330 1278 444 1354 nehem,
457 1288 518 1343 tum
528 1281 642 1342 deinum
653 1281 685 1342 ui
694 1289 785 1363 atque
794 1281 889 1344 ormis
902 1281 1077 1344 coercendos
1086 1287 1173 1342 ratus
1182 1298 1255 1340 uem.
1285 1276 1389 1354 Nunc,

329 1367 471 1450 quoniam
485 1365 620 1448 suscepti
628 1365 700 1429 belli
708 1375 875 1448 purgatum
889 1375 933 1430 est
946 1367 1068 1440 crimen,
1080 1365 1162 1448 gesti
1173 1363 1330 1426 reddenda
1343 1371 1389 1426 est

328 1454 421 1516 ratio.
466 1451 500 1514 in
520 1472 577 1534 qua
597 1449 773 1531 confiderem
792 1453 927 1534 equidem
946 1470 1059 1514 caussa
1082 1470 1162 1523 mete,
1182 1447 1304 1513 etiamsi
1323 1469 1387 1510 non

329 1539 415 1620 apud
428 1538 608 1612 Rumonem,
624 1538 677 1601 sed
690 1539 775 1620 apud
791 1538 1079 1621 Karthaginiensem
1093 1545 1227 1599 senatum
1247 1555 1365 1624 agerem
1373 1567 1386 1605 ,-

329 1624 382 1688 ubi
403 1624 436 1688 in
461 1645 574 1686 crucem
593 1624 664 1688 tolli
682 1625 880 1706 imperatores
893 1625 1045 1698 dicunctur,
1060 1624 1089 1686 si
1103 1641 1253 1704 prospsero
1270 1627 1389 1699 euentu,

322 1731 426 1794 prono
439 1711 565 1776 consilio
575 1731 637 1772 rem
647 1719 814 1793 gesseruut.
859 1709 920 1772 Sed
933 1729 988 1792 ego
999 1709 1033 1772 in
1044 1729 1080 1771 en
1091 1709 1224 1782 ciuitate,
1241 1725 1308 1789 quae
1319 1709 1388 1770 ideo

328 1795 463 1861 omnibns
491 1795 577 1860 rebus
606 1796 790 1877 incipiendis
813 1796 1015 1878 gerendisque
1040 1794 1123 1857 Deos
1151 1793 1284 1866 adhibet,
1313 1793 1389 1880 quia

328 1880 472 1946 ⁷⁵nullius
485 1882 645 1948 calumnia
657 1879 778 1962 subjicit
791 1903 840 1958 eo,
855 1901 923 1964 qua
938 1881 1000 1944 Dii
1017 1878 1294 1961 comprobaverunt,
1308 1889 1338 1942 et
1352 1880 1389 1942 in

328 1968 519 2032 sollemnibus
532 1965 630 2030 verbis
647 1965 747 2040 hebet,
785 1987 851 2028 unm
866 1966 1117 2048 supplicationem
1135 1973 1190 2027 aut
1204 1966 1388 2048 triumphum

329 2054 487 2116 decernit?
502 2048 607 2126 ,Quod
620 2049 701 2116 bene
715 2072 752 2115 ec
762 1987 894 2114 ieliciter
905 2050 1130 2133 rempublicam
1142 2049 1387 2127 administrum

328 2139 356 2202 si
369 2139 487 2214 nollem,
502 2139 648 2220 tigrane,
664 2159 702 2200 ac
720 2137 875 2218 superbum
891 2139 1094 2200 enistimntum
1109 2138 1220 2200 virtute
1230 2139 1368 2221 gloriari
1372 2171 1389 2208 ‚-

328 2222 581 2308 ⁷⁶prafilicitnte
602 2243 667 2287 mea
689 2223 893 2306 coercitusque
907 2225 974 2299 mei,
991 2225 1071 2307 quad
1092 2231 1209 2285 tantam
1232 2221 1387 2286 stationem

328 2311 396 2375 sin'e
415 2311 480 2373 ulla
502 2310 631 2372 militum
640 2307 772 2390 jactura
796 2310 965 2383 devicimus,
977 2310 1174 2391 postularem,
1189 2318 1223 2371 ut
1240 2309 1316 2373 Diis
1338 2310 1387 2372 in-

225 2449 227 2458 ,
329 2396 507 2461 mortalibus
519 2397 612 2458 honos
627 2394 798 2471 haberetur,
814 2405 844 2458 ct
861 2397 930 2478 ipse
947 2395 1137 2478 triumphans
1151 2394 1185 2457 in
1201 2396 1388 2478 Capitolium

329 2483 549 2556 adscenderesn,
563 2483 654 2557 unde,
677 2481 754 2544 notis
774 2482 836 2544 rite
856 2482 1049 2563 nunmpntis,
1070 2480 1219 2566 prcp‘ectus
1239 2503 1311 2545 sunu
1334 2503 1390 2544 ne-

325 2569 446 2652 garetis
459 2569 515 2631 hnc
530 2565 638 2630 ⁷⁷mihi
650 2587 714 2630 csrns
729 2567 807 2630 Diis
823 2567 1058 2630 inmortalibus?

374 2649 505 2716 XLIX.
527 2652 640 2734 Inique
659 2653 738 2716 enim
753 2653 817 2716 loco
832 2653 986 2720 dimicavi.
1017 2653 1082 2716 Dic
1097 2654 1202 2737 igitur,
1218 2675 1277 2738 quo
1290 2655 1390 2737 aqui·

329 2761 383 2803 ore
398 2739 550 2820 potuerim
565 2738 734 2802 dimicare?
760 2737 859 2814 Quum
880 2748 1008 2803 montem
1029 2737 1127 2802 hostes
1149 2739 1306 2822 cepissent,
1322 2742 1387 2804 loco

329 2826 446 2889 munito
467 2846 499 2890 se
520 2832 666 2898 tenerent,
682 2845 787 2906 nempe
807 2826 933 2888 mudum
954 2826 998 2888 ad
1016 2825 1113 2888 hostes
1133 2835 1211 2901 eret,
1226 2827 1256 2889 si
1269 2827 1391 2890 uincere
1420 2879 1426 2886 .

330 2913 443 2990 uellem.
490 2908 597 2986 Quid?
619 2911 648 2976 si
661 2910 761 2975 urbem
783 2931 818 2974 co
838 2912 903 2978 loco
918 2909 1072 2988 haberent,
1088 2919 1118 2974 et
1139 2911 1282 2976 manibus
1296 2933 1327 2976 se
1341 2911 1385 2974 te-

752 3071 969 3122 ueruhncron.

361 3219 544 3284 ii'Atquicum
550 3216 680 3282 Antiocho]
693 3221 843 3270 Hoecdicun·
907 3229 937 3272 78
955 3222 1026 3270 Intra
1044 3221 1095 3282 dces
1108 3217 1234 3284 prasidio]
1250 3221 1315 3270 uuiti
1331 3230 1388 3272 ente

328 3290 370 3334 tnr
387 3301 441 3334 cum
462 3293 569 3348 respectu
587 3287 615 3334 sd
632 3300 660 3332 es
675 3301 728 3346 quse
746 3301 843 3347 proeces-
875 3287 1022 3334 Gronovinm
1043 3289 1106 3333 inter
1122 3288 1173 3348 dus
1186 3288 1309 3348 presidio.
1342 3285 1387 3337 Sed

330 3365 387 3398 sete.
412 3354 556 3413 ‘Pugnsvece
574 3351 695 3411 Scipiones
713 3365 767 3399 cum
786 3355 842 3400 Gsl·
874 3352 920 3398 vid.
934 3357 984 3400 not.
997 3359 1036 3399 lo.
1049 3354 1110 3399 ndo.
1125 3359 1161 3398 tt.
1174 3353 1245 3399 hn'us
1261 3353 1322 3400 libri.
1365 3357 1369 3368 “

329 3416 368 3474 lis,
381 3420 408 3464 ut
421 3432 474 3464 eum
491 3416 598 3464 hostibus
611 3417 693 3475 iustis,
704 3419 773 3475 veris,
786 3419 842 3480 legi·
907 3367 1215 3480 ntthuerepecearauai
1226 3417 1336 3466 Pecunis.
1348 3418 1387 3466 Sic

327 3479 404 3538 timis,
417 3482 471 3528 licet
483 3482 614 3537 Antiocho,
624 3495 672 3528 non
681 3481 756 3530 Gellio
768 3484 842 3530 nomi·
874 3486 971 3529 excesu
986 3490 1010 3529 et
1025 3483 1119 3546 mitiget
1135 3483 1249 3538 Manlius,
1261 3497 1388 3544 snppnesso

329 3546 404 3592 nstim
416 3543 630 3593 bellumiudietum
646 3551 715 3594 esset.
749 3547 842 3596 sedni·
873 3541 1073 3594 etiaminsidinso
1087 3547 1393 3607 pecnnienominuiusm'

328 3611 416 3658 mirum
431 3612 549 3659 decretum
567 3616 662 3660 mustus
673 3611 842 3673 complectebs·
874 3625 926 3673 quse
943 3613 964 3659 ei
982 3611 1075 3671 obiectu
1090 3612 1407 3670 centurionatum..

328 3682 370 3722 tus
379 3687 420 3720 cos
430 3689 524 3737 quoqne
533 3676 573 3735 qni
581 3676 695 3723 Antiochi
708 3687 794 3725 sectam
807 3693 843 3724 se·
873 3682 956 3736 terque
967 3691 981 3724 e
992 3678 1098 3740 tyrensis
1112 3677 1291 3737 castellanisque
1303 3679 1386 3740 ingen·

328 3738 380 3788 cuti
391 3745 479 3798 esunt,
490 3745 515 3788 st
526 3740 590 3787 intre
600 3741 650 3798 ejus
667 3743 774 3802 presidis
784 3744 843 3790 inis·
875 3747 911 3788 tes
923 3742 1007 3788 surlet
1015 3742 1105 3802 ergcmi
1115 3753 1225 3789 summes.

329 3808 391 3852 sent.
424 3805 506 3855 Quom
518 3805 591 3867 igitur
600 3807 663 3853 Gelli
673 3807 736 3853 intes
744 3808 842 3855 nexilis·
908 3807 1191 3856 tumultuantium
1200 3806 1389 3870 subjicit}an-

328 3883 365 3917 ses
383 3869 499 3918 Antiochi
518 3871 615 3925 ineunt,
638 3872 769 3934 legitimum
788 3887 842 3920 cnm
874 3868 922 3918 lins
937 3872 1035 3931 injustis
1050 3878 1075 3919 st
1090 3872 1213 3920 melitinus
1230 3873 1386 3920 ocrillstioni-

329 3935 358 3983 iis
376 3935 464 3984 bellum
483 3941 508 3984 et
527 3935 648 3997 Scipiones
667 3943 693 3984 et
708 3951 752 4000 ego
771 3940 843 3994 cessi-
875 3937 919 3984 bns
931 3937 1004 3984 deteri
1014 3937 1080 3986 sinit.

329 4014 391 4050 mus.
412 4034 414 4040 -
908 4005 939 4051 76
956 4002 1006 4048 Pro
1015 4003 1139 4061 felicitate
1150 4001 1214 4064 neca]
1235 4002 1346 4050 Libenter
1363 4007 1388 4049 st

362 4073 393 4116 72
410 4065 466 4114 Nou
482 4079 536 4114 curn
549 4065 722 4114 Guhishelltrm
737 4073 762 4112 et
776 4082 843 4115 sena·
875 4067 915 4114 hic
933 4068 1103 4129 prefigeremus
1121 4068 1259 4127 punientem
1277 4070 1307 4114 si.
1338 4068 1389 4114 Ns-

329 4136 369 4178 tus
385 4126 529 4196 decreverat]
560 4132 599 4180 Sic
616 4131 700 4178 hebere
715 4131 766 4178 MS.
777 4133 843 4180 Thu·
876 4146 922 4192 qne
941 4133 1003 4179 enim
1028 4132 1097 4180 luciis
1118 4132 1211 4179 videtur
1236 4147 1306 4195 posse
1332 4145 1387 4194 snp-

328 4209 424 4244 snoenm
442 4203 544 4245 testetur
560 4199 611 4244 tec.
632 4196 775 4246 Gronovius.
796 4199 843 4244 Ac·
877 4197 945 4257 pleni.
1355 4233 1359 4242 .

329 4261 392 4308 cedit
411 4267 491 4309 noster
508 4263 571 4310 Vict.
602 4262 695 4324 Vulgo:
724 4277 771 4308 non
790 4277 844 4310 curn
909 4260 1153 4326 enthimemate]
1179 4262 1389 4311 Sinihilhicsitii

332 4327 409 4373 Gallis
420 4327 504 4376 bellum
513 4328 551 4374 his
559 4333 655 4375 senatus
665 4327 804 4375 demwernt.
876 4331 922 4386 est,
933 4340 1016 4376 seusus
1027 4328 1085 4375 erit:
1106 4327 1209 4387 etmihi,
1221 4332 1246 4376 cc
1256 4327 1309 4377 tiis.
