3082 4976
349 201 352 209 Ι
451 118 543 177 urs.
564 116 714 177 xxxix.
735 115 908 175 ctam.
1157 124 1218 177 ms

150 290 240 344 tunsa
269 278 470 365 virtutisque:
506 292 538 348 et
565 301 668 364 neque
697 281 757 365 ipsi
786 279 918 352 domum
948 280 1088 364 recipere
1113 292 1368 350 custo-nossa:

152 365 307 430 diendum
336 367 505 442 audebant,
521 388 595 430 ·nec
623 367 771 451 cuiquam
800 366 855 452 uni
878 365 1055 430 custodiam
1067 427 1071 431 .
1084 368 1150 452 ejus
1173 365 1298 432 sab-⁰·
1312 371 1384 414 Μ

152 452 193 515 tis
214 451 396 515 credebant.
442 451 627 516 Admonent
651 451 764 516 deinde
788 451 929 536 quidam,
950 474 1017 517 esse
1037 451 1220 536 thesaurum

151 539 317 622 publicum
347 537 405 602 sub
438 550 533 618 terra,
563 560 640 602 saxo
677 537 832 622 quadrato
869 548 1004 620 septum.
1027 561 1065 602 eo
1096 541 1220 604 vinctus

152 624 341 699 demittitur,
358 635 389 686 et
403 624 551 688 ”saxum
568 623 688 710 ingens,
706 646 771 709 quo
785 623 938 707 operitur,
949 623 1097 688 machina
1111 647 1221 711 super-

153 710 327 794 inpositum
344 722 401 772 est.
424 711 468 774 ita
490 710 561 774 loco
584 709 699 794 potius,
716 731 812 794 quam
838 707 962 772 homini
977 711 1137 795 cuiquam,
1152 734 1220 776 cre-

153 794 292 858 dendam
308 795 485 859 custodiam
503 796 572 872 rati,
589 795 693 860 lucem
708 796 933 879 insequentem
948 811 1220 882 exspectaverunt.

155 880 290 944 Postero
305 880 357 944 die
370 881 396 919 ⁹⁰
406 881 579 946 multitudo
590 880 716 967 quidem
732 881 866 1030 intqigra,
878 901 1000 945 memor
1014 883 1221 966 pristinorum

151 967 220 1050 ejus
235 967 266 1028 in
283 967 440 1031 civitatem
457 967 652 1044 meritorum,
669 988 785 1052 parcen
812 989 876 1044 um,
894 989 931 1030 ac
951 990 1009 1052 per
1030 991 1102 1034 eum
1120 991 1219 1034 reme·

150 1052 207 1116 dia
220 1052 395 1138 quaerenda
408 1076 475 1117 esse
489 1046 694 1138 praesentium
711 1053 876 1125 malornm,
893 1053 1092 1118 censebant‘:
1116 1054 1219 1122 defec-

149 1133 247 1202 tionis
262 1143 416 1216 auctores,
454 1161 566 1203 uorum
587 1140 620 1201 in
645 1137 942 1221 manurespublica
957 1151 1034 1216 erat,
1050 1141 1084 1205 in
1099 1155 1221 1206 secreto

150 1224 378 1304 consultantes,
407 1247 517 1290 omnes
553 1225 594 1289 ad
624 1247 733 1288 necem
763 1225 830 1309 ejus
860 1225 1117 1291 consentiebant:
1152 1228 1219 1305 sed,

147 1322 257 1374 utrum
280 1323 486 1390 maturarent,
502 1333 541 1374 an
565 1311 738 1390 differrent,
762 1309 992 1396 ambigebatur.
1038 1311 1125 1377 Vicit
1146 1331 1380 1398 parsvenenotu-

148 1395 274 1460 avidior
298 1417 413 1480 poenae,
440 1398 627 1483 missusque,
654 1397 708 1482 qui
739 1418 896 1460 vencnum
925 1396 1033 1462 ferret.
1078 1402 1220 1484 Accepto
1230 1395 1295 1444 titur.

149 1482 276 1566 poculo,
300 1481 380 1555 nihil
405 1483 493 1547 aliud
518 1483 661 1548 locutum
687 1483 802 1560 ferunt,
828 1489 925 1568 quatri
951 1483 1157 1568 quaesissem
1173 1488 1220 1550 in-

149 1569 275 1632 columis
288 1570 440 1652 Intortus
455 1571 494 1652 (is
516 1569 595 1634 alter
621 1570 792 1654 imperator
816 1568 1010 1634 Achaeorum
1034 1573 1115 1651 erat)
1138 1574 1220 1656 equi·

50 1649 52 1654 ’
150 1665 251 1737 tesque
277 1655 465 1718 evasissent?
512 1656 686 1740 Postquam
715 1655 835 1719 dictum
862 1667 919 1730 est,
948 1656 1112 1721 incolumes
1138 1680 1219 1734 esse.‚·

151 1742 237 1804 Bene
263 1737 361 1816 lubet,
386 1741 487 1828 inquit
495 1764 504 1817 ;
528 1759 569 1818 et,
591 1741 616 1779 ⁹¹
625 1741 742 1827 poculo
772 1741 920 1824 inpavide
943 1739 1109 1818 exhausto,
1132 1743 1219 1808 haud

147 1826 194 1888 ita
224 1826 325 1890 multo
351 1841 424 1910 post
447 1827 626 1912 exspiravit.
672 1827 772 1890 Nonu
796 1827 984 1891 diuturnum
1012 1829 1121 1894 mortis
1151 1831 1217 1914 ejus

146 1912 300 1998 gaudium
331 1913 514 1976 auctoribus
543 1913 738 1977 crudelitatis
762 1911 832 1976 tuis.
854 1913 937 1976 victa
963 1935 1101 1998 namque
1129 1915 1218 1982 Mes·

148 2019 226 2062 sene
254 1997 338 2072 bello
375 1998 618 2080 exposcentibus
651 1998 780 2063 Acbaeis
816 2000 930 2064 noxios
966 1999 1100 2076 dedidit,
1131 2024 1217 2066 ossa-

148 2105 213 2169 que
246 2083 370 2148 roddita
402 2084 655 2168 Philopoemenis
691 2098 783 2150 sunt:
808 2098 839 2148 et
860 2084 886 2123 ⁹²
906 2084 1046 2170 sepultus
1075 2087 1116 2150 ab
1145 2089 1217 2153 uni·

147 2191 239 2232 verso
265 2171 409 2233 Achaico
435 2179 498 2234 est'
518 2171 665 2246 concilio,
689 2171 770 2234 adeo
792 2171 941 2234 omnibus
967 2170 1115 2236 humanis
1141 2197 1217 2240 con-

146 2255 244 2342 gestis
268 2254 453 2333 honoribus,
478 2269 514 2320 ut
539 2279 580 2320 ne
605 2257 719 2319 divinis
745 2256 873 2341 quidem
901 2257 1121 2325 abstineretur.
1165 2261 1217 2326 Ab

146 2342 354 2426 scriptoribus
368 2365 475 2406 rerum
493 2342 617 2406 Graecis
633 2342 819 2426 latinisque
841 2354 965 2406 tantum
985 2342 1059 2408 huic
1076 2346 1144 2410 viro
1160 2347 1217 2412 tri-

145 2427 267 2503 buitur,
286 2440 321 2491 ut
334 2452 354 2491 a
369 2428 556 2512 quibusdam
573 2450 695 2504 eorum,
711 2427 850 2492 velutad
869 2429 1025 2514 insignem
1041 2443 1139 2499 totam
1156 2432 1216 2500 hu·

140 2514 195 2599 jus
210 2514 296 2590 anni,
314 2515 475 2578 memoriae
491 2515 675 2579 mandatum
691 2515 743 2594 sit,
759 2531 822 2578 tres
838 2513 940 2578 claros
954 2514 1162 2599 imperatores
1177 2533 1282 2584 eott'ru
1293 2534 1361 2582 nobi-

146 2619 233 2662 anno
255 2599 435 2677 decessisse,
466 2601 751 2684 Philopoemenem,
777 2600 1005 2676 Hannibalem,
1035 2602 1073 2667 P.
1091 2599 1345 2688 Scipio-¹⁶⁸¹mPP·

145 2707 232 2749 nem.
248 2685 328 2750 adeo
343 2687 375 2748 in
393 2709 486 2771 aequo
507 2709 580 2751 eum
603 2685 739 2750 duarum
762 2685 1049 2770 potentissimarum
1071 2692 1213 2776 gentium
1223 2667 1319 2710 mortui.

145 2772 278 2835 summis
293 2773 538 2854 imperatoribus
553 2785 738 2856 posuerunt.

190 2857 248 2921 LI.
272 2857 324 2922 Ad
343 2858 487 2922 Prusiam
504 2881 610 2946 regem
626 2859 748 2945 legatus
764 2857 804 2921 T.
822 2856 993 2933 Quinctius
1015 2858 1214 2927 Flamininus
1222 2876 1289 2923 Mors
1299 2875 1368 2924 Hun-

142 2944 241 3022 venit,
259 2965 354 3030 quem
381 2957 560 3030 suspectum
586 2945 740 3011 Romanis
762 2956 795 3007 et
808 2944 835 2982 ⁹⁸
845 2956 988 3028 receptus
1014 2960 1085 3028 post
1106 2941 1317 3035 fugamtibdi·

284 3053 513 3116 ‘censebutcrem
563 3069 805 3116 wesmannus.
877 3068 1070 3115 'estdleaed
1146 3064 1148 3068 ’
1194 3083 1196 3090 ’

179 3167 209 3210 99
226 3162 319 3210 Saxum
334 3166 426 3226 iugens,
438 3182 483 3227 quo
494 3157 610 3227 operitur]
621 3167 662 3213 Sa·
695 3167 786 3223 Livius,
799 3167 844 3213 hoc
861 3167 931 3223 libro,
943 3179 963 3211 c.
981 3176 1029 3224 seq.
1042 3169 1155 3226 poculum
1171 3183 1212 3217 es.

144 3240 201 3272 xum
218 3227 313 3289 ingens,
323 3244 371 3289 quo
387 3231 477 3292 tegitur
487 3233 612 3278 thesaurus
624 3230 663 3278 ille
695 3233 784 3278 hausit.
813 3233 898 3291 ltaque
917 3231 1058 3277 utrumlibet
1080 3234 1119 3279 hic
1138 3235 1212 3294 legas,

142 3291 321 3352 subterraneus,
340 3297 546 3356 superimpositum
561 3302 598 3342 cst
618 3311 663 3357 ops
695 3299 732 3343 vel
744 3299 837 3353 hausto,
848 3294 1017 3352 vsleaelsuusta
1028 3299 1179 3356 partiretur.

141 3357 260 3404 mschiuoe
280 3360 310 3405 sd
328 3375 424 3417 magnas
441 3362 572 3422 ponderum
588 3363 660 3408 moles
725 3368 757 3410 99
775 3361 887 3422 Sepultus
913 3361 942 3405 ui
976 3363 1087 3408 uniuerso
1113 3367 1214 3411 cunata

139 3421 338 3484 tollendsssptse·
622 3418 626 3426 ’
693 3423 811 3489 Achaico]
830 3427 910 3484 Hujus
930 3426 1036 3472 funebris
1058 3443 1150 3489 pompm
1172 3431 1212 3476 (10.

175 3491 207 3534 90
232 3489 388 3536 Multitudo.
407 3520 413 3535 .
432 3485 563 3552 dangre]
594 3491 661 3538 Ssnoe
693 3493 845 3552 scriptionem
863 3499 917 3552 pets
931 3505 959 3536 sx
977 3493 1040 3537 Plut.
1054 3494 1213 3556 inPhilopoe-

139 3551 238 3608 mentis,
257 3567 305 3600 non
325 3560 436 3614 corrupta
452 3555 603 3602 factionibus.
621 3557 661 3602 Sic
693 3571 769 3604 meae.

139 3617 156 3661 l.
170 3616 213 3662 IX.
223 3632 244 3664 c.
256 3623 295 3666 ⁴6.
313 3622 407 3680 integer
414 3619 623 3681 populum-sauma
637 3628 661 3668 st
724 3629 755 3670 93
773 3623 892 3681 Receptus
914 3630 969 3682 post
983 3624 1077 3683 fugam
1095 3626 1213 3674 Antiochi

140 3682 343 3730 cultordonorum.
692 3683 810 3746 Annibal]
830 3687 902 3734 Corn.
927 3688 1008 3747 Nepos
1035 3689 1061 3735 in
1083 3691 1212 3751 Annibale,

172 3751 200 3794 91
221 3747 438 3810 Poculoimpusu'de
452 3750 573 3812 subducto]
592 3750 660 3810 Sigo-
691 3757 716 3797 st
737 3752 848 3797 ,Iustinus
871 3752 886 3797 Ι.
909 3752 1018 3800 XXXll.
1038 3769 1058 3800 c.
1079 3761 1102 3800 t.
1125 3757 1213 3804 docent

138 3811 174 3856 nii
192 3810 251 3857 liber
266 3820 291 3860 et
309 3822 390 3862 noster
408 3815 471 3862 Vict.
495 3817 588 3862 lausto.
621 3815 659 3862 Sic
692 3817 846 3873 Annibalem,
869 3817 991 3864 Antiocho
1013 3819 1087 3876 victo,
1110 3824 1213 3878 veritum
1253 3851 1254 3856 =

136 3876 296 3937 Sophonisba,
325 3895 396 3942 supra
423 3882 437 3927 l
463 3881 546 3928 XXX.
573 3895 594 3926 c.
622 3886 658 3926 15.
679 3895 722 3928 -ne
738 3883 851 3928 Romsuis
867 3882 999 3939 dederetur,
1017 3885 1042 3929 in
1060 3885 1155 3932 Oretum
1174 3888 1212 3932 tu-

133 3943 300 4000 pocutum...
319 3946 438 4008 impauide
454 3946 543 4002 hausit.
576 3945 616 3990 Sic
633 3945 660 3990 iu
692 3947 762 4008 gisae.
796 3947 864 4000 lnds,
883 3961 956 4008 quum
974 3961 999 3993 ss
1018 3948 1114 3998 invidia
1133 3945 1213 4009 objec·

136 4019 163 4050 re
179 4008 281 4054 multum
302 4010 411 4058 dissimili
431 4012 508 4058 Bitias
526 4011 587 4072 apud
606 4011 661 4056 Vir·
692 4018 743 4058 tum
763 4018 861 4073 propter
880 4013 964 4058 nimias
985 4026 1041 4071 opes
1061 4013 1159 4070 videret,
1181 4018 1212 4062 sd

135 4069 177 4125 gil.
191 4071 281 4118 AEnsid.
295 4075 311 4120 l.
322 4076 342 4123 1.
353 4091 375 4122 v.
389 4083 444 4126 749.
456 4079 562 4138 impiger
577 4075 659 4122 duusit
689 4077 796 4122 Prusiam
818 4078 977 4133 contendisse,
998 4077 1076 4136 eique,
1094 4078 1119 4124 in
1147 4080 1210 4126 bello

137 4135 295 4194 Spumantem
312 4148 430 4199 pateram.
463 4145 552 4190 Tamen
577 4145 659 4187 tuctur
691 4143 801 4188 maenus
826 4144 968 4199 Eumenem,
996 4143 1079 4188 utilsru
1113 4157 1209 4204 operam

138 4199 324 4260 vulgatumCic·
335 4220 378 4266 pro
390 4209 486 4255 ctuent
500 4221 524 4254 n.
536 4214 576 4254 91.
599 4205 660 4251 Juns
692 4221 797 4256 uss-asse.
847 4239 851 4248 ·

136 4267 253 4328 subnata
273 4269 314 4316 tito
328 4271 412 4330 pondo
431 4275 523 4320 mortis.
556 4272 589 4318 Et
608 4271 659 4329 ipse
