3042 4954
16 383 18 474 l

422 152 515 218 LIB.
531 159 652 221 XXXI.
680 163 783 222 CAP.
811 159 913 224 XLII.
1137 173 1176 235 ³7
1263 199 1265 206 1

103 329 149 396 et,
179 339 275 406 super
297 320 507 388 circumfusas
533 337 580 390 tot
603 325 803 392 Macedoniae
832 333 952 415 gentes,
981 327 1172 395 maritimam
1181 295 1316 396 usses.

103 428 237 493 quoque
249 409 421 474 instantem
436 409 644 476 obsidionem.
813 419 816 426 ’
1179 405 1211 452 Α·
1221 407 1249 455 0·
1260 412 1329 468 ⁹⁰⁰«.

151 493 248 558 XLl.
269 493 338 560 Hae
367 517 487 562 caumae
512 498 735 564 Damocritum
760 498 947 587 AEtolosque
971 500 1288 570 restituerantunua

16 589 17 594 ’
102 577 279 644 manu:
302 593 345 660 et,
364 583 576 668 Amynandro
592 606 667 671 rege
681 584 895 650 Athamanum
919 587 1081 672 adjuncto,
1095 588 1324 673 prspamsmma

99 663 178 732 fecti
194 666 379 732 Cercinium
403 669 566 736 obsedere.
611 671 799 737 Clausernnt
818 684 938 757 portas,
957 673 1113 739 incertum
1128 652 1332 765 vifflffil's*

100 773 145 816 an
158 753 342 819 voluntate:
366 755 442 842 quia
455 755 578 846 regium
599 756 758 824 habebant
778 759 972 858 praesidium.
1018 759 1168 826 Ceterum
1177 783 1249 844 lippa.

100 840 183 902 intra
208 861 333 924 paucas
356 840 424 906 dies
447 858 574 927 captum
601 859 648 908 est
663 844 854 922 Cercinium,
878 859 974 933 atque
995 848 1169 914 incensum.

100 925 154 1011 qui
169 925 396 1010 superfuerant
417 951 435 992 e
458 951 572 1017 magna
592 928 692 1008 clade,
708 930 798 994 liberi
812 931 965 1034 servique,
980 932 1064 998 inter
1085 946 1169 999 cete·

99 1034 167 1076 ram
194 1013 343 1097 praedam
369 1013 506 1080 abducti.
551 1017 585 1080 ls
609 1016 705 1081 timor
726 1039 916 1104 omnes,qu1
939 1020 1170 1086 circumcolunt

100 1099 228 1164 Boeben
262 1099 420 1183 paludem,
451 1101 567 1166 relictis
594 1103 734 1180 urbibus,
765 1115 887 1168 montes
907 1106 1022 1194 moligit
1050 1121 1168 1188 petere.

99 1184 218 1262 AEtoli,
233 1186 345 1272 inopia
365 1187 485 1271 praedae
506 1188 581 1253 inde
594 1185 704 1267 a'versi,
721 1191 752 1253 in
771 1189 1015 1256 Perrhaebiam¹¹³
1028 1193 1075 1256 ire
1095 1215 1168 1278 per-

123 1285 189 1336 unt.
239 1273 386 1358 Cyretias
422 1272 468 1338 ibi
498 1275 529 1338 vi
559 1276 699 1360 capiunt,
728 1275 875 1363 foedeque
903 1278 1073 1363 diripiunt3
1113 1281 1168 1364 qui

140 1359 272 1424 alloeam
296 1360 450 1435 incolunt,
471 1360 633 1428 voluntate
653 1361 686 1427 in
709 1362 903 1428 deditionem
925 1365 1168 1452 societatemque

98 1445 238 1532 accepti.
286 1445 338 1510 Ex
355 1446 539 1512 Perrhaebia
551 1447 717 1533 Gomphos
772 1449 859 1515 tendi
871 1451 1078 1536 Amynander
1091 1473 1167 1516 auc-

98 1546 150 1596 tor
175 1544 266 1598 erat:
297 1547 328 1598 et
356 1533 492 1598 inminet
515 1533 709 1600 Athamania
753 1535 806 1600 uic
831 1536 913 1612 urbi,
940 1537 1168 1625 videbaturque

97 1618 282 1706 expugnari
310 1619 379 1696 sipe
407 1641 525 1708 magno
553 1620 725 1710 certamine
760 1643 860 1707 posse.
905 1613 1008 1688 AEtoli
1037 1645 1168 1708 campos

99 1704 278 1770 Thessaliae
293 1706 418 1791 opimos
432 1711 469 1770 ad
485 1707 627 1792 praedam
642 1708 777 1793 petiere:
800 1721 960 1796 sequente,
974 1731 1069 1794 quam
1093 1733 1165 1774 uam
1174 1725 1319 1772 Taenariam

97 1813 166 1856 non
187 1793 358 1878 probante,
375 1794 596 1880 Amynandro,
617 1817 677 1860 nec
702 1793 814 1862 effusas
837 1795 1057 1880 populationes
1119 1809 1166 1862 to·
1175 1789 1328 1852 1³⁰P¹¹¹¹¹¹¹¹¹¹·

98 1877 216 1955 lorum,
233 1901 294 1943 nec
308 1893 421 1958 castra,
436 1901 500 1966 quo
514 1879 579 1944 fors
593 1881 716 1946 tulisset
729 1881 810 1962 loco,
825 1886 895 1947 sine
906 1881 972 1946 ullo
986 1882 1167 1950 discrimine

98 1965 231 2030 aa¹eura
247 1965 423 2045 muniendi,
438 1968 552 2052 posita.
574 1967 691 2055 itaque,
707 1991 747 2034 ne
765 1969 922 2033 temeritas
936 1991 1044 2035 eorum
1060 1970 1168 2057 negle-

98 2053 274 2139 gentiaque
299 2052 420 2118 sibiae
445 2054 508 2118 suis
533 2053 627 2119 etiam
652 2055 750 2120 cladis
775 2055 908 2140 alicujus
937 2079 1045 2122 caussa
1073 2072 1167 2137 esset,

99 2159 200 2222 quum
227 2140 457 2224 campestribus
479 2140 556 2206 locis
584 2142 782 2224 subjicientes
811 2163 864 2205 eos
889 2155 991 2208 castra
1018 2138 1167 2210 Phecado

98 2223 174 2288 urbi
187 2225 320 2303 videret,
336 2227 403 2311 ipse
416 2227 525 2313 paullo
546 2226 618 2313 plus
631 2228 913 2314 ⁶⁰quingentorum
932 2250 1078 2311 passuum
1094 2230 1167 2294 inde

99 2311 263 2377 tumulum
277 2313 353 2394 suis,
364 2314 506 2400 quamvis
516 2313 577 2378 levi
592 2315 790 2379 munimento
804 2325 920 2392 tutum,
933 2315 1026 2399 cepit.
1056 2314 1166 2391 Quum

98 2396 213 2476 AEtoli,
235 2398 297 2464 nisi
320 2399 406 2487 quod
429 2399 674 2487 populabantur,
698 2401 751 2464 vix
772 2399 950 2465 meminisse
974 2401 1165 2479 viderentur,

100 2506 134 2548 se
155 2486 189 2550 in
210 2483 353 2550 hostium
372 2508 451 2574 agro
471 2509 555 2564 esse3
577 2487 631 2551 alii
651 2487 748 2572 palati
767 2487 947 2552 semiermes
965 2499 1164 2573 vagarentur,
1204 2559 1208 2570 ,

100 2568 154 2634 alii
175 2570 212 2635 in
236 2572 349 2638 castris
368 2575 435 2638 sine
455 2573 645 2638 stationibus
666 2577 723 2659 per
743 2594 891 2638 somnum
914 2573 1085 2661 vinumque
1099 2574 1165 2640 dies

99 2657 249 2724 noctibus
270 2673 443 2746 oequarent,
461 2658 630 2746 Philippus
652 2659 887 2745 inopinantibus
909 2660 1047 2728 advenit.
1069 2683 1164 2747 quem
1173 2680 1318 2742 osprimun-

100 2765 199 2829 quum
214 2745 323 2810 adesse
333 2743 522 2833 refugientes
537 2769 577 2810 ex
589 2747 672 2834 agris
683 2745 813 2832 quidam
828 2746 935 2831 pavidi
950 2747 1162 2824 nunciassent,
1173 2753 1213 2825 ΨΥ
1223 2761 1238 2793 ·
1248 2749 1304 2794 ent-

100 2830 264 2915 trepidare
284 2831 492 2897 Damocritus
513 2835 672 2919 ceterique
693 2832 804 2896 duces:
833 2845 864 2897 et
886 2846 953 2897 erat
971 2832 1053 2898 sorte
1071 2835 1163 2900 meri·
1173 2815 1246 2874 '¹⁹⁹⁰'

99 2916 233 2982 diaeum
260 2929 394 3004 tempus,
411 2940 475 3020 quo
496 2918 639 3006 plerique
659 2939 770 3006 graves
795 2916 867 2984 cibo
892 2919 988 3003 sopiti
1005 2919 1164 3005 jacebant.

100 3002 255 3070 Excitare
267 3004 365 3092 igitur
379 3005 435 3070 alit
448 3005 536 3082 alios,
547 3007 661 3092 jubere
674 3026 762 3070 arma
777 3025 899 3089 capere,
916 3005 993 3070 alios
1008 3007 1165 3072 dimittere

97 3090 139 3154 ad
153 3091 362 3168 revocandos,
377 3092 432 3179 qui
447 3091 543 3177 palati
563 3113 620 3176 per
641 3113 735 3180 agros
756 3090 994 3178 prodebantur.
1016 3103 1165 3180 tantaque

98 3177 271 3262 trepidatio
284 3176 354 3257 soit,
372 3193 410 3243 ut
423 3179 490 3243 sine
504 3177 618 3264 gladiis
631 3178 760 3266 quidam
782 3180 924 3264 equitum
943 3177 1074 3254 exirent,
1090 3177 1166 3268 lori·

98 3284 151 3328 cas
165 3263 312 3350 plerique
324 3286 389 3330 non
401 3265 580 3330 induerent.
604 3265 654 3329 Ita
665 3265 779 3350 raptim
790 3265 906 3343 edrrcti,
917 3285 1015 3350 quum
1025 3264 1165 3332 universi

98 3365 321 3416 sexcentorum
343 3373 431 3439 aegre
451 3351 544 3416 dmul
567 3351 687 3438 equites
707 3350 895 3436 peditesque
916 3372 1083 3415 numerum
1106 3375 1164 3416 ex·

98 3435 250 3521 pleesenr,
265 3437 411 3504 incidunt
424 3437 458 3502 in
473 3459 508 3502 re
532 3437 596 3502 ium
615 3438 799 3525 equitatum,
815 3458 958 3512 numero,
974 3437 1096 3516 animis,
1113 3462 1164 3502 ar-

97 3524 221 3610 misque
243 3536 459 3610 praestantem.
505 3461 619 3610 ltaque
635 3524 740 3608 primo
761 3524 872 3608 inpetu
886 3521 957 3599 iusi,
974 3522 1028 3586 vix
1044 3537 1165 3590 tentato

98 3609 280 3688 certamine,
297 3611 385 3697 turpi
406 3611 440 3676 fu
464 3635 484 3674 a
508 3623 653 3696 repetunt
676 3622 787 3676 castra.
821 3608 895 3674 cresi
919 3609 1067 3695 captique
1093 3611 1163 3698 qni·

99 3695 185 3774 dam,
222 3721 282 3762 uos
295 3697 417 3784 equites
431 3633 472 3762 ab
486 3698 612 3786 agmine
625 3695 812 3784 fugientium
829 3695 1041 3762 interclusere.

141 3719 259 3850 XLll.
295 3784 481 3868 Philippus,¹
504 3783 568 3848 suis
600 3783 666 3869 jam
704 3782 787 3847 vallo
821 3781 1162 3869 adpropinquantibuS,

101 3871 239 3956 receptui
268 3871 341 3936 cani
366 3871 471 3957 jussit.
507 3869 653 3956 fatigatos
681 3870 766 3934 enim
795 3891 893 3955 equos
921 3871 1068 3956 virosque
1096 3893 1162 3936 non

101 3969 161 4024 tam
185 3959 313 4043 proelio,
337 3979 433 4044 quam
462 3950 580 4020 itineris
609 3955 701 4020 simul
727 3955 934 4043 longitudine,
961 3956 1057 4021 simul
1078 3979 1162 4042 pree·

101 4067 231 4132 propera
245 4045 420 4122 celeritate,
437 4041 584 4106 habebat.
630 4043 740 4130 ltaque
751 4042 913 4106 turmatim
925 4041 1055 4128 equi-tes,
1071 4043 1103 4106 in
1115 4040 1162 4104 vi-

501 4199 521 4227 ¹¹¹
531 4195 675 4242 Penestiam
686 4182 761 4244 Gran.

131 4322 135 4332 .
195 4359 226 4400 5⁰
245 4349 442 4410 quingentorum
451 4346 575 4410 pureum]
592 4349 679 4476 illelirgs
689 4349 806 4396 rideretur
816 4349 956 4410 qrsingentm
965 4355 1056 4405 paetus.

621 4433 641 4474 l)
