3082 4976
440 153 535 216 uns.
556 153 704 216 xxmx.
735 150 838 216 cur.
858 153 931 231 su.
1147 163 1213 225 *ssu

144 317 368 469 “iiii-'m'
384 317 536 404 poculum
550 319 707 385 estiensis.
738 317 817 384 ,Ηίο
832 317 907 384 ritae
921 318 1024 384 exitus
1035 311 1098 386 tuit
1116 309 1250 448 Heu-p.
1261 333 1358 448 {lg}

145 423 167 470 n
205 426 273 470 ess.
366 459 368 466 ,
1352 429 1361 448 ·

133 539 147 552 ,
190 491 269 556 LlI.
293 489 476 574 Scipionem
491 501 523 555 et
538 489 701 578 Polybius,
717 499 753 556 e‘t
763 487 789 530 ⁹⁸
802 488 943 554 Rutilius
956 488 1112 557 hocsnno
1126 505 1374 571 utor-snpientia.

143 588 238 642 tuum
267 570 422 642 scribunt.
466 575 539 664 Ego
564 595 668 662 usque
692 575 752 652 his,
782 575 923 662 ”neque
946 576 1077 642 Valerio
1100 571 1211 644 adsen-
1221 589 1269 635 ‹1110
1280 589 1346 622 ’Μ

144 662 228 727 nors
252 663 312 742 uu,
339 662 436 749 quos,
462 662 648 727 censorinus
676 662 725 728 ru.
748 662 874 740 Porus,
901 661 942 727 r..
957 662 1098 742 vuaso,
1124 644 1339 750 pun-mr·

147 749 251 834 cipem
281 761 408 815 senatus
437 747 540 834 ipsum
571 748 614 814 L.
630 747 794 814 Valerium
823 769 988 813 censorem
1017 749 1134 815 lectum
1164 753 1213 814 iu-

146 835 260 911 ueni03
284 833 398 921 ¹quum
429 833 646 918 superioribus
675 835 775 899 tribus
804 834 910 899 lustris
940 833 1110 902 Africanus
1138 837 1216 902 fuis*

146 933 214 984 set:
236 933 301 1007 quo
331 921 414 1002 vivo,
443 921 503 984 nisl
532 932 569 987 ut
597 920 650 985 ille
679 929 788 984 senatu
811 933 1003 1000 moveretur,
1030 943 1125 1024 quam
1155 942 1214 987 no-

134 1020 212 1088 ‚tsm
242 1018 337 1070 nemo
368 1005 531 1071 memeriae
567 1006 721 1092 prodidit,
753 1006 833 1072 elius
865 1007 1013 1091 princeps
1042 1027 1075 1072 ru
1106 1008 1213 1074 locum

148 1093 216 1178 ejus
246 1095 345 1156 lectus
375 1114 440 1156 nou
470 1106 558 1157 esset.
602 1093 791 1156 'Antiatem
821 1105 983 1158 auctorem
1012 1091 1128 1158 refellit
1156 1095 1213 1160 tri-

145 1177 253 1242 bunus
275 1177 377 1262 plebis
405 1177 454 1242 M.
471 1177 612 1255 Naevius,
639 1178 789 1243 adversus
814 1201 909 1264 quem
934 1180 1038 1244 oratio
1062 1181 1214 1267 inscripto

145 1261 184 1327 P.
203 1263 347 1330 Ai‘tioeui
368 1279 426 1330 cst.
472 1264 540 1329 Hic
567 1265 697 1329 Naevius
726 1265 759 1327 in
783 1265 1027 1353 magistratuum
1051 1265 1140 1332 libris
1165 1281 1213 1332 est

143 1349 292 1414 tribunus
320 1350 431 1434 plebis,
463 1349 501 1414 P.
528 1350 676 1427 Claudio,
709 1349 749 1414 L.
764 1351 897 1436 ⁸Porcio
925 1351 1124 1418 consulibus:
1157 1354 1213 1418 s'cd

141 1433 215 1500 iniit
252 1435 462 1516 tribunatum,
495 1436 560 1522 Ap.
587 1436 737 1514 Claudio,
765 1435 823 1501 M.
848 1437 1039 1522 Sempronio
1075 1441 1212 1504 consuli·
1302 1455 1305 1460 ’

142 1521 214 1600 bus,
230 1521 328 1587 ³ante
349 1523 433 1587 diem
447 1537 596 1608 quartum
622 1523 699 1587 Idus
721 1523 930 1602 Decembres.‘
950 1523 1025 1588 iude
1047 1537 1110 1590 tres
1124 1547 1212 1591 men·

143 1629 193 1672 ses
208 1608 248 1673 nd
271 1609 351 1674 Idus
373 1608 510 1673 Murtias
530 1621 622 1686 sunt;
646 1609 760 1696 quibus
781 1609 824 1677 P.
840 1609 1003 1688 Claudius,
1021 1610 1060 1675 L.
1078 1611 1213 1676 Porcius

143 1693 344 1760 consulatum
370 1693 520 1760 inierunt.
564 1693 639 1760 ⁴lts
663 1705 695 1760 et
719 1695 835 1760 viisisse
857 1695 890 1759 in
916 1696 1080 1762 tribunatu
1107 1697 1213 1762 Naerii

141 1779 281 1859 videtur,
308 1781 435 1866 diesque
456 1782 484 1844 ei
511 1780 574 1844 dici
597 1782 638 1846 ab
659 1803 699 1846 eo
727 1782 888 1866 potuisse3
909 1783 1077 1848 decessisse
1104 1797 1213 1850 eutem

142 1877 218 1940 ente
230 1867 269 1930 L.
281 1865 402 1932 Valerii
416 1880 449 1930 et
461 1865 511 1932 M.
524 1867 628 1932 Porcii
640 1886 816 1935 censuram.
839 1866 953 1932 Trium
965 1868 1213 1934 clarissimorum

140 1967 210 2017 suso
225 1953 378 2040 cujusque
392 1953 494 2038 gentis
508 1953 649 2021 virorum
665 1975 731 2018 non
750 1951 852 2040 magis
873 1965 1019 2039 tempore
1033 1976 1213 2044 congruen-

137 2050 177 2104 te
191 2039 413 2123 comparabilis
427 2059 514 2104 mors
529 2040 744 2116 videturesse,
760 2059 856 2126 quum
877 2041 964 2126 quod
985 2063 1081 2108 nemo
1101 2063 1213 2108 eornm

141 2125 218 2190 setis
232 2125 367 2212 dignum
388 2125 557 2212 splendore
577 2127 652 2192 vitoe
674 2127 796 2190 exitum
818 2125 940 2192 habuit.
983 2125 1057 2194 lam
1071 2129 1213 2214 primum

142 2231 255 2276 omnes
270 2229 336 2275 non
354 2213 388 2275 iu
434 2212 516 2276 strio
538 2211 607 2276 solo
628 2211 759 2288 mortui,
774 2231 834 2276 neo
856 2213 970 2296 sepulti
985 2226 1069 2278 sunt.
1092 2236 1213 2280 veneno

143 2297 283 2362 absumti
299 2231 466 2362 Heuuilsl
481 2303 512 2362 e't
529 2295 777 2382 Philopoemeu3
801 2297 894 2362 exsul
912 2298 1087 2376 Hannibal,
1103 2301 1213 2385 prodi-

143 2395 196 2448 tus
210 2383 252 2448 ub
266 2380 408 2469 hospite;
430 2395 544 2468 ceptus
561 2379 781 2467 Philopoemen
804 2385 837 2446 iu
859 2402 987 2448 carcero
1007 2396 1041 2451 et
1055 2383 1087 2448 ln
1104 2387 1213 2452 vincu-

142 2469 184 2534 lis
198 2469 380 2556 exspiravit.
426 2469 546 2554 Scipio,
564 2469 622 2534 etsi
640 2488 708 2532 non
728 2468 831 2544 *exsul
848 2489 951 2556 neque
965 2469 1146 2550 damnatus,
1162 2473 1215 2538 die

143 2567 253 2622 tumen
267 2556 363 2636 diota,
379 2553 420 2620 ed
434 2577 531 2640 quem
547 2575 612 2618 non
635 2554 779 2620 adfuerat
793 2575 874 2633 reus,
891 2555 1003 2622 absens
1016 2558 1142 2636 citatus,
1159 2581 1215 2624 vo-

141 2642 318 2794 lplptsrium
334 2657 399 2705 non
414 2642 540 2707 sibimet
559 2642 627 2728 ipse
641 2641 755 2723 solum,
770 2641 825 2706 sed
847 2642 940 2707 etism
956 2641 1059 2709 funeri
1073 2655 1143 2723 suo,
1158 2667 1215 2712 ex·
1250 2683 1254 2696 ·

143 2729 170 2793 s'
185 2729 252 2794 ‘um
266 2728 392 2793 indixit.

177 2879 473 2946 98⁰Rssts'iisss]1·lioille
487 2888 525 2931 est
542 2885 579 2930 vir
596 2897 664 2930 ssuo-
729 2888 743 2928 ἰ
760 2882 888 2928 Antiatem
901 2887 1020 2929 nectorem
1035 2884 1124 2943 rffelis‘t
1138 2886 1215 2932 tridu-

142 2949 243 2996 tissimis
261 2950 377 3007 moribus,
399 2963 468 3009 quern
487 2948 561 2996 toties
581 2950 664 2996 Cicero
695 2961 742 2993 suus
751 2943 992 3010 plebisMNoeuins]
1011 2949 1155 3008 Opinionem
1166 2951 1215 2996 Vs·

142 3014 308 3074 aliiqusmiris
320 3013 449 3076 predicent
462 3011 580 3062 lendibus.
613 3015 663 3060 ltu·
695 3009 1067 3074 leriiAntlstis,quiSoipionem
1078 3021 1216 3064 montetum

142 3079 370 3126 msusmhistorism
382 3081 649 3141 Greoeoomposuerst.
696 3077 770 3124 tuisse
789 3078 930 3125 memoravit
952 3091 966 3124 s
988 3078 1080 3124 duobus
1103 3079 1214 3139 Petilliis,

123 3145 127 3149 ’
177 3151 208 3194 99
225 3134 308 3208 Neque
329 3143 426 3190 Valerio
445 3140 574 3208 assentior]
606 3143 664 3191 Non
697 3143 782 3202 quinto
804 3147 860 3189 snte
881 3143 946 3188 huno
968 3155 1042 3201 suno,
1068 3141 1093 3189 id
1120 3145 1216 3204 refellit,

142 3209 254 3269 exprimit
266 3211 310 3256 hoc
322 3211 374 3256 loco
392 3209 483 3267 Livius,
495 3225 602 3270 quaeusru
614 3211 665 3256 ine·
697 3209 760 3267 qnod
778 3209 858 3264 iudex,
877 3207 936 3265 sive,
954 3213 981 3254 ut
1003 3219 1068 3254 nuno
1085 3209 1215 3270 loquimur,

124 3273 175 3340 “rit
192 3273 280 3322 Vslerii
295 3275 403 3322 Antistii
414 3279 542 3333 sententis,
556 3276 612 3336 quis
629 3275 664 3320 ui·
696 3273 783 3319 titulus
804 3273 920 3320 emtionis
941 3275 967 3320 P.
991 3269 1109 3344 Scipionis
1128 3287 1216 3323 nomen

126 3339 231 3404 ¹mitum
252 3354 303 3386 esm
326 3353 397 3400 suprs
416 3340 505 3387 retulit.
539 3337 663 3400 Quidquid
695 3337 768 3384 hubst
779 3339 814 3384 M.
831 3337 910 3385 Nevii
924 3337 1016 3384 tribuni
1032 3339 1115 3400 piebis.
1148 3341 1219 3388 Cete-

141 3405 208 3452 euim
225 3411 307 3452 noster
322 3405 434 3452 influel.
448 3403 592 3452 xxxv111.
609 3418 663 3452 usr-
695 3416 748 3448 rum
774 3404 860 3449 mirum
888 3403 961 3452 videri
989 3405 1065 3464 possit
1089 3409 1217 3466 tantopere

140 3471 205 3518 ussit
219 3469 248 3518 de
259 3471 409 3518 soeusstione
420 3470 662 3526 munumentum,
691 3475 760 3514 'nuno
782 3469 874 3514 credere
892 3468 986 3514 Livium
1009 3469 1113 3516 orutiuni
1134 3471 1169 3518 illi
1189 3475 1216 3520 P.

141 3535 218 3596 doque
229 3536 258 3582 iis
271 3551 323 3596 que
334 3535 444 3598 deinceps
456 3541 537 3582 'secute
551 3540 617 3594 sunt,
626 3533 661 3580 ni·
696 3532 822 3592 Scipionis,
841 3543 915 3594 quum
933 3534 949 3580 l.
964 3528 1114 3580 XXXVIII.
1133 3547 1153 3582 o.
1175 3542 1216 3586 56.

134 3599 203 3647 'titur
224 3601 365 3648 sncteritete
386 3597 474 3646 Valerii
495 3601 612 3658 Antiatis,
635 3603 664 3646 nt
696 3595 798 3655 dubitet,
812 3609 842 3644 en
853 3590 896 3644 ilis
905 3608 985 3646 reuera
996 3599 1070 3660 ipsius
1079 3600 1118 3648 sit.

118 3661 123 3670 ⁴
138 3667 238 3714 'constat
246 3667 278 3713 'ex
295 3669 316 3712 c.
329 3660 369 3712 50.
380 3662 433 3712 libri
443 3663 515 3712 modo
532 3665 662 3712 memorati·
727 3669 742 3709 3
759 3666 826 3710 Arete
842 3663 904 3708 diem
921 3669 1034 3724 quartum
1045 3665 1105 3712 Idus
1115 3664 1217 3715 Decem·

140 3731 251 3778 Valerius
286 3731 360 3794 igitur
394 3730 494 3777 credidit
529 3730 663 3792 Scipionem
696 3723 757 3787 lires]
768 3729 806 3774 Eo
814 3727 877 3775 onitu
887 3727 956 3774 dicet
964 3729 1132 3788 primitribuni
1141 3731 1217 3792 plebis

139 3801 263 3860 mortuum
280 3804 330 3852 esse
349 3793 385 3841 M.
401 3791 508 3852 AEmilics,
530 3794 559 3842 C.
574 3795 664 3842 Flumi-
692 3793 767 3839 'oresti
778 3793 881 3848 luerunt,
892 3797 917 3840 et
934 3800 1018 3853 postes
1031 3797 1217 3857 imperiorum

143 3861 186 3910 nio
202 3856 352 3910 oonsulibus:
372 3859 486 3922 Polybius
506 3864 531 3906 et
544 3859 662 3918 Rutilius,
697 3869 841 3905 successures
853 3859 1018 3914 magistratum
1029 3861 1144 3908 inierunt.

160 3927 308 3987 dinquenuio
327 3926 416 3986 serius.
427 3926 473 3972 hoo
488 3939 572 3987 nempe
592 3939 662 3972 suno.
688 3941 690 3946 ·
728 3923 938 3970 tlsoesotstsss
956 3925 983 3970 sis
996 3925 1122 3972 itidemst
1133 3925 1217 3974 Nleuii

141 3943 241 4042 Meuius
248 3989 381 4040 ‘ementitur
392 3991 481 4037 Livius.
695 3987 789 4034 uidetur
800 4019 807 4032 .
819 4019 826 4032 .
838 3987 963 4036 decessisse
973 3996 1053 4036 autern
1064 3987 1156 4038 intel.
1166 3990 1218 4040 Vs·

179 4065 189 4103 1
211 4059 290 4114 Quum
300 4055 462 4118 superioribus
473 4054 550 4102 triluce
568 4050 663 4116 lustris]
696 4053 753 4099 lerii
763 4057 787 4098 et
801 4052 838 4100 Μ.
851 4053 937 4101 Porcii
946 4049 1083 4117 ommium]
1093 4051 1152 4103 'Nou
1161 4056 1217 4104 lon·

141 4117 207 4172 Olim
227 4119 350 4184 legebatur
366 4121 461 4169 duobus.
495 4119 607 4181 Sigonius
627 4134 663 4165 ts·
696 4131 725 4178 ge
739 4117 790 4165 ubit
806 4119 836 4165 nb
854 4120 899 4167 heo
916 4121 1029 4180 opinione
1045 4115 1136 4175 Cicero,
1153 4123 1217 4184 epnd

142 4187 225 4252 posuit
237 4187 314 4235 troius
330 4203 358 4236 ex
374 4185 515 4234 auotoritsie
533 4185 539 4231 i
558 4185 606 4242 slus
624 4183 664 4230 Li·
696 4195 767 4242 quem
786 4186 848 4232 Ceto
864 4185 890 4230 in
907 4185 970 4231 Diei.
986 4186 1014 4231 de
1025 4183 1080 4232 Seu.
1091 4191 1117 4232 u.
1132 4191 1171 4235 19.
1188 4188 1217 4234 de

143 4255 188 4310 vii,
199 4253 214 4300 l.
226 4253 345 4302 XXXIV.
363 4267 383 4298 o.
396 4253 501 4300 ts.st1.
515 4201 661 4298 xltxvnu
696 4247 806 4309 Scipione
817 4249 931 4297 Airiosuo
941 4250 1013 4297 dicit:
1032 4249 1094 4298 nesti
1109 4256 1165 4300 diste
1178 4263 1218 4302 stre

141 4335 162 4365 c.
176 4325 216 4366 98.
696 4319 817 4362 mortim
828 4320 936 4362 morinus
948 4319 990 4363 iti.
