3104 4976
362 201 418 258 1⁰0
743 195 855 256 'rlTl
883 191 1019 258 LlVll

198 374 450 448 memsmparte
476 359 663 438 militabunt,
688 358 896 448 octingentos.
941 357 1008 426 His
1034 359 1138 426 additi
1164 361 1285 442 Boeoti,
1316 359 1421 430 Thes·

198 443 268 490 Ν
282 447 337 492 ¹⁹⁷⁴
361 449 491 536 salique,
513 461 545 513 et
559 448 742 512 Acarnanes
755 445 861 526 mille,
876 447 989 512 scutati
1010 470 1130 528 omnes,
1153 464 1186 514 et
1209 472 1251 514 ex
1274 451 1417 536 ipsorum

363 535 601 604 Corinthiorum
614 535 792 619 juventute,
804 533 922 618 inpleta
943 549 979 598 ut
998 548 1102 600 essent
1116 558 1172 600 sex
1194 535 1295 601 millia
1315 559 1420 602 arma·

361 635 476 697 torum,
512 619 659 684 fiduciam
688 619 905 684 Androstheni
941 619 1082 685 feceruut
1117 622 1184 686 acie
1218 621 1421 688 decernendi.

359 707 594 772 “Nicostratus
606 719 727 791 praetor
741 705 935 770 Achaeorum
956 707 1091 793 Sicyone
1112 720 1178 772 erat
1199 731 1273 774 cum
1294 708 1422 776 duobus

360 793 499 858 millibus
514 793 812 879 peditum,centu1u
831 790 1000 878 equitibus.
1021 792 1087 868 sed,
1104 793 1246 880 inparem
1265 819 1299 860 se
1312 810 1345 860 et
1358 818 1421 860 uu-

361 902 450 946 mero
468 893 501 944 et
520 901 637 966 genere
657 878 794 942 militum
817 899 960 959 cerneus,
975 879 1133 944 uroenibus
1154 903 1218 944 uon
1241 881 1422 948 excedebat.

361 965 474 1050 Regiae
494 966 597 1051 copiae
619 964 762 1050 peditum
787 963 991 1051 equitumque
1015 987 1106 1052 vagae
1131 966 1360 1046 Pellenensem,
1390 982 1423 1034 et

362 1051 552 1134 Phliasium,
571 1065 604 1116 et
619 1051 803 1116 Cleonaeum
825 1072 948 1136 agrum,
964 1051 1251 1138 depopulabantur.
1296 1055 1425 1120 Postre-

359 1159 424 1217 mo,
441 1138 667 1224 exprobrantes
689 1151 807 1201 metum
829 1135 922 1214 hosti,
939 1137 971 1201 in
987 1137 1066 1202 fines
1082 1139 1302 1226 Sicyoniorum
1318 1153 1422 1206 trans-

360 1225 569 1291 seeudebant:
585 1224 718 1288 navibus
729 1224 823 1288 etiem
835 1224 1038 1288 circumvecti
1049 1246 1176 1290 omnem
1187 1249 1274 1290 oram
1288 1226 1423 1292 Achaiae

359 1312 536 1378 vastabunt.
581 1309 693 1387 Quum
710 1309 743 1374 id
758 1309 888 1374 effusius
907 1308 1022 1388 hostes,
1038 1323 1081 1391 et,
1097 1327 1131 1376 ut
1153 1312 1191 1376 fit
1208 1312 1250 1377 ab
1269 1313 1370 1380 nimia
1383 1317 1422 1378 li-

360 1397 465 1480 ducia,
485 1397 702 1498 neglegentius
720 1396 814 1460 etiam
834 1394 981 1474 facerent,
1004 1395 1213 1475 Nicostratus,
1234 1422 1321 1485 spem
1346 1423 1422 1467 nac·

361 1497 411 1552 tus
433 1497 658 1570 necopinantes
681 1505 734 1547 eos
759 1481 976 1570 adgrediendi,
998 1483 1084 1548 circa
1108 1483 1258 1550 finitimas
1279 1488 1423 1553 civitates

359 1573 512 1636 nuncium
541 1569 701 1634 occultum
731 1569 838 1646 mittit,
868 1591 932 1655 quo
960 1568 1023 1646 die,
1052 1583 1085 1633 et
1108 1584 1195 1656 quot,
1226 1594 1265 1636 ex
1294 1597 1422 1661 quaque
1464 1637 1471 1648 ,

359 1658 486 1724 civitate
504 1657 619 1722 armati
641 1655 682 1720 ad
703 1655 899 1740 Apelaurum
923 1655 1144 1742 (Stymphaliae
1166 1671 1261 1722 terrae
1282 1659 1308 1724 is
1329 1659 1423 1726 locus

359 1746 419 1827 est)
434 1743 649 1810 convenirent.
694 1740 852 1804 Omnibus
873 1741 913 1804 ad
938 1740 1022 1806 diem
1044 1742 1180 1808 edictam
1200 1747 1329 1829 paratis,
1343 1769 1421 1834 pro-

358 1831 458 1896 fectus
479 1829 557 1894 intle'
573 1827 744 1912 extemplo,
759 1849 818 1910 per
833 1825 1043 1891 Phliasiorum
1062 1828 1142 1894 lines
1161 1844 1255 1896 noete
1270 1832 1423 1912 Cleonas,

359 1917 467 1984 insciis
478 1914 638 1994 omnibus,
649 1911 725 1998 quid
735 1927 871 1996 pararet,
886 1914 1041 1998 pervenit.
1069 1914 1284 1982 Erautautem
1297 1941 1370 1984 cum
1384 1941 1425 1986 eo

309 2020 313 2028 ‘
359 2002 500 2087 quinque
513 1999 613 2064 millia
625 1999 779 2084 peditum,
795 1997 868 2063 ⁶⁵ex
884 1999 998 2084 quibus
1017 2015 1187 2066 armaturae
1207 2002 1294 2084 levis,
1309 2019 1341 2072 et
1356 2021 1423 2072 tre·

246 2153 250 2168 ,
358 2090 443 2152 ceuti
468 2086 598 2173 equites,
626 2107 700 2152 cum
728 2084 767 2148 iis
794 2084 894 2169 copiis
922 2085 1060 2164 dimissi,
1078 2088 1134 2173 qui
1162 2091 1421 2174 specularentur:

358 2195 453 2259 quarn
470 2175 503 2237 in
518 2185 639 2256 partem
655 2169 760 2256 hostes
774 2170 972 2236 effunderent
986 2195 1062 2252 sese,
1077 2175 1334 2260 opperiebantur.

401 2259 476 2324 XV.
499 2256 752 2339 Androsthenes,
765 2258 907 2322 omnium
922 2257 1061 2359 ignarus,
1078 2261 1235 2326 Corintho
1248 2265 1424 2348 proiectus,

357 2345 399 2410 ad
415 2345 570 2410 Nemeam
597 2344 712 2429 (amnis
731 2361 778 2409 est
794 2343 997 2408 Corinthium
1016 2361 1047 2410 et
1071 2347 1252 2432 Sicyonium
1277 2350 1425 2419 interflu-

358 2453 413 2498 eus
435 2435 561 2521 agrum)
579 2445 683 2496 castra
705 2430 799 2496 locat.
842 2431 1028 2515 ⁶⁶1biparte
1047 2433 1176 2498 dimidia
1192 2437 1351 2502 exercitus
1371 2440 1424 2504 di-

357 2519 462 2599 missa,
477 2517 639 2582 dimidiam
663 2515 816 2582 trifariam
841 2517 958 2594 divisit,
977 2533 1010 2582 et
1028 2540 1138 2584 omnes
1157 2524 1277 2606 equites
1297 2525 1424 2592 discur-

358 2625 429 2673 rere
450 2604 492 2670 atl
506 2602 743 2690 depopulandos
763 2603 856 2668 simul
871 2601 1156 2670 ‘'Pellenensiuml’
1172 2608 1355 2694 Sicyonium
1384 2637 1426 2678 ue

356 2714 463 2780 agros,
478 2704 509 2756 et
525 2690 712 2767 Phliasium,
722 2688 826 2775 jubet.
871 2689 957 2755 Hsec
979 2690 1040 2756 tria
1061 2691 1185 2758 diversa
1202 2697 1332 2778 agmina
1354 2636 1424 2764 lis-

356 2800 485 2844 cessere.
508 2777 594 2864 quod
619 2777 675 2840 ubi
702 2775 839 2840 Cleonas
866 2775 908 2840 ad
931 2775 1150 2842 Nicostratum
1174 2781 1331 2864 perlatum
1359 2802 1422 2864 est,

356 2865 520 2951 extemplo
545 2863 680 2930 validam
709 2861 975 2927 mercenariorum
1004 2885 1134 2928 manum
1158 2869 1353 2949 praemissam
1377 2873 1424 2938 ad

356 2951 578 3038 occupandum
599 2950 724 3025 saltum,
741 2969 906 3034 perquem
929 2950 1078 3014 transitus
1099 2951 1131 3014 in
1148 2953 1355 3022 Corinthium
1374 2974 1427 3026 est

356 3061 480 3126 agrum,
496 3049 570 3103 ante
584 3036 674 3122 signa
687 3033 846 3120 equitibus
864 3048 901 3098 ut
914 3035 1201 3122 praegredereutur,
1215 3040 1335 3120 locatis,
1352 3045 1427 3132 ipse

753 3223 937 3274 redeam
949 3221 1018 3274 Cres.

388 3399 420 3444 64
437 3393 591 3442 Nicoatrutee
608 3389 710 3456 pretor]
742 3393 797 3440 Hoc
817 3393 871 3440 loeo
935 3398 968 3442 σθ
984 3392 1025 3442 itt
1038 3401 1109 3456 parte
1124 3397 1228 3444 dimidia
1243 3399 1365 3446 matus
1380 3401 1426 3450 ἀι·-

354 3459 453 3508 unicum
481 3460 599 3520 exemplar
620 3457 704 3506 habuit
726 3457 869 3509 rucuma:
902 3456 990 3524 musa]
1005 3459 1132 3512 Quodnam
1144 3463 1189 3509 erit
1200 3477 1255 3525 ergo
1265 3465 1426 3526 castusproe.

355 3526 396 3572 sed
407 3524 479 3586 paulo
489 3523 561 3581 infra,
571 3524 613 3571 uhi
624 3537 704 3571 rursus
714 3524 776 3572 idem
784 3525 871 3572 Ache·
901 3525 999 3584 sidium,
1019 3527 1040 3572 si
1058 3518 1155 3574 dimidia
1173 3541 1227 3588 pars
1244 3530 1361 3576 exercitus
1380 3533 1424 3578 di·

354 3604 423 3638 oruru
435 3593 523 3652 pretor
533 3589 680 3647 nominatur,
690 3590 784 3638 exhibet
795 3605 868 3638 mem-
900 3591 1014 3644 mittitur.
1031 3592 1128 3639 dimidia
1144 3593 1258 3640 trifariam
1278 3595 1355 3641 divisa
1373 3611 1425 3656 po·

353 3653 429 3702 brana
446 3655 615 3711 Monstrum,-
645 3659 673 3701 ut
692 3661 718 3706 et
736 3657 867 3718 appellatus
898 3657 996 3718 puletur
1006 3658 1210 3720 agroshostium?
1229 3661 1321 3706 Partem
1333 3665 1423 3710 umen

353 3718 623 3782 estlibrosuperiorac.
635 3727 676 3770 89.
899 3722 1003 3782 aliquam
1025 3724 1164 3770 mmanrisse
1182 3725 1209 3770 iu
1228 3726 1310 3772 cestris
1329 3740 1358 3772 ex
1378 3741 1423 3776 ee-

387 3789 418 3834 ss
435 3785 479 3832 Ee
490 3786 867 3846 quihumnuturaelerieettre·
899 3787 1028 3848 questibus
1037 3793 1112 3850 patet.
1138 3789 1424 3851 Surpicamurexcidisee

353 3851 418 3898 senti
433 3845 533 3914 equites]
565 3852 733 3900 Felicissimaru
749 3853 866 3899 Perizoaii
898 3852 938 3898 hic
960 3867 1035 3900 uuam
1055 3859 1098 3900 aut
1116 3855 1215 3901 alteram
1232 3869 1324 3913 rooem,
1343 3857 1423 3916 cujus

352 3917 512 3976 conjecturem
537 3919 710 3979 amplectimur,
733 3918 774 3978 qui
799 3921 865 3964 ratus
897 3917 1423 3980 loooseiolmaliquiaiatruseriteids'ees‘e-

352 3983 432 4034 deuse
450 3981 490 4028 hic
507 3996 632 4034 numerum
653 3985 712 4031 levis
731 3987 865 4041 armature,
896 3997 933 4031 ee.
966 3983 1053 4030 meus
1075 3985 1200 4032 manifesta
1218 3987 1312 4048 flagita
1330 4001 1422 4036 emere

351 4051 430 4096 uetere
451 4047 485 4094 sic
511 4049 621 4112 refingit:
647 4049 731 4097 Erum
758 4064 812 4096 eum
839 4063 864 4094 eo
896 4049 1278 4112 retentu,relaliudquidsimile.

350 4115 454 4178 qumque
463 4111 552 4172 uuita,
562 4131 592 4164 ee
601 4115 686 4178 qrrt'bor
697 4148 703 4162 .
716 4147 724 4163 .
734 4119 864 4160 amoime
928 4117 960 4164 67
972 4113 1131 4162 Pellenensem
1138 4118 1322 4180 Sicyoniumque
1329 4115 1425 4186 egros]

347 4179 419 4238 leot'e,
426 4185 450 4226 et
457 4180 556 4228 trecenti
563 4182 661 4244 equites.
678 4180 774 4226 Camila
780 4181 865 4238 copiis,
896 4175 1049 4226 Recentiores
1060 4182 1118 4228 aditi
1128 4183 1213 4230 vitiose
1224 4183 1344 4230 habehant
1353 4183 1423 4232 Pet-

348 4243 456 4292 elt'mr'eee'r
473 4245 721 4308 prepararentur,
744 4257 815 4304 quum
837 4245 863 4290 in
895 4242 1040 4291 kumtom:
1073 4245 1144 4306 idque
1175 4245 1328 4310 displicuerat
1357 4250 1421 4298 lac.

345 4318 442 4423 mem
451 4309 863 4372 horteeeffuutiereuteese,opperie·
895 4306 1026 4419 panario.
1061 4309 1209 4362 mmxtmus
1228 4328 1260 4362 ex
1273 4314 1425 4364 vetustiori·

420 4407 429 4426 ,
911 4387 947 4424 ue.
