3126 4978
427 205 521 281 utu.
542 204 670 274 XXXV.
696 212 799 272 CAP.
820 212 954 286 xxxu.
1161 164 1220 282 sit

160 377 250 446 nidus
261 387 370 444 rosum
383 397 516 464 ceraque
528 379 602 456 sint,
623 377 662 444 Τ.
678 377 822 452 Quinctio
836 383 867 442 et
880 376 999 460 popeto
1014 375 1219 445 mmmm-
1229 397 1261 446 υ.
1270 395 1298 444 o.
1309 397 1365 444 seo.

150 465 240 531 dere.
284 465 571 550 Nihiiquemquom
592 465 632 528 ab
646 465 725 529 Diis
747 461 960 528 inmortalibus
978 465 1107 546 praemi
1118 461 1297 548 posse,⁸·⁰·
1312 466 1365 512 ¹⁹²·

160 553 243 638 quod
254 573 316 615 uon
331 551 496 636 Magnetes
508 551 548 614 ab
562 551 626 615 tute
636 549 798 623 inderem,-
822 558 852 613 et
866 552 901 613 in
913 571 1044 633 corpora
1061 571 1117 615 sua
1131 553 1222 616 eitius

151 659 216 721 per
226 639 371 721 fluorem
394 639 562 718 servituros,
576 658 666 722 qrmm
687 645 722 700 ut
735 637 907 700 Romanam
932 638 1102 702 amicitiam
1123 638 1220 705 riolo-

170 873 171 882 ,
207 808 366 874 ΧΧΧΠ.
390 807 498 894 Hujus
517 809 693 873 orationem
715 806 890 873 subsecutos
911 806 1123 874 multitudiuis
1147 831 1221 894 prc-

160 916 213 960 ces
241 911 324 961 sunt.
368 893 568 980 Eurylochus
596 915 638 958 ex
663 893 799 958 concilio
826 894 992 960 itineribus
1020 895 1152 960 occultis
1181 896 1221 980 ad

160 993 297 1066 portam,
327 993 423 1067 atque
450 980 526 1045 inde
550 981 694 1065 protinus
718 980 752 1044 in
773 979 926 1046 AEtoliam
950 980 1104 1070 profugit.
1147 981 1220 1047 Jam

159 1069 259 1146 enim,
276 1081 310 1132 et
334 1065 368 1130 id
385 1067 491 1154 magis
512 1067 546 1130 in
570 1066 648 1144 dies,
673 1065 777 1130 AEtoli
802 1065 1010 1132 defectionem
1038 1067 1354 1134 nudabuntsssmnss-

161 1174 266 1239 eoque
285 1152 355 1238 ipso
382 1152 464 1218 forte
491 1164 634 1238 tempore
648 1151 790 1229 ⁸Thoas,
812 1153 959 1238 princeps
988 1155 1103 1254 gentis,
1126 1151 1355 1242 quemtsestom

161 1239 370 1304 miserautsd
384 1238 587 1318 Antiochum,
603 1237 748 1316 redierat,
760 1239 894 1326 indeque
908 1238 1098 1324 Menippum
1114 1235 1220 1306 seo'um
1230 1217 1329 1314 posent

163 1326 352 1404 adduxerat,
376 1328 458 1414 regis
482 1327 631 1413 legatum.
671 1325 750 1401 Qui,
776 1325 958 1412 priusquam
987 1326 1155 1392 concilium
1184 1328 1222 1392 iis
1250 1373 1252 1380 -

162 1413 301 1492 deretur,
332 1411 529 1496 inpleverant
555 1412 699 1476 omnium
727 1433 819 1476 sures
846 1424 1008 1477 terrestres
1037 1412 1223 1500 navalesque
1279 1425 1282 1435 '

164 1499 270 1584 copias
288 1497 585 1574 commemorsnd03
617 1501 767 1584 ingentem
789 1499 849 1564 rim
868 1500 1009 1581 peditum
1033 1502 1223 1585 equitumque

160 1588 287 1654 venire.-
314 1607 353 1650 eu
376 1586 474 1649 India
498 1587 693 1668 ekphnutms
723 1585 836 1648 ⁹ante·
856 1586 959 1648 omnin
981 1589 1059 1670 (quo
1084 1587 1222 1651 maxime

161 1671 283 1736 moveri
297 1670 470 1736 credebant
490 1669 700 1745 multitudinis
718 1670 853 1752 animos)
874 1680 991 1735 tantum
1006 1673 1118 1737 advehi
1137 1674 1219 1748 nuri,

157 1767 198 1822 'ut
217 1760 298 1842 ipsos
321 1779 419 1822 nuere
437 1757 592 1830 Romnnm
609 1758 719 1841 possit.
764 1756 955 1841 Adparebst‚
970 1756 1048 1843 quid
1068 1779 1105 1839 es
1119 1757 1221 1822 oratio

163 1845 197 1912 in
220 1844 356 1908 concilio
377 1856 503 1909 motura
524 1855 615 1908 esset.
636 1863 711 1908 num
727 1852 760 1906 et
774 1843 895 1908 venisse
916 1865 979 1920 eos,
994 1855 1037 1922 et,
1052 1865 1125 1930 quas
1146 1867 1221 1930 nge·

163 1942 245 2008 tent,
268 1932 375 1994 omnis
392 1929 546 1998 Romame
569 1929 680 2016 legatis
705 1926 942 1995 deferebantur:
965 1944 1008 2006 et,
1030 1951 1220 2032 quamquem
1266 1935 1267 1938 ’

143 2037 264 2102 ςρτορο
275 2017 398 2081 abscisa
410 2037 460 2080 res
473 2028 549 2094 erat,
565 2028 669 2081 tamen
691 2036 755 2080 non
769 2014 811 2081 sb
825 2037 860 2080 re
874 2037 940 2080 esse
954 2016 1106 2086 Quinctio
1120 2039 1220 2082 vrsunr

162 2115 219 2180 est,
240 2103 396 2168 sociorum
419 2103 540 2189 sliquos
566 2105 684 2184 legatos
710 2103 858 2168 interesse
875 2102 906 2166 ei
927 2103 1072 2182 concilio,
1087 2103 1143 2189 qui
1164 2103 1222 2169 ad·

163 2201 329 2254 monerent
356 2189 511 2255 Romanus
533 2189 687 2254 societatis
713 2187 850 2265 AEtolou
874 2188 929 2276 qui
957 2211 1066 2256 vocem
1089 2189 1221 2256 liberem

162 2275 289 2340 mittere
302 2277 449 2342 adversus
464 2275 546 2363 regis
559 2274 697 2359 legatum
720 2274 882 2340 cuderent.
927 2274 1135 2341 Athenienses
1155 2298 1222 2340 ms·

165 2361 253 2426 xime
277 2364 310 2426 in
336 2385 406 2426 enm
430 2383 497 2426 rem
523 2360 629 2426 idonei
650 2361 708 2424 visi
731 2373 813 2438 sunt,
830 2361 855 2400 ¹⁰
863 2373 994 2446 propter
1018 2365 1068 2426 et‘
1086 2362 1222 2428 civitatis

162 2446 362 2535 dignitatem,
392 2461 424 2512 et
451 2460 605 2514 vetustam
640 2445 820 2512 societatem
853 2469 925 2512 cum
952 2447 1081 2514 AEtolis.
1112 2448 1154 2513 ab
1183 2448 1221 2513 iis

160 2534 329 2604 Quinctius
349 2534 448 2619 petiit,
463 2547 499 2601 ut
520 2534 640 2621 legatos
659 2533 700 2600 ad
722 2533 949 2600 Panaetolicum
964 2535 1132 2600 concilium
1147 2535 1365 2612 mit-comittunt

50 2631 59 2643 ‘
160 2631 272 2686 terent.
317 2621 426 2686 Thoas
449 2621 571 2706 primus
592 2620 626 2684 in
648 2642 686 2685 eo
709 2621 845 2686 concilio
868 2622 1066 2688 renunciavit
1090 2617 1355 2710 legatio'turtui·

158 2726 246 2772 nem.
301 2705 475 2794 Menippus
503 2717 577 2792 post
607 2727 679 2772 eum
701 2705 920 2787 intromissus,
947 2711 1099 2792 Optimum
1117 2695 1292 2793 finirem·

161 2793 307 2869 omnihus,
323 2795 549 2878 quiGraeciam
571 2795 735 2877 Asiamque
758 2795 934 2869 incolerent,
951 2794 1003 2870 ait,
1026 2797 1154 2878 integris
1174 2817 1222 2858 re-

162 2879 217 2944 bus
230 2881 377 2964 Philippi
385 2881 520 2964 potuisse
530 2879 715 2944 interuenire
724 2879 926 2943 Antiochum:
948 2901 1004 2944 sua
1015 2881 1224 2964 quemqueha-

163 2965 411 3050 biturumflrisse‚
426 2987 522 3050 neque
534 2967 636 3029 omnia
650 2966 704 3030 sud
717 2973 821 3030 nutum
835 2967 1038 3049 ditionemque
1053 2966 1225 3030 Romanam

152 3062 358 3136 peromnem.
402 3053 494 3116 Nune
504 3073 629 3138 quoque,
639 3051 752 3136 inquit,
762 3054 791 3116 si
804 3055 891 3116 modo
901 3073 962 3128 uos,
972 3074 1036 3136 que
1047 3053 1222 3129 inchoastis,

154 3139 295 3203 consiliu
302 3149 476 3203 constanter
483 3140 655 3221 perducitis
668 3141 713 3202 ed
724 3140 846 3216 snitum,
856 3140 986 3222 poterit,
1000 3139 1077 3204 Diis
1079 3138 1224 3223 juvanti-

62 3269 64 3273 ,
158 3225 225 3301 hut,
234 3234 265 3289 et
273 3226 392 3289 AEtoiis
404 3227 504 3302 sociis,
515 3225 684 3294 Antiochus
697 3227 834 3309 quumvis
848 3227 1015 3290 inclinatus
1028 3225 1162 3290 Graeciae
1174 3247 1225 3292 res

161 3313 321 3376 restituere
332 3309 367 3375 in
374 3313 543 3394 pristinam
551 3312 743 3396 dignitatem.
786 3313 838 3376 Eu
850 3321 949 3376 autem
964 3313 999 3375 in
1012 3312 1155 3396 libertate
1163 3335 1224 3396 po·

164 3401 229 3462 sita
243 3407 296 3474 est,
310 3418 378 3482 quae
391 3400 454 3462 suis
467 3407 531 3462 stat
549 3398 673 3474 uiribus,
690 3419 750 3462 non
765 3420 803 3461 en
823 3400 925 3462 alieno
948 3398 1081 3462 arbitrio
1096 3403 1223 3482 pendet.

162 3481 386 3562 Athenienses,
416 3483 529 3570 quibus
557 3483 678 3568 primis,
705 3495 778 3568 post
803 3483 922 3572 regiam
947 3483 1158 3572 legationem*
1174 3486 1223 3560 di·

162 3569 266 3646 cendi,
281 3593 354 3656 quae
368 3569 495 3644 vellent,
510 3581 649 3654 potestas
674 3568 755 3635 facta
774 3583 832 3650 est,
848 3570 1007 3637 mentione
1031 3573 1120 3636 omni
1141 3575 1224 3662 regis

162 3656 384 3744 pretermissa,
407 3656 563 3720 Romanae
584 3656 740 3746 societatis
754 3655 892 3735 AEtolos,
918 3659 1167 3746 meritorumque
1188 3661 1223 3724 in

420 3797 432 3824 ⁸
443 3761 478 3842 sd
487 3793 561 3839 Gran.
570 3793 637 3839 cm.
732 3783 776 3839 iet
781 3799 879 3855 prmter
889 3795 964 3843 Gron.

166 3936 173 3960 τ
197 3929 218 3969 ⁸1
231 3923 327 3971 Thas-
340 3925 570 3985 ..murmurant
584 3923 677 3970 addu-
708 3924 965 3976 summitatemovsret
975 3941 1061 3988 regem
1173 3939 1177 3972 τ

164 3985 282 4050 tieem}
300 3989 391 4050 Supte,
413 4004 435 4036 c·
458 3996 495 4036 ln.
517 3989 677 4036 Dicaenrcltru
740 3991 815 4038 sAct
834 3986 926 4055 mnia]
950 3993 1037 4040 Preter
1062 3993 1112 4040 hee
1133 3992 1222 4040 omnin.

155 4054 243 4112 fider
256 4055 380 4116 proteris,
398 4055 422 4101 id
441 4060 487 4113 est,
498 4054 627 4112 Thomtis,
645 4055 678 4100 nd
708 4055 817 4102 Forsitan
834 4063 913 4104 tamen
930 4057 983 4117 quis
994 4059 1072 4115 malit,
1089 4058 1152 4117 quod
1162 4056 1222 4104 editi

162 4119 410 4167 antummum
424 4133 476 4167 esre
496 4120 592 4178 dicitnr,
610 4120 676 4166 nutis
707 4119 802 4180 quidum
814 4121 913 4179 hamat,
923 4125 1075 4170 retemta.

163 4183 228 4230 true
246 4185 364 4232 Thomu·
380 4186 454 4246 ipsios
469 4185 597 4234 mmtions.
629 4186 675 4232 Sed
742 4190 772 4232 1⁰
788 4185 1223 4248 Propteretoieitatieivmgouonc

164 4247 347 4311 multimodum
365 4257 411 4307 eat,
426 4257 451 4297 et
469 4251 676 4312 ipsomsoircnm·
708 4257 732 4297 et
738 4258 847 4312 propter.
879 4252 1148 4299 Norrertitnimuseum
1158 4251 1222 4296 ordi·

163 4317 217 4362 aeto
227 4315 380 4376 urguentur
396 4316 471 4364 muni
487 4317 574 4377 spurio,
584 4317 615 4362 sd
625 4318 677 4364 An»
709 4330 762 4372 usur
781 4317 925 4374 vocularum,
945 4317 986 4375 qui
1003 4317 1103 4364 habetur
1121 4316 1147 4360 in
1157 4313 1222 4363 vtes.

161 4380 269 4428 tiochum
294 4381 426 4442 protectum
450 4395 510 4440 ests,
537 4388 566 4429 ut
588 4381 677 4440 artiore
707 4383 760 4428 cod.
771 4387 796 4428 et
804 4383 830 4428 in
842 4381 924 4442 priscis
935 4381 1013 4429 editis.
