3082 4976
552 423 611 524 T.
661 421 866 526 LIVII
916 423 1304 529 PATAV1N1

746 663 953 747 ursan
991 663 1088 747 xn.

824 859 1019 908 —ao-

219 1025 287 1075 uc.
300 1033 357 1076 ⁶70·
382 997 635 1088 PRINCIPIO
649 1022 844 1109 insequentis
858 1021 1094 1088 anni'consules
1115 1035 1328 1110 praetoresque
1340 1020 1423 1087 sortiti

195 1155 198 1162 ,
219 1095 250 1138 Α·
262 1092 290 1141 ⁰·
302 1100 355 1139 ¹⁸²·
380 1109 560 1196 provincias
579 1121 664 1173 sunt.
687 1109 880 1186 consulibus,
897 1108 995 1186 nulla,
1010 1125 1129 1194 praeter
1143 1110 1183 1176 L·
1211 1132 1292 1190 ures,
1306 1131 1372 1196 que
1385 1109 1424 1171 de·

218 1211 265 1258 cn.
277 1210 370 1288 nanto,
380 1208 573 1270 cerneretur,
588 1208 666 1259 erat.
710 1196 896 1260 Iurisdictio
913 1196 1034 1260 urbana
1049 1195 1100 1260 M.
1117 1133 1258 1284 Ogdlnio
1274 1195 1375 1271 Gallo,
1388 1196 1424 1256 iu·

218 1275 353 1386 &punto
380 1294 429 1351 ter
449 1282 636 1366 peregrinos
653 1281 703 1346 M.
719 1281 850 1346 Valerio
871 1280 994 1357 evenit3
1018 1282 1251 1366 Hispaniarum
1273 1282 1317 1359 Q.
1333 1279 1425 1346 Fulvio

216 1373 355 1456 mim
381 1368 498 1434 Flacco
515 1368 654 1446 citerior,
671 1367 709 1432 P.
726 1366 856 1433 Manlio
876 1367 1017 1445 ulterior,
1033 1368 1074 1440 L.
1087 1368 1219 1434 Caecilio
1232 1367 1349 1434 Dentri
1363 1367 1425 1432 Sici·

378 1455 432 1532 lia,
450 1455 652 1520 &Terentio
675 1455 768 1520 Istrae
791 1453 949 1520 Sardinia.
993 1453 1148 1520 Consules
1168 1454 1310 1521 delectus
1329 1452 1425 1518 babere

375 1541 465 1628 jussi.
511 1541 556 1618 Q.
570 1540 688 1606 Fabius
708 1563 749 1605 ex
767 1539 943 1626 Liguribus
964 1543 1142 1625 scripserat,
1159 1544 1314 1627 Apuanos
1334 1540 1371 1605 ad
1388 1561 1425 1602 re·

380 1628 560 1694 bellionem.
584 1639 745 1713 spectare3
782 1626 958 1712 periculum
982 1647 1022 1690 ue
1053 1650 1130 1705 ease,
1156 1649 1196 1692 ne
1232 1629 1371 1713 inpetum
1400 1625 1424 1687 ir

378 1736 493 1802 agrum
505 1714 657 1780 Pisanum
670 1713 821 1780 facerent.
854 1713 897 1778 Et
912 1735 950 1778 ex
1003 1713 1140 1799 ispaniis,
1151 1715 1331 1780 citeriorem
1347 1713 1425 1778 inar-

378 1803 440 1868 mis
466 1823 552 1878 asse,
565 1813 597 1866 et
621 1799 884 1866 cum-Celtiberis
909 1797 1019 1864 bellari
1043 1800 1201 1866 sciebant:
1223 1801 1259 1864 in
1286 1799 1424 1874 ulteriore,

378 1889 455 1974 quia
467 1887 523 1956 diu
546 1910 574 1952 ω
616 1908 632 1949 r
652 1898 773 1972 praetor
795 1899 886 1964 esset,
901 1884 1029 1952 luxuria
1055 1900 1087 1952 et
1107 1889 1174 1952 otio
1196 1887 1332 1954 solutam
1351 1883 1425 1950 disci·

376 1973 499 2060 plinam
524 1972 693 2037 mitterem
719 1995 797 2038 esse.
841 1972 896 2038 Ob
924 1995 962 2037 ea
987 1994 1087 2036 novos
1111 1975 1270 2040 exercitus
1291 1970 1425 2038 conscribi

376 2060 514 2145 placuit:
548 2071 687 2144 quatuor
711 2058 723 2122 l
765 2061 851 2138 {ones
879 2059 912 2123 iu
938 2057 978 2124 Li
1026 2080 1084 2136 res,
1112 2059 1159 2125 uti
1188 2060 1325 2164 singulae
1348 2059 1426 2146 quina

375 2145 478 2211 millia
491 2157 523 2210 et
537 2144 679 2212 ducenos
693 2081 826 2230 pddibes,
838 2158 980 2211 trecenos
994 2175 996 2177 ·
1018 2144 1306 2233 abuareutequrtcs
1315 2171 1332 2212 t·
1345 2144 1425 2210 socio

375 2231 574 2306 rumiisdern
588 2232 696 2302 Latini
712 2231 850 2298 nominis
884 2231 1039 2296 uindecim
1056 2231 1153 2297 millia
1168 2232 1313 2318 peditum
1327 2231 1425 2306 addita,

375 2334 409 2386 et
429 2318 761 2407 octingentieqnites.
792 2319 828 2384 bi
853 2255 919 2384 duo
944 2317 1125 2384 consulares
1150 2321 1313 2386 exercitus
1333 2329 1424 2384 essent.

377 2406 524 2472 Scribere
537 2417 692 2490 preterea
709 2405 789 2492 jussi
810 2418 930 2505 septem
954 2405 1052 2468 millia
1073 2405 1217 2490 peditum
1233 2408 1386 2472 sociorum
1398 2424 1424 2466 ac

376 2492 486 2558 Latini
509 2493 659 2573 nominis,
681 2506 713 2558 et
737 2491 1010 2578 quadringentos*
1031 2493 1170 2577 equites3
1202 2505 1233 2558 et
1258 2494 1378 2559 mittere
1394 2487 1423 2554 ad

335 2657 338 2664 Ι
376 2579 428 2652 Μ,
445 2578 638 2652 Marcellum
664 2579 696 2642 in
723 2576 875 2655 Galliam,
902 2577 953 2642 cui
977 2599 1018 2641 ex
1044 2578 1209 2643 consulatu
1237 2591 1424 2667 prorogatum

374 2665 545 2751 imperium
567 2676 646 2730 erat.
692 2664 731 2728 Iu
748 2663 940 2749 Hispaniam
963 2664 1056 2728 etium
1079 2677 1250 2752 utramque
1264 2690 1336 2754 quae
1349 2665 1424 2730 ducc-

375 2764 497 2832 rantur,
512 2764 650 2836 quatuor
672 2749 771 2814 millia
793 2749 936 2836 peditum
960 2749 1074 2814 civium
1092 2751 1315 2818 Romanorum
1336 2765 1365 2816 et
1378 2751 1424 2812 du·

374 2839 460 2903 nenti
481 2838 611 2924 equites,
628 2853 665 2902 et
681 2836 838 2901 sociorum
862 2849 982 2921 septem
1006 2835 1106 2902 millia
1128 2837 1274 2922 peditum
1294 2859 1363 2904 cum
1376 2847 1423 2900 tre·

374 2925 475 2990 centis
495 2923 653 3010 equitibus
675 2923 770 2988 scribi
786 2925 885 3023 jussa.
908 2935 941 2986 et
955 2920 999 2999 Q.
1012 2920 1113 2986 Fabio
1132 2925 1272 2989 Labeoni
1295 2947 1362 2990 cnm
1382 2943 1423 2986 ex·

375 3012 489 3112 ercitu,
509 3032 604 3096 quem
627 3009 766 3075 habebat
786 3031 820 3074 rn
844 3007 1028 3097 Liguribus,
1043 3024 1252 3098 prorogatum
1270 3012 1302 3076 in
1324 3027 1423 3076 annun

376 3099 547 3182 imperium
565 3109 621 3162 est.
669 3137 673 3144 ·

213 3206 320 3254 nocens
420 3185 467 3250 II.
491 3183 558 3248 Ver
572 3183 782 3270 procellosum
804 3205 842 3246 eo
857 3205 944 3248 anuo
963 3183 1034 3250 fuit.
1056 3184 1158 3269 pridie
1173 3179 1424 3264 ¹Parilia,medio

213 3274 356 3334 prodigiosa.
376 3270 475 3336 ferme
489 3269 552 3346 die,
568 3284 665 3335 atrox
687 3291 760 3352 cum
777 3282 870 3333 vento
893 3281 1062 3356 tempestas
1084 3281 1194 3335 coorta
1216 3272 1326 3337 multis
1345 3266 1423 3334 sacris

376 3356 580 3442 profanisque
605 3355 682 3420 locis
710 3369 847 3442 stragem
872 3354 963 3422 fecit:
998 3358 1088 3444 signa
1112 3379 1202 3421 aenea
1225 3358 1258 3421 in
1285 3352 1423 3442 Capitolio

375 3444 505 3530 dejecit:
529 3441 627 3506 forem
644 3464 684 3506 ex
701 3441 771 3506 aede
786 3441 902 3518 Lumo,
917 3465 991 3528 quoe
1013 3443 1045 3506 in
1063 3444 1223 3510 AventIno
1245 3457 1305 3524 est,
1321 3453 1422 3527 raptam

376 3531 459 3609 tulit,
474 3543 507 3594 et
520 3529 575 3592 'in
598 3526 727 3613 posticis
748 3527 912 3611 partibust
928 3529 1054 3593 Cereris
1076 3529 1185 3613 templi
1200 3529 1329 3594 adfixit:
1350 3529 1424 3613 signa

375 3618 439 3682 alia
463 3617 497 3679 in
523 3615 609 3680 circo
632 3615 774 3678 maximo
797 3636 868 3678 enm
889 3614 1057 3692 columnis,
1073 3617 1189 3701 quibus
1210 3614 1424 3702 superstabant,

569 3754 580 3783 ¹
591 3756 712 3797 sescentas
723 3752 798 3799 Gron.
810 3751 878 3798 Crer.
1009 3747 1023 3786 b
1028 3751 1164 3812 parietum
1175 3751 1241 3798 Eoed.

410 3883 550 3950 tPars'lr'a]
566 3887 651 3934 Festus
662 3891 713 3933 crat
723 3886 783 3943 diss,
792 3883 833 3944 qul
842 3884 892 3930 Pa·
924 3887 1012 3932 torum.
1045 3882 1095 3930 Hic
1121 3895 1173 3930 arat
1194 3883 1244 3930 dies
1267 3882 1351 3930 natatis
1371 3873 1422 3922 urtu's

373 3956 433 4002 cilia
456 3955 492 4000 rel
512 3954 607 4000 Politia
628 3950 763 3999 dicebatur:
790 3949 892 4007 Palilia,
924 3949 1014 3996 Rome.

373 4036 388 4067 s
404 4025 526 4082 pastorum
543 4020 587 4064 des
597 4018 668 4076 Palc3
685 4014 890 4074 Pariumquoni·
955 4013 1019 4059 21n
1039 4015 1140 4074 posticis
1164 4007 1312 4074 parietibus]
1335 4003 1421 4078 Aliquo*

373 4099 411 4132 am
430 4100 472 4145 pro
489 4077 660 4144 p'srtupecoris
677 4082 751 4127 eidem
764 4082 891 4127 deresacra
922 4079 1003 4138 scrIpti
1022 4079 1150 4138 partitus:
1174 4078 1346 4139 quodquam
1360 4079 1421 4146 iupus

372 4151 472 4207 fiebant,
482 4155 543 4196 teste
552 4150 623 4195 Festo
635 4148 661 4192 lu
672 4161 730 4193 voce
738 4147 817 4192 Palea.
844 4145 890 4189 Cs-
922 4144 999 4203 placet
1027 4145 1158 4190 Grouorio.
1191 4143 1268 4190 Nobis
1298 4134 1421 4208 utrirmlrbsl

373 4216 525 4262 tentabantur
544 4215 595 4260 hac
614 4214 675 4258 festa
692 4226 713 4257 a
732 4211 754 4257 d.
777 4217 815 4256 11.
833 4209 887 4254 Kal.
920 4223 995 4269 parvo
1006 4209 1141 4255 dlscrlmiue
1156 4209 1264 4255 habetur.
1296 4207 1352 4254 Tam
1367 4211 1420 4246 emm

372 4281 458 4332 Μαῖα.
491 4281 561 4327 Ritus
579 4293 606 4324 ac
625 4277 774 4323 ceremonias
794 4275 888 4320 Palilio·
921 4275 1031 4320 videntur
1046 4279 1101 4334 apta
1118 4275 1163 4320 dict
1178 4275 1267 4334 posts'cs'
1278 4264 1420 4332 pertunde

372 4359 424 4391 rum
436 4346 487 4392 fuss
499 4344 610 4392 describit
621 4342 732 4399 ovinius,
748 4342 764 4388 l.
777 4341 819 4388 tv.
833 4339 889 4385 Fas·
920 4353 972 4385 mus
985 4340 1020 4386 rel
1033 4341 1100 4398 aedis,
1113 4354 1182 4400 qnam
1188 4341 1289 4402 pasts'cae
1297 4339 1380 4400 partes.
