3104 4976
404 223 499 284 LIB.
520 219 665 281 XXXIV.
694 219 797 280 CAP.
823 217 974 280 XXVIII.
1162 221 1220 282 1⁵7

136 411 229 458 *men
255 385 471 473 responderat,
493 387 528 451 in
549 384 725 456 custodiam
749 379 900 452 tradidit:
923 392 1018 449 nocte
1042 379 1220 467 Insequenti
1230 390 1261 438 U·
1271 391 1300 438 ⁰·
1311 393 1367 438 ⁵⁵⁷·

155 473 447 544 omnesinterfecti.
480 471 682 538 '⁸⁵Ilotaium
700 469 815 536 deinde
836 470 978 557 quidam,
994 468 1042 554 (hi
1063 483 1138 533 sunt
1154 455 1367 553 jamiam·
1400 510 1404 518 ·

155 563 233 628 inde
246 561 312 626 anti
336 560 419 626 nitus
432 560 605 637 castellani,
622 570 745 645 agreste
761 561 876 648 genus)
893 555 1091 642 transfugere
1105 553 1224 635 voluis,

156 672 192 716 se
206 583 388 726 insimuIatI,
403 669 462 732 per
481 667 590 712 omnes
604 646 690 710 vicos
705 645 764 708 sub
778 643 960 708 verberibus
974 643 1036 708 acti
1058 654 1222 707 necantur.

158 733 222 800 hoc
243 746 364 800 terrore
381 735 611 818 obstupuerant
632 730 844 797 multitudinis
857 730 956 795 animi
969 729 1011 794 ab
1025 728 1113 792 omni
1127 749 1223 794 cona-
1253 763 1258 772 t

159 836 197 887 tu
210 841 366 885 novorum
381 819 596 886 consiliorum.
641 817 732 882 lutra
752 817 944 884 munitiones
961 815 1067 901 copias
1081 817 1223 881 contine·

160 907 224 984 bat,
241 928 300 971 nec
325 927 436 990 parem
457 929 491 971 se
510 918 608 982 ratus,
623 903 650 968 si
669 903 817 970 dimicare
839 904 905 968 acie
925 900 1035 978 vellst3
1058 913 1090 967 et
1111 902 1224 968 urbem

159 995 352 1080 relinquere,
371 1004 437 1058 tam
463 991 623 1078 suspensis
645 1001 676 1056 et
697 989 829 1056 incertis
845 989 988 1066 omnium
1013 990 1143 1068 animis,
1159 1009 1224 1054 me·

160 1093 263 1148 tuens.
1216 1123 1220 1134 ·

207 1165 380 1232 XXVIII.
403 1161 584 1242 Quinctius,
601 1162 676 1229 satis
693 1164 759 1250 jam
782 1162 929 1230 omnibus
952 1165 1080 1250 paratis,
1101 1156 1248 1249 profec-¹

163 1267 216 1320 tus
237 1252 279 1318 ab
301 1251 433 1329 stativis,
447 1249 499 1314 die
519 1250 621 1314 altero
640 1248 681 1314 sd
698 1249 860 1314 Sellasiam
882 1272 977 1336 super
996 1253 1146 1318 OEnunta
1166 1251 1225 1316 flu·

166 1340 252 1406 vium
301 1338 436 1402 ervenit:
463 1337 584 1421 quoin
609 1335 681 1400 loco
703 1337 896 1425 Antigonus,
920 1339 1135 1403 Macedonum
1157 1360 1225 1415 rex,

165 1449 239 1492 cunr
291 1425 442 1500 leomeue,
462 1422 781 1488 Lacedaemoniorum
807 1435 819 1486 t
842 1445 954 1502 ranno,
975 1425 1072 1511 signis
1095 1424 1228 1488 conlatis

164 1513 330 1578 dimicasse
351 1510 525 1575 dicebatur.
547 1509 631 1586 inde,
646 1530 745 1595 quum
766 1445 906 1574 audisset
919 1511 1154 1575 ⁸⁷adscensum‘
1167 1509 1227 1575 dif-

166 1600 257 1664 ficilis
271 1610 304 1662 et
318 1609 396 1661 artae
410 1596 470 1659 viae
484 1618 559 1673 esse,
575 1595 663 1660 brevi
684 1617 741 1680 per
762 1609 884 1660 montes
898 1595 1032 1662 circuitu
1047 1597 1226 1680 proemissis,

167 1686 223 1772 qui
243 1683 403 1748 munirent
419 1681 513 1758 viam,
530 1682 594 1746 loto
613 1682 688 1746 satis
707 1695 739 1746 et
762 1683 881 1766 patenti
902 1681 1002 1748 limite
1016 1683 1057 1748 ad
1074 1681 1229 1748 Eurotam
1312 1685 1315 1692 '
1335 1735 1338 1742 .

163 1793 312 1848 amnem,
328 1769 388 1834 sub
412 1769 488 1854 ipsis
509 1790 610 1854 prope
631 1768 781 1834 fluentem
806 1770 977 1850 moenibus,
998 1770 1151 1856 pervenit.
1173 1771 1230 1834 ubi

170 1872 274 1922 castra
294 1867 446 1922 metantes
468 1855 630 1920 Romanos
644 1856 892 1943 Quinctiumque
914 1856 1030 1940 ipsum,
1046 1879 1119 1921 cum
1141 1853 1229 1942 equi·

168 1945 253 2010 tibus
267 1954 361 2030 atque
374 1941 528 2028 expeditis
548 1964 770 2030 praegressum,
784 1943 950 2008 auxiliares
972 1944 1100 2030 tyranni
1115 1943 1228 2021 adorti,

73 2068 84 2080 ·-
168 2032 202 2096 in
218 2043 372 2096 terrorem
388 2050 425 2093 ac
447 2028 620 2093 tumultum
643 2031 853 2115 conjecerunt,
869 2028 949 2094 nihil
972 2030 1035 2116 tale
1048 2042 1230 2115 exspectan-

167 2131 226 2195 tes,
242 2116 319 2204 quis
333 2138 427 2180 nemo
448 2115 497 2190 his
519 2115 631 2180 obvius
651 2127 719 2180 toto
740 2117 852 2182 itinere
870 2115 983 2194 fuerat,
999 2139 1036 2182 sc
1057 2117 1152 2182 veluti
1175 2139 1231 2201 pa·
1274 2158 1277 2166 ·
1385 2140 1388 2149 ¹

166 2216 241 2270 cato
251 2225 340 2290 agro
362 2201 560 2266 transierant.
604 2203 811 2288 Aliquamdiu
826 2203 983 2288 peditibus
998 2204 1127 2290 equites,
1143 2205 1375 2290 equi-autam.

165 2292 253 2358 tibus
268 2289 388 2374 pedites
403 2288 596 2365 vocantibus,
613 2311 710 2376 quum
726 2291 760 2354 in
775 2312 810 2354 se
823 2290 937 2377 cuique
956 2291 1123 2355 minimum
1147 2291 1231 2356 fidu·
1240 2287 1379 2386 stupam-⁴

163 2379 229 2444 ciae
251 2388 341 2453 esset,
358 2375 550 2460 trepidatum
573 2387 631 2440 est.
652 2375 779 2440 tandem
795 2377 886 2460 signa
903 2377 1063 2462 legionum
1087 2399 1234 2464 superve—
1243 2353 1306 2454 {212¹
1314 2354 1339 2385 ¹⁰
1348 2354 1389 2387 ω’

164 2476 304 2532 nerunt:
328 2474 370 2539 et,
385 2483 485 2548 quum
502 2461 596 2545 primi
618 2463 752 2549 agminis
766 2461 911 2527 cohortes
932 2463 1073 2529 inductae
1092 2465 1126 2528 in
1149 2485 1234 2550 proe-

171 2551 250 2617 lium
265 2559 379 2626 essent,
395 2549 449 2635 qui
464 2547 560 2612 modo
575 2548 689 2614 terrori
710 2547 844 2628 fuerant,
861 2550 1053 2635 trepidantes
1067 2551 1100 2615 in
1123 2553 1235 2616 urbem

173 2637 329 2722 compulsi
343 2651 428 2702 sunt.
467 2635 617 2714 Romani,
632 2657 729 2722 quum
746 2646 869 2700 tantum
885 2659 905 2700 a
920 2659 1012 2701 muro
1026 2639 1237 2718 recessissent,

174 2737 211 2789 ut
226 2736 315 2788 extra
333 2724 431 2787 ictum
451 2721 505 2786 teli
526 2721 862 2798 essent,aciedi1¹acta
883 2722 1055 2808 paullisper
1075 2738 1238 2791 steterunt.
1270 2745 1273 2749 ’

174 2811 349 2894 Postquam
367 2829 461 2874 namo
482 2807 620 2872 hostium
642 2819 752 2872 contra
767 2809 882 2884 exibat,
899 2809 1063 2874 redierunt
1078 2812 1111 2873 in
1127 2827 1239 2875 eastra.

176 2897 311 2962 Postero
324 2896 375 2960 die
389 2892 562 2971 Quinctius
576 2915 677 2978 prope
690 2893 807 2962 flumen
827 2905 945 2978 preater
959 2897 1070 2960 urbem
1085 2896 1143 2961 sub
1158 2896 1240 2980 ipsas

172 2981 364 3050 ”Menelaii
386 2981 502 3046 montis
524 2981 645 3044 radices
666 2981 782 3046 ducere
804 2981 911 3065 copias
937 2981 1107 3048 instructas
1127 2985 1240 3069 pergit

176 3072 290 3156 primae
304 3067 489 3157 legionarias
504 3066 649 3131 cohortes
670 3067 778 3132 ibant:
802 3067 883 3135 levis
899 3081 1060 3134 annatura
1074 3084 1106 3134 et
1121 3073 1241 3156 equites

177 3178 292 3243 agmen
307 3157 471 3238 cogebant.
510 3153 610 3220 Nabis
625 3155 709 3218 intro
724 3176 852 3219 murum
868 3155 1036 3220 instructos
1051 3168 1243 3243 paratosque

177 3244 238 3307 sub
253 3243 350 3330 signis
364 3240 501 3306 habebat
523 3241 732 3317 mercenarios
754 3242 878 3324 milites,
897 3243 942 3324 (in
958 3242 1073 3330 quibus
1088 3244 1190 3309 omnis
1204 3245 1242 3308 fi-

167 3329 271 3420 ducia
285 3329 366 3412 erat)
381 3339 418 3393 ut
432 3329 472 3393 ab
487 3339 578 3418 tergo
597 3328 719 3394 hostem
735 3327 971 3417 adgrederetur.
994 3343 1162 3418 postquam
1185 3354 1243 3398 ex-

601 3481 610 3516 t
622 3497 741 3532 racemum
751 3485 827 3538 Gran,

210 3634 393 3684 'st'llotcroaa
409 3664 435 3682 .-
452 3667 459 3680 .
478 3631 587 3698 quidm]
619 3636 697 3696 Iloua,
730 3645 876 3686 wemoster.
909 3639 1005 3699 Duplex
1018 3638 1092 3700 igitur
1107 3637 1154 3686 luit
1170 3639 1245 3687 Helo·
1280 3646 1285 3654 ·

176 3709 223 3748 son
239 3702 346 3761 Halotae,
361 3702 450 3763 publici
467 3703 533 3748 fuero
551 3703 697 3750 hosammo-
729 3709 807 3752 tarum
822 3717 905 3762 mnus,
916 3705 1017 3751 altarum
1035 3705 1156 3765 antiquius
1168 3707 1198 3751 ab
1210 3719 1249 3752 ur·

179 3768 274 3815 niornm
286 3767 355 3816 sarri.
382 3765 450 3831 †De
465 3781 546 3814 eorum
562 3769 653 3825 origine
664 3768 698 3816 sic
730 3769 957 3827 &Halonnesum
973 3769 1247 3817 recentinssMesaene.

179 3830 252 3878 habet
278 3833 407 3879 Pausanias
433 3833 459 3878 in
489 3833 626 3880 Laconicis:
657 3833 701 3880 Ad
731 3835 821 3885 Eorum
848 3835 950 3896 plurima
977 3838 1068 3883 mentio
1093 3837 1197 3889 occurrit
1220 3837 1247 3883 In

167 3899 334 3958 &ammonii
351 3897 420 3949 attuit
433 3895 585 3958 Inconicnn)
600 3899 698 3960 oppidu·
731 3901 961 3948 lacaedemoniorum
994 3902 1100 3952 historia
1144 3901 1248 3949 Consule

179 3963 290 4024 lumfua't
299 3963 382 4022 Helos,
394 3979 438 4026 quo
449 3964 528 4011 Dares
541 3964 699 4026 (Lacedaemo
732 3966 795 4013 inter
806 3973 896 4013 ceteros
908 3969 971 4014 l’lnt.
982 3968 1007 4014 in
1019 3969 1084 4029 Lyc-

178 4041 234 4074 nom
255 4027 397 4090 lncolcotsa)
417 4043 461 4091 per
478 4029 621 4076 modicam
641 4037 699 4077 aaut
755 4026 794 4081 '87
810 4029 952 4098 Ascensum]
969 4035 1105 4086 Gronovius
1123 4031 1198 4078 edidit
1213 4047 1250 4078 es·

176 4093 266 4154 potiti:
283 4095 614 4156 a'iqnoprs'ma'fimepolh'ei
623 4097 700 4143 Luce·
731 4112 834 4156 comm,
853 4110 926 4158 quum
947 4098 1135 4158 quibasdam'iu
1155 4095 1248 4157 scriptia
1289 4107 1290 4112 ¹
1351 4148 1355 4157 Ι

181 4158 350 4208 doearoniorum
366 4161 439 4220 sarah
453 4163 497 4222 qui
509 4163 638 4223 *miqaom
658 4177 699 4208 ao-
731 4163 998 4212 insaniretdeaoeosum.
1148 4189 1157 4208 ·.
1199 4167 1203 4200 t

181 4237 234 4269 mna
262 4226 406 4274 Hebraeum
435 4229 593 4276 retinuerant.
633 4227 700 4275 ota'-
766 4235 796 4276 88
811 4229 931 4277 Menelais*
946 4226 1045 4292 montis]
1061 4226 1152 4287 Sigonii
1168 4235 1249 4272 emou-

169 4290 330 4356 »uitdea'nde
340 4294 700 4354 maaseqstpmeaavort·
728 4295 800 4342 datto
821 4295 876 4341 nixa
897 4295 997 4357 Polybio
1021 4299 1124 4340 tumore.
1157 4289 1248 4336 Firmos

169 4354 224 4403 -Iss
231 4356 258 4402 ia
265 4357 405 4404 seruitutem
414 4358 508 4406 redona·
517 4365 584 4416 sust,
593 4359 701 4422 quamdis
731 4361 825 4406 Victor·
840 4361 922 4416 mser,
933 4362 959 4408 ln
972 4375 1025 4421 qno
1038 4357 1123 4422 legitur
1133 4357 1247 4408 Menelai.

170 4419 299 4472 aaronis
306 4423 402 4482 ssent,
412 4423 506 4473 Halata·
520 4431 599 4472 tamen
613 4432 636 4472 et
651 4427 701 4486 ipsi
732 4425 813 4487 Volgo
823 4422 943 4472 Manna:
1195 4425 1198 4434 ‘
1232 4442 1237 4456 ·
