3042 4954
339 208 379 273 94
621 247 624 254 .
732 198 844 260 TlTl
872 197 1007 272 tivit
1109 199 1114 206 ’

179 381 317 432 masse.
339 363 487 435 subsidiis
495 349 642 450 'reliquiis
665 361 747 428 laevo
759 363 944 428 cumomni
965 361 1027 428 leri
1048 372 1210 428 armatura
1224 361 1402 428 in'bb'ster'n

179 449 248 496 Μ·
263 452 318 498 ¹⁹⁷·
341 452 445 529 radin
467 449 560 516 simul
574 449 758 527 admonens,
773 471 841 514 cum
853 449 960 515 maen
970 450 1188 516 Macedonibus
1198 459 1401 534 pugnaturos,

197 559 199 568 ’
340 559 414 624 quos
428 540 469 602 od
482 535 575 618 Epiri
580 533 703 618 fauces,
717 537 868 600 osoutibm
873 537 1111 622 fluminibusque
1123 545 1229 618 septos,
1243 537 1324 600 uicta
1342 557 1401 600 na-
1508 599 1510 616 ‚

342 625 434 690 turali
453 623 629 711 dffcultute
655 622 794 699 locorum,
810 623 995 704 expulissent,
1016 623 1135 706 acieque
1156 631 1402 707 expugnassent.-

340 732 407 776 eum
429 709 477 786 iis,
501 729 572 793 qum
596 709 637 772 Ρ.
654 707 777 789 Sulpicii
798 707 886 790 prius
910 710 1001 772 ductu
1026 707 1052 748 ²⁹
1066 708 1233 773 obsidentes
1256 709 1401 773 Eordaeae

340 796 457 862 aditum
472 796 616 860 uicissent.
659 795 761 880 Fama
780 794 904 873 stetisse,
918 794 1107 871 introitibus,
1124 793 1315 882 Macedonia
1327 815 1401 878 reg-

340 903 422 948 num.
465 883 546 946 Eam
561 901 676 965 quoque
687 877 813 962 somam
829 881 951 943 taudem
969 882 1134 947 evanuisse.
1176 879 1249 946 Jam
1264 901 1400 963 perren-

342 983 410 1034 tum
424 966 465 1030 ed
480 989 553 1032 suos
568 967 601 1030 in
615 967 679 1030 ima
695 965 774 1030 valle
787 977 902 1030 stantes
916 980 994 1043 erat,
1011 967 1064 1051 qui
1088 967 1227 1032 adventu
1242 967 1402 1032 exercitus

251 1083 265 1132 χ
339 1054 600 1140 imperatorisque
622 1074 763 1139 pugnam
790 1064 952 1130 renovant,
977 1053 1150 1138 inpetuque
1177 1052 1261 1118 facto
1290 1075 1401 1118 rursus

340 1151 487 1206 avertunt
500 1138 635 1204 hostem.
681 1137 849 1223 Philippus
869 1160 939 1203 cum
962 1139 1099 1203 caetratis
1113 1150 1145 1202 et
1159 1161 1260 1208 cornu
1282 1139 1402 1204 dextro

340 1226 496 1314 peditum,
521 1225 636 1290 robore
666 1223 868 1290 Macedonici
893 1226 1059 1301 exercitus,
1086 1245 1180 1311 quam
1207 1225 1401 1312 pbalangem

340 1312 505 1389 vocabunt,
521 1333 659 1396 propero
671 1333 765 1376 cursu
780 1310 821 1374 ad
836 1311 957 1376 hostem
973 1312 1067 1376 vadit.
1091 1311 1254 1388 Nicanori,
1265 1333 1305 1376 ex
1321 1334 1401 1397 pur-

337 1401 459 1486 puratis
473 1399 539 1476 uni,
560 1412 594 1464 ut
616 1420 687 1462 cum
709 1397 837 1482 reliquis
859 1397 958 1481 copiis
979 1397 1141 1462 confestim
1164 1411 1323 1484 sequatur,
1338 1399 1402 1462 im-

339 1497 440 1571 perat.
486 1485 605 1560 Primo,
621 1497 656 1548 ut
678 1484 711 1548 in
729 1485 842 1570 jugum
863 1483 971 1560 evasit,
987 1497 1027 1560 et,
1038 1486 1215 1570 jacentibus
1230 1485 1274 1550 ibi
1288 1486 1401 1570 paucis

340 1573 434 1638 armis
455 1591 511 1636 cor
556 1571 703 1656 cibusque
726 1569 874 1647 hostium,
889 1570 1035 1655 proelium
1054 1594 1092 1636 eo
1113 1571 1185 1636 loco
1205 1570 1310 1648 fuisse,
1326 1572 1402 1657 pul·'

340 1680 454 1745 sosque
470 1659 501 1722 in
525 1658 731 1732 eRomanos‚
748 1672 779 1719 et
797 1657 931 1743 pugnari
953 1679 1053 1741 prope
1076 1670 1177 1722 castra
1200 1657 1337 1721 hostium
1352 1660 1401 1722 vi·
1504 1707 1507 1714 «

340 1745 397 1823 uit,
420 1744 543 1832 ingenti
565 1741 682 1830 gaudio
704 1757 750 1806 est
772 1745 889 1806 elatus:
913 1764 996 1820 mox,
1021 1743 1246 1829 refugientibus
1268 1744 1343 1822 suis,
1367 1757 1403 1809 et

340 1844 461 1898 terrore
477 1852 578 1906 verso,
598 1827 775 1914 paullisper,
790 1830 928 1894 incertus
942 1851 983 1893 au
998 1830 1031 1894 in
1053 1843 1156 1894 castra
1176 1830 1332 1915 reciperet
1344 1853 1403 1896 co·

340 1919 418 2004 pias,
435 1915 623 2001 trepidauit:
646 1914 769 1990 deinde,
785 1927 820 1980 ut
841 1916 1117 2000 adpropinquabat
1134 1915 1243 1994 hostis,
1259 1930 1299 1994 et,
1315 1915 1402 2002 prai-

341 2019 483 2089 terquam
506 2001 593 2088 quod
618 2000 821 2065 caedebantur
842 2002 952 2077 aversi,
975 2024 1043 2080 nec,
1063 2003 1123 2066 nisi
1143 2002 1401 2082 defenderentur,

342 2090 460 2158 servari
486 2099 642 2173 poteraut,
667 2086 768 2151 ⁸⁹ne¹³
782 2087 843 2172 ipsi
868 2088 996 2174 quidem
1014 2087 1046 2152 in
1072 2101 1142 2154 tuto
1162 2089 1227 2175 jam
1255 2111 1308 2156 rec
1350 2102 1403 2156 tus

342 2186 426 2252 erat3
450 2186 587 2255 coactus,
609 2173 751 2238 nondum
773 2174 922 2239 adsecuta
942 2186 1032 2261 parte
1055 2197 1196 2253 suorum,
1222 2176 1403 2261 pericuum

342 2283 476 2326 summae
497 2283 603 2326 rerum
625 2259 735 2337 facere,
752 2261 870 2348 equites
890 2261 1055 2347 levemque
1078 2274 1280 2338 armaturam,
1296 2261 1351 2349 qui
1367 2263 1404 2326 in

341 2346 456 2430 proelio
471 2347 605 2426 fucrant,
620 2347 735 2412 dextro
749 2347 782 2410 in
797 2369 899 2411 cornu
920 2347 1012 2412 locat.
1028 2352 1174 2412 caetratos
1198 2362 1229 2413 et
1245 2347 1402 2414 Macedo-

341 2455 416 2499 num
431 2433 456 2472 ⁸¹
468 2435 668 2523 phalangem,
684 2433 781 2498 hastis
795 2433 916 2518 positis,
931 2455 1067 2519 quarum
1089 2433 1258 2520 longitudo
1274 2435 1400 2520 inpedi-

338 2531 446 2585 menta
467 2535 547 2598 crat,
561 2520 675 2610 gladiis
696 2542 761 2585 rem
807 2541 893 2584 erere
913 2520 1013 2605 jubet.
1035 2521 1141 2598 simul,
1157 2543 1197 2586 ne
1218 2520 1309 2585 facile
1323 2543 1399 2606 per·

337 2619 540 2693 rumperetur
560 2605 654 2687 acies,
668 2543 871 2671 ”dimibium
893 2605 934 2670 de
955 2604 1058 2672 fronte
1081 2605 1224 2674 demtum
1239 2607 1399 2673 introrsus

722 2778 750 2834 ,k
765 2797 795 2830 ue
804 2796 834 2830 ec
844 2782 920 2832 Grau.
932 2781 1000 2832 Cres.

370 2961 401 3006 29
427 2955 565 3004 obsidentes
598 2953 705 3002 Eosdem
745 2949 850 3017 aditum]
882 2953 1092 3002 demissiuars'ssis
1103 2953 1191 3001 bostem
1200 2951 1323 3006 suadas.
1339 2951 1400 3000 Por.

336 3022 438 3084 Egregia
455 3021 569 3069 Gronorii
581 3019 704 3076 cornutio,
722 3032 793 3078 quum
811 3019 849 3065 flr·
881 3025 944 3066 tasse
954 3020 980 3065 iu
992 3032 1092 3066 errorem
1103 3016 1221 3066 induxerit
1236 3017 1329 3064 Livium
1345 3031 1397 3065 rer·

336 3092 387 3134 mat
397 3085 510 3148 Polybius
520 3087 566 3132 hoc
577 3086 628 3148 ipso
642 3085 702 3130 loeo.
735 3084 802 3129 Prius
816 3084 850 3130 le·
882 3084 939 3130 buru
956 3081 1111 3141 uratum..
1128 3084 1192 3144 quod
1208 3082 1278 3139 vulgo
1294 3082 1401 3129 saunitas

335 3153 435 3209 uebatur
445 3152 574 3198 Massa
585 3149 612 3195 in
628 3147 705 3194 eodem
717 3147 796 3204 dita,
809 3161 852 3195 nec
881 3163 927 3210 pro
938 3147 1048 3210 abjtoem
1059 3153 1085 3196 et
1096 3150 1141 3196 hoc
1157 3148 1209 3196 loeo
1226 3147 1309 3209 procul
1325 3147 1400 3194 iahia

336 3217 395 3266 satis
411 3217 506 3268 Latine,
517 3222 542 3261 ct
553 3217 637 3260 contre
652 3211 758 3260 historie
774 3213 851 3260 fidem.
883 3213 986 3276 intelligi
1013 3213 1083 3261 debet
1109 3213 1239 3260 weissen.
1277 3211 1401 3260 iubentur

336 3283 403 3330 luem
412 3281 522 3328 Eordeae
533 3291 620 3325 nomeu
632 3277 742 3324 vitiatum
759 3291 852 3339 quoque
883 3279 947 3326 enim
960 3279 1106 3340 ,Macedones
1117 3279 1239 3326 demittere
1255 3277 1361 3334 senum,
1371 3283 1402 3324 ut

336 3347 414 3394 bremt
424 3358 496 3407 suprs
506 3346 524 3392 l.
534 3341 630 3390 XXXI.
641 3357 663 3388 c.
673 3347 713 3390 89.
883 3341 931 3390 illa
941 3350 1074 3405 spectsreut
1089 3345 1192 3403 hoetsru,
1202 3349 1228 3392 et
1236 3343 1263 3390 in
1276 3357 1331 3390 eum
1342 3341 1403 3389 diri-

368 3417 401 3458 80
417 3410 456 3457 Ac
465 3424 496 3455 sse
503 3409 552 3470 ipsi
560 3407 652 3470 quidem
659 3408 686 3454 ie
693 3407 804 3468 testejam
814 3421 852 3455 se·
884 3413 1002 3471 gereutus.
1021 3411 1080 3458 Huc
1091 3414 1173 3456 nostre
1187 3408 1325 3468 conjecturs
1340 3419 1401 3468 peu-

336 3481 418 3538 eeptus
439 3470 652 3536 erut]1)elendem
674 3486 724 3519 esse
744 3474 851 3522 voculam
884 3477 909 3522 lo
930 3474 1039 3523 audacior
1059 3477 1158 3522 tonum
1177 3474 1298 3521 rideatur:
1315 3476 1341 3521 st
1361 3477 1402 3520 est

336 3557 366 3588 oc
377 3543 438 3587 reule
449 3540 562 3585 admouet
569 3537 714 3586 Perizonius.
884 3543 965 3588 tamen
976 3540 1133 3596 verisimilior,
1144 3553 1215 3600 quam
1228 3539 1253 3586 it
1269 3539 1333 3599 qaod
1344 3551 1404 3584 ner·

368 3611 398 3652 81
418 3603 659 3664 Pialaugem,bustis
667 3604 771 3666 positis.
784 3638 790 3651 .
797 3605 852 3666 glu-
883 3611 950 3652 retur
965 3620 980 3652 a
995 3607 1072 3665 Liuio,
1086 3606 1229 3654 Macedones
1248 3617 1333 3665 nempe
1347 3603 1404 3662 jus·

336 3670 385 3717 dits
394 3685 445 3716 rem
457 3664 629 3732 gererejubet]
646 3669 733 3716 Mirum
747 3670 853 3730 prolecto
885 3685 924 3718 sos
935 3685 985 3718 esse
996 3672 1026 3718 ab
1034 3685 1089 3734 rege
1099 3683 1166 3717 susm
1174 3671 1240 3732 ipsos
1248 3669 1298 3717 viru
1309 3668 1402 3716 solvere

335 3735 410 3781 rideri
422 3735 501 3792 debet,
518 3735 581 3796 quod
599 3735 638 3781 hie
655 3735 797 3795 phalangitis
808 3735 850 3794 ju·
882 3737 1053 3793 etinlriussere.
1084 3735 1173 3796 Siquis
1184 3735 1306 3782 dubitaret
1319 3736 1346 3780 in
1362 3747 1401 3780 ss-

336 3799 424 3846 bsntur
442 3800 538 3847 semesas
558 3813 654 3860 ponere,
674 3814 726 3861 quu
744 3807 770 3846 et
787 3801 851 3848 vetto
882 3801 946 3848 risus
962 3801 1228 3864 anteprimosmilituur
1240 3799 1401 3862 ordinespro-

336 3866 438 3924 quodem
449 3867 497 3911 iere
508 3864 685 3927 inexpugnabili
699 3866 763 3926 ipsos
775 3867 849 3926 sepic-
878 3867 950 3927 jectis
965 3867 1069 3928 positum
1088 3866 1159 3913 luisse
1177 3867 1299 3926 proprium
1319 3865 1403 3911 Mace-

335 3931 557 3992 bsut,etmcgnsm
569 3930 615 3977 rim
628 3929 851 3991 hebebsutsiper·
883 3933 973 3980 donica
995 3932 1119 3994 phalangis
1144 3931 1225 3988 robur,
1251 3932 1315 3992 leget
1335 3944 1403 3986 egre-

334 3995 478 4056 rumpeudos
501 3995 605 4042 hostium
626 3996 727 4044 ordines.
771 3996 851 4043 Liceat
883 3997 946 4059 giem
968 4011 1086 4044 armorum
1105 3997 1266 4044 Romanorum
1286 3995 1402 4042 Macedo-

336 4060 405 4108 nobis
427 4060 545 4120 dubitare,
567 4074 599 4108 sn
620 4061 700 4107 Livius
719 4061 851 4118 genuinum
883 4063 1037 4122 nicaeamque
1058 4061 1257 4123 comparationem
1273 4062 1337 4121 apud
1354 4062 1402 4107 Po-

335 4126 428 4187 Polybii
447 4139 541 4174 sensum
562 4127 601 4173 hic
618 4127 765 4186 expresserit,
783 4125 850 4184 cujus
882 4127 983 4189 lybiam,
995 4128 1041 4173 hoc
1057 4128 1109 4187 ipso
1125 4128 1188 4185 loco,
1206 4131 1262 4188 post
1279 4130 1401 4172 narmtsm

335 4192 387 4238 haec
403 4197 462 4238 suut
479 4192 558 4240 verba.
573 4192 618 4242 esis
633 4190 673 4250 pls
692 4187 851 4251 peteppleers
884 4203 988 4254 pugnam
1000 4193 1030 4237 ed
1041 4191 1235 4253 Cynoscephalae.

335 4252 400 4308 titus
411 4255 573 4323 eugipystpa
587 4253 742 4302 »sentenia
759 4253 852 4313 sism-
915 4262 947 4304 82
963 4256 1104 4303 Dimidium
1131 4258 1158 4304 de
1173 4257 1257 4318 fronte
1278 4255 1403 4314 temptem

335 4319 517 4386 piscatusque.
549 4322 586 4369 Es
603 4320 637 4366 sie
651 4314 851 4366 mnttcmu‘oo-
885 4322 1002 4367 introrsus
1014 4323 1130 4384 porrectis
1143 4323 1264 4370 ordinibus
1279 4315 1405 4384 duplicat]

337 4400 395 4434 nus:
415 4387 573 4448 Pbulaagitis
587 4385 645 4430 date
661 4391 696 4430 est
714 4390 810 4443 tessera,
823 4392 852 4431 sse
884 4387 1024 4448 Hypsllege.
1057 4388 1153 4450 Proprie
1169 4388 1232 4435 enim
1246 4387 1403 4434 disidebuis·
