3126 4978
368 182 503 249 ars,
663 133 681 178 ⁵
765 177 875 239 rrrr
903 177 1038 237 o1v11
1111 195 1114 200 ¹

212 357 252 408 v:
263 353 364 428 tasso·
381 338 608 408 transcendunt
622 342 746 419 armati,
762 354 803 420 et,
824 337 951 428 dejectis
970 337 1128 427 caesisque
1138 337 1438 428 propugnatoribus,

218 423 357 474 ΜΛΝ·
381 447 493 495 navem
523 430 661 515 capiunt.
704 427 792 506 Una,
820 451 892 516 quae
917 429 1060 514 compari
1086 427 1194 493 Marte
1222 438 1437 508 concurrerat,

200 539 202 548 ’
381 528 452 602 post
476 537 548 580 uam
570 529 695 601 captam
718 515 848 580 alteram
871 537 984 604 navem
1001 514 1089 592 vidit,
1105 515 1289 602 priusquam
1304 536 1322 580 a
1340 513 1438 590 tribus

381 539 474 667 simril
497 601 790 679 circumveniretur,
821 614 905 666 retro
933 601 981 674 ad,
1000 601 1128 666 classem
1151 599 1276 690 refugit
1321 599 1439 675 Livius,

381 689 600 776 indignatione
621 709 779 764 accensus,
794 688 946 772 praetoria
967 710 1048 752 nava
1068 687 1101 751 in
1123 685 1228 752 hostes
1249 685 1363 752 tendit.
1384 683 1441 750 ad-

381 797 488 839 versus
509 795 605 862 quam
630 774 739 839 eadem
763 795 819 859 spe
842 773 924 851 duae,
941 796 1013 860 quaa
1035 773 1188 838 Punicam
1209 795 1308 840 unam
1329 793 1441 836 navem

382 862 662 938 circumvenerant,
679 877 775 946 quum
798 859 997 936 inferrentur,
1014 861 1180 926 demittere
1200 859 1234 923 in
1255 881 1372 946 aquam
1393 879 1442 921 re-

382 971 451 1032 mos
466 949 506 1012 ab
521 960 656 1034 utroque
677 946 775 1034 latere
796 948 929 1034 remiges
940 941 1139 1012 ‘stabiliendae
1153 946 1240 1010 navis
1253 967 1365 1010 caussa
1373 945 1443 1031 jus-

382 1035 432 1111 sit,
448 1045 480 1099 et
495 1036 526 1098 in
541 1033 742 1106 advenientes
760 1033 897 1098 hostium
920 1055 1014 1098 naves
1036 1034 1152 1098 ferreas
1171 1053 1283 1098 manus
1304 1032 1442 1118 injicere,

379 1133 424 1197 et,
439 1120 529 1185 ⁸⁶ubi
554 1123 697 1207 pugnam
717 1121 853 1205 pedestri
876 1119 1007 1185 similem
1030 1119 1160 1196 fecisset,
1184 1117 1363 1183 meminisse
1379 1118 1443 1182 Ro·

383 1227 488 1271 manas
501 1207 636 1287 virtutis,
652 1203 711 1272 nec
726 1225 785 1291 pro
799 1206 874 1271 viris
888 1206 1004 1270 ducere
1017 1206 1104 1294 'regia
1125 1205 1294 1290 mancipia.
1314 1251 1318 1260 .
1339 1203 1440 1269 Haud

383 1291 491 1379 paullo
504 1292 636 1374 facilius,
652 1306 746 1379 quam
769 1289 843 1357 ante
865 1292 939 1357 duae
961 1315 1069 1372 unam,
1085 1306 1162 1357 tunc
1175 1313 1240 1357 uns
1253 1291 1441 1358 duaena'ves

381 1381 585 1467 expugnavit,
600 1381 753 1465 cepitque.
800 1378 843 1443 Et
860 1379 927 1464 jam
943 1379 1054 1444 classes
1068 1401 1195 1466 quoque
1208 1378 1352 1463 undique
1365 1377 1442 1440 ‘troti-¹

383 1481 559 1548 currerunt,
574 1479 606 1530 et
627 1467 744 1551 passim
767 1465 936 1550 permixtis
964 1465 1094 1530 navibus
1117 1464 1331 1550 pugnabatur.
1376 1463 1456 1528 Em.

382 1569 500 1634 menes,
530 1552 585 1640 qui
617 1564 779 1617 extremus
807 1553 975 1617 commisso
1004 1552 1175 1617 certamine
1202 1549 1382 1627 advenerat,
1407 1563 1445 1614 ut

383 1639 604 1704 animadvertit
632 1639 746 1702 laevum
777 1659 877 1702 cornu
905 1638 1043 1704 hostium
1073 1639 1114 1702 ab
1144 1637 1239 1704 Livio
1267 1636 1441 1714 turbatum,

382 1726 530 1791 dextrum
545 1726 622 1807 ipse,
638 1726 693 1789 ubi
708 1747 799 1812 aequa
814 1738 1014 1814 pugnaqerat,
1029 1723 1162 1791 invadit.
1370 1723 1373 1730 ⁴

427 1812 529 1878 XLV.
553 1813 624 1876 Nec
646 1811 689 1875 ita
709 1814 809 1875 multo
830 1813 1058 1896 postprirnum
1079 1810 1120 1874 ab
1146 1809 1228 1875 laevo
1252 1831 1352 1874 cornu
1366 1808 1444 1896 luga

383 1899 492 1983 coepit.
539 1897 752 1982 Polyxenidas
774 1898 869 1970 enim,
887 1908 923 1960 ut
942 1897 1056 1963 virtute
1081 1894 1216 1962 militum
1236 1895 1324 1961 hand
1347 1894 1445 1960 dubie

383 1983 526 2069 superari
546 1977 679 2059 se'vidit‚
694 1982 824 2048 sublatis
846 1982 1018 2049 dolonibus
1035 1983 1133 2060 effirse
1156 1982 1265 2070 fugere
1289 1983 1443 2048 intendit:

382 2093 459 2134 mox
480 2068 564 2133 idem
580 2081 623 2149 et,
639 2069 693 2156 qui
707 2091 809 2154 prope
829 2082 946 2134 terram
965 2093 1037 2135 cum
1054 2070 1197 2135 Eumene
1220 2081 1444 2134 contraxerant

383 2170 552 2232 certamen,
572 2154 726 2238 fecerunt.
774 2152 912 2222 Romani
926 2170 958 2222 et
973 2156 1146 2234 Eumenes,
1160 2156 1268 2244 quoad
1288 2155 1445 2221 subiicere

382 2242 517 2328 remiges
528 2254 708 2327 potuerunt,
724 2255 756 2306 et
769 2242 801 2306 in
815 2265 871 2328 spe
885 2256 976 2308 erant
990 2243 1122 2308 extremi
1144 2242 1279 2330 agminis
1293 2242 1442 2325 vexandi,

382 2329 456 2400 satis
469 2329 681 2412 pertinaciter
703 2328 802 2394 secuti
827 2341 910 2395 sunt.
932 2343 1098 2416 postquam
1122 2329 1281 2394 celeritate
1301 2329 1443 2408 navium,

382 2429 493 2502 utpote
504 2415 631 2492 levium,
643 2437 714 2479 suas
726 2429 905 2480 commeatu
917 2429 1044 2482 onustas
1056 2415 1141 2482 eludi
1152 2415 1268 2481 frustra
1278 2414 1444 2500 tendentes

382 2503 541 2578 viderunt,
562 2503 689 2566 tandem
713 2502 918 2579 abstiterunt;
941 2503 1091 2568 tredecim
1107 2503 1207 2588 captis
1221 2500 1354 2568 navibus
1368 2524 1444 2568 cum

383 2587 485 2654 milite
508 2610 545 2653 ac
568 2589 698 2672 remige,
724 2587 834 2652 decem
863 2588 1023 2654 demersis.
1068 2591 1222 2654 Romanae
1250 2589 1358 2654 classis
1379 2611 1445 2654 una

384 2675 506 2740 Punica
531 2675 629 2750 navis,
645 2675 678 2737 in
694 2676 800 2759 primo
822 2677 993 2741 certamine
1014 2675 1055 2740 ab
1076 2674 1199 2740 duabus
1217 2673 1446 2755 circumventa,

382 2761 487 2848 periit.
533 2760 744 2848 Polyxenidas
767 2781 833 2826 non
859 2763 958 2847 prius,
976 2783 1075 2848 quam
1092 2765 1123 2826 in
1138 2775 1234 2848 portu
1249 2760 1380 2849 Ephesi,
1396 2761 1446 2826 fu·
1535 2831 1536 2838 χ

381 2864 433 2934 gae
447 2847 542 2912 finem
558 2843 642 2913 fecit.
685 2847 712 2892 ’ἵ
724 2849 861 2914 Romani
876 2871 915 2914 eo
929 2849 988 2926 die,
1006 2849 1090 2914 unde
1110 2871 1234 2935 egressa
1254 2849 1342 2936 regia
1363 2848 1446 2913 clas-
1535 2881 1536 2916 2

382 2935 424 2999 sis
440 2947 516 3011 erat,
534 2947 738 3000 manserunt:
762 2948 889 3020 postero
914 2935 967 3000 die
991 2935 1112 3000 hostem
1135 2934 1280 3022 persequi
1299 2934 1445 3000 intende·
1535 2977 1536 3004 l

381 3034 468 3086 runt.
491 3021 597 3084 medio
611 3019 675 3085 fere
689 3021 721 3085 in
737 3038 832 3086 cursu
846 3022 949 3087 obvioe
962 3022 1050 3088 fuere
1064 3023 1102 3086 iis
1116 3022 1256 3108 quinque
1277 3032 1310 3086 et
1332 3020 1446 3109 viginti
1535 3021 1536 3034 ¹

382 3121 475 3172 tectae
491 3106 630 3172 Rhodiae
644 3129 751 3185 naves,
767 3130 840 3172 cum
857 3109 1052 3175 Pausistrato
1073 3108 1224 3194 praefecto
1238 3107 1355 3173 classis.
1401 3107 1445 3172 lis
1535 3113 1536 3140 l

381 3193 549 3280 adjunctis,
572 3193 734 3279 Ephesum
765 3195 885 3260 hostem
911 3195 1075 3280 persecuti,
1099 3207 1175 3260 ante
1199 3195 1314 3260 ostium
1334 3206 1446 3280 portus

382 3282 449 3346 acie
471 3281 625 3345 instructa
646 3292 811 3347 steterunt.
857 3281 1027 3367 Postquam
1044 3281 1270 3348 confessionam
1289 3280 1383 3347 victis
1397 3305 1447 3346 sa-

381 3369 422 3432 tis
438 3379 670 3452 expresserunt,
683 3365 802 3432 Rhodii
813 3378 845 3432 et
856 3369 1014 3432 Eumenes
1029 3367 1141 3434 domos
1156 3368 1298 3434 dimissi:
1323 3367 1446 3432 Roma-

336 3469 338 3474 ·
381 3454 427 3533 ni,
455 3453 572 3518 Chium
594 3464 747 3540 petentes,
770 3453 1018 3541 Phoenicuntem
1041 3456 1181 3540 primum
1207 3468 1336 3542 portum
1363 3453 1448 3540 Ery-

381 3538 494 3603 thraeae
515 3552 609 3604 terrra
631 3541 838 3624 praetervecti‚
854 3554 948 3606 nocte
970 3541 1116 3606 anchoris
1126 3543 1230 3627 jactis,
1250 3553 1379 3627 postero
1392 3542 1448 3608 die

379 3627 414 3690 in'
430 3625 564 3690 insulam
586 3626 628 3690 ad
648 3627 748 3712 ipsam
759 3627 875 3692 ‘urbem
891 3628 1092 3713 trajecerunt.
1116 3629 1170 3693 ubi
1185 3650 1303 3715 paucos
1317 3629 1386 3693 dies
1397 3651 1449 3694 re-

380 3713 467 3798 mige
480 3713 794 3778 maximareficiendo
805 3715 931 3792 morati,¹
944 3713 1113 3780 Phocaeam
1129 3716 1359 3798 transmittunt.
1396 3715 1450 3780 Ibi

381 3799 499 3864 relictis
509 3800 550 3863 ad
565 3801 749 3884 praesidium
767 3800 853 3866 urbis
867 3815 1003 3888 quatuor
1018 3802 1310 3889 quinqueremibus,
1324 3802 1367 3866 ad
1384 3802 1450 3867 Ca-

298 3933 301 3939 .
314 3937 326 3960 ,2
381 3907 438 3950 nas
460 3886 566 3950 classis
584 3887 686 3951 venit:
710 3899 751 3968 et,
767 3909 864 3973 quum
882 3889 950 3975 jam
971 3888 1072 3953 hiems
1093 3887 1267 3974 adpeteret,
1280 3888 1365 3954 fossa
1380 3889 1449 3954 val·

413 4081 446 4122 36
466 4075 896 4139 Uhipugnampedertrr‘rimilemfi-
927 4083 974 4140 gin
995 4083 1078 4130 charis
1094 4089 1153 4136 erat.
1168 4078 1320 4146 nunaunt]
1347 4084 1451 4132 Videtur

381 4135 463 4204 curet]
480 4141 615 4189 Gronovius
630 4142 685 4200 jure
702 4144 811 4190 emendat
820 4145 897 4204 sireis-
929 4146 969 4191 hic
984 4148 1097 4194 excidisse
1115 4163 1200 4203 noman
1218 4149 1271 4203 loci,
1281 4147 1306 4194 in
1319 4163 1369 4208 qno
1381 4162 1451 4196 nrm·

380 4213 442 4263 reat,
455 4220 539 4266 nempe
550 4208 654 4266 prefecti
670 4213 695 4254 et
711 4215 896 4268 propugnatores
929 4213 1134 4262 saruntRonrani.
1168 4211 1401 4276 Forsamlagendnm
1412 4218 1452 4260 ast

376 4272 488 4333 narium.
720 4297 723 4308 ·
858 4293 874 4312 υ
926 4275 1260 4342 Cymntqundeegrma.
1280 4277 1348 4329 'Vid
1368 4292 1452 4342 supra,

415 4342 446 4384 ³7
465 4337 570 4384 Romani
580 4353 605 4384 eo
616 4338 664 4394 dt‘e,
677 4338 742 4392 uude¹
755 4353 849 4400 egressa
860 4354 896 4386 rc·
929 4355 950 4388 c.
964 4348 1003 4389 ⁴8.
1378 4353 1391 4365 ”
