3136 4982
396 201 456 262 sot
647 245 651 252 .
781 191 1092 274 'r1r1ttvrt
1163 201 1202 252 ·.:

234 379 265 428 u.
277 379 306 426 ο.
316 381 371 426 soa
381 367 482 462 fidem
492 367 670 450 Actaeorum
685 367 868 452 tutelamque
886 367 922 430 T.
937 365 1099 442 Quinctius
1107 375 1138 432 et
1149 365 1284 430 Rmuom.
1291 361 1431 444 Lotottiod

233 445 263 492 Α·
276 443 305 490 ⁰·
317 449 371 494 ¹⁸⁹·
394 475 459 516 orte
471 456 597 518 castello
608 463 639 518 et
651 453 732 518 oicos
745 455 956 530 tradidissent,
967 457 1007 529 et,
1020 473 1107 538 qtetm
1121 451 1329 518 abstineretis
1341 453 1431 535 eafae

393 541 706 604 dereLooedaemonii
719 539 869 616 debmeot,
882 540 1045 614 Los‘oious
1055 540 1242 624 obpugnatus
1252 540 1433 615 estetscoedes·
1511 599 1512 616 ἶ

306 634 309 640 ’
394 647 451 710 que
465 626 608 710 ibifocto
615 649 628 700 ,·
642 623 772 710 quiajos
783 628 977 689 reiomtores
987 627 1161 709 adfinesque
1172 625 1347 701 essent-nisi
1358 625 1434 686 dede·

393 719 503 775 rentur
515 711 647 791 Acteis,
661 709 807 776 uiolatum
821 713 923 775 videri
930 711 1066 796 fadus..
1095 710 1147 775 Ad
1169 709 1376 793 exposcendos
1388 731 1433 772 eos
1511 735 1512 750 ¹

394 796 424 860 le
446 799 489 862 ati
512 797 675 883 extemplo
698 796 960 862 Lacedaemonem
987 797 1074 861 missi
1097 808 1180 862 sunt.
1214 796 1263 861 *ld
1285 793 1434 882 imperium

232 891 380 968 tsestaao-
395 819 476 948 aies
490 884 661 968 superbum
677 897 709 949 et
729 883 895 972 indignum
913 883 1164 948 Laeedaemoniis
1180 883 1278 948 visum
1293 895 1347 962 est,
1360 893 1399 957 ut,
1414 879 1451 944 si.
1495 917 1512 956 ,ι

232 971 377 1084 flffiom'
394 969 525 1056 antiqua
546 969 680 1035 civitatis
700 968 829 1034 fortuna
850 981 939 1047 esset,
961 968 1164 1052 hauddubie
1185 991 1272 1034 arma
1292 965 1436 1054 extemplo
1511 976 1512 990 ¹

340 1053 347 1068 '
393 1057 517 1142 capturi
538 1055 664 1121 fuerint.
691 1056 827 1120 maxime
851 1069 958 1120 autem
982 1056 1194 1120 consternavit
1219 1079 1272 1120 eos
1292 1066 1395 1131 metus,
1415 1051 1435 1114 si
1511 1071 1512 1076 ¹

394 1142 488 1208 semel
511 1143 622 1228 primis
644 1143 783 1228 imperiis
804 1142 983 1218 obediendo
998 1143 1112 1230 jugum
1135 1144 1332 1228 accepissent,
1351 1161 1395 1216 ne,
1408 1138 1435 1201 id

393 1228 481 1316 quod
491 1229 558 1314 jam
574 1229 631 1294 diu
647 1227 821 1308 moliretur,
838 1227 1057 1314 Philopoemen
1074 1228 1236 1293 exsulibus
1251 1225 1436 1292 Lacedamo·
1511 1275 1512 1284 ,

392 1319 467 1382 nem
490 1316 638 1381 traderet.
683 1315 835 1380 Furentes
851 1315 954 1401 igitur
979 1315 1036 1392 ira,
1060 1315 1189 1402 triginta
1211 1314 1391 1379 hominibus
1404 1331 1437 1374 ex

392 1401 538 1479 fictione,
554 1424 627 1468 cum
643 1424 705 1489 qua
726 1401 931 1467 consiliorum
951 1400 1056 1488 'eliqua
1079 1401 1209 1467 societas
1227 1397 1436 1486 Philopoemeni

391 1495 488 1576 atque
502 1488 662 1554 exsulibus
684 1501 761 1564 erat,
777 1487 958 1564 interfectis,
971 1487 1192 1565 decreverunt,
1206 1484 1435 1552 renuntiandam

391 1576 572 1662 societatem
590 1574 729 1652 Achaeis,
744 1569 926 1659 legatosque
945 1575 1108 1660 extemplo
1124 1573 1357 1660 Cephalleniam
1377 1571 1438 1634 mit-⁴
1511 1647 1512 1656 ἶ

391 1662 515 1738 tendor,
532 1663 587 1748 qui
604 1661 726 1727 consuli
743 1659 793 1726 Μ.
809 1659 931 1737 Fulvio,
946 1661 1064 1748 quique
1079 1661 1234 1725 Romanis
1252 1659 1436 1724 Lacedaemo·

391 1771 465 1814 nem
479 1748 631 1814 dederent
639 1773 648 1825 ;
671 1749 860 1832 orarentque
873 1769 958 1828 eum,
974 1759 1009 1812 ut
1023 1747 1147 1812 reniret»
1156 1748 1189 1811 in
1201 1747 1435 1832 Peloponnesum

376 1836 433 1901 *ad
447 1835 559 1900 urbem
577 1834 840 1900 Lacedaemonem
854 1833 888 1897 in
910 1833 1007 1900 fidem
1022 1833 1240 1922 ditionemque
1261 1830 1367 1922 populi
1382 1829 1436 1894 Re
1452 1883 1454 1892 .

392 1922 479 1986 mani
494 1921 722 2004 accipiendam.
827 1945 840 1979 ι
971 1975 974 1980 ,
1035 1931 1037 1935 ’
1129 1987 1131 1992 ,
1234 1975 1235 1978 ,

231 2013 350 2078 nebetta
434 1997 583 2073 XXXII.
607 2007 647 2072 ld
673 2008 730 2092 ubi
755 2006 850 2094 legati
876 2007 916 2072 ad
939 2005 1077 2072 Acbaeos
1103 2007 1290 2086 retulerunt,
1310 2002 1435 2070 omniun

230 2093 577 2172 1<acetrum-civitutium‚
593 2117 665 2180 quae
687 2095 752 2180 ejus
774 2093 901 2159 concilii
922 2107 1023 2181 erant,
1039 2091 1193 2158 consensu
1216 2094 1332 2160 bellum
1353 2091 1436 2156 Lace·

230 2162 558 2275 ffifz‘ffldoemoniis
573 2180 728 2245 indictum
742 2193 800 2245 est.
823 2203 863 2244 ne
877 2179 1036 2264 extemplo
1057 2193 1231 2265 gereretur,
1247 2181 1344 2245 hiems
1364 2177 1437 2260 inpe‘

391 2266 461 2335 diit.
506 2266 746 2332 Incursionibus
776 2281 883 2332 tamen
912 2267 1027 2353 pariis,
1044 2266 1334 2356 ‚latrociniimagis
1357 2282 1435 2350 quam

391 2353 466 2418 belli
489 2355 596 2439 modo,
611 2377 679 2420 non
703 2367 788 2419 terra
812 2367 946 2431 tantum,
963 2353 1018 2417 sed
1043 2353 1138 2417 etiam
1159 2354 1293 2420 navibus
1315 2365 1352 2417 a·
1370 2346 1436 2413 mati

325 2509 328 2516 ,
389 2439 469 2506 lines
484 2463 594 2507 eorum
610 2441 732 2521 vastati.
779 2439 847 2504 Hic
861 2440 1015 2504 tumultus
1029 2439 1188 2504 consulem
1206 2439 1241 2504 in
1258 2439 1436 2524 Peloponne-

391 2541 460 2592 sum
481 2527 631 2605 abduxio
650 2529 801 2613 jussuque
823 2525 988 2612 ejus.Elin.
1000 2524 1137 2591 concilio
1158 2525 1288 2603 indicto,
1305 2521 1435 2590 Lacedae·

390 2614 491 2688 monii
505 2613 546 2678 ad
567 2613 807 2698 disceptandum
825 2613 941 2678 adciti:
977 2612 1100 2700 Magna
1121 2611 1254 2678 ibinon
1269 2606 1435 2696 disceptatio

391 2699 499 2778 modo,
525 2699 582 2764 sed'
609 2701 703 2765 etiam
734 2698 897 2764 altercatio
925 2698 992 2764 fuit.
1023 2698 1074 2766 cui
1103 2699 1224 2777 consul,
1252 2721 1348 2787 quum
1375 2695 1433 2767 alia,

389 2787 464 2852 satis
478 2785 674 2852 ¹⁸ambitiose
694 2801 817 2871 partem
835 2785 1169 2872 utramquefovendo,
1185 2786 1307 2852 incerta
1326 2801 1436 2869 respon-

389 2873 495 2952 disset,
512 2897 577 2939 una
598 2872 920 2952 denunciatione,'ut'
933 2872 1017 2937 bello
1041 2872 1361 2951 abstinerent-donec
1381 2869 1435 2932 llo·

228 2972 352 3034 tamisa
392 2965 475 3026 mem
490 2961 610 3048 legatos
624 2961 665 3024 ad
680 2975 824 3024 senatum
839 2960 1003 3037 misissent,
1020 2959 1116 3024 linem
1131 2959 1284 3042 inposuit.
1315 2955 1435 3040 ¹Utrim-

227 3037 334 3150 fflgf
390 3069 452 3149 que
474 3047 589 3136 legatio
612 3046 706 3112 missa
722 3047 856 3111 Romam
879 3059 945 3113 est..
958 3045 1081 3112 exsules
1102 3067 1228 3132 quoque
1248 3042 1434 3111 Laoedaemo·

123 3199 127 3206 ,
207 3169 366 3223 „inum
389 3155 517 3200 ntorum
538 3155 627 3198 suam
650 3155 790 3198 caussam
817 3133 1068 3221 legationemque
1089 3131 1215 3197 thaeis
1239 3133 1434 3219 injunxerunt

354 3216 356 3230 '
390 3220 578 3307 Diophanes
596 3230 640 3284 :et
670 3219 833 3305 Lycortas,
866 3217 1129 3307 Megalopolitani
1161 3219 1268 3301 ambo,
1296 3215 1435 3306 principes

389 3305 556 3396 legationis
571 3305 767 3371 thaeorum
781 3305 920 3370 fuerunt.
942 3306 1008 3392 qui,
1024 3304 1210 3370 dissidentes
1225 3305 1258 3370 in
1281 3301 1433 3391 republica

390 3407 457 3458 turn
474 3415 600 3481 quoque
621 3393 751 3463 minime
772 3393 855 3457 inter
869 3415 902 3456 se
916 3392 1136 3456 convenientes
1158 3393 1316 3457 orationes
1336 3390 1436 3454 habue-

389 3493 476 3546 runt.
520 3480 716 3565 Diophanes.
735 3478 855 3544 senatui
886 3479 1145 3564 disceptationem
1175 3480 1319 3543 omnium
1345 3489 1435 3541 rerum
1511 3519 1512 3532 ,

389 3567 607 3654 permittebat:
633 3589 686 3632 eos
705 3567 825 3651 optime
846 3566 1074 3630 controversias
1088 3564 1170 3629 inter
1185 3565 1321 3630 Achaeos
1335 3584 1370 3628 ac
1383 3559 1434 3624 La·
1511 3621 1512 3634 ,

389 3653 601 3719 oadaemonioa
616 3653 762 3717 finituros
776 3675 853 3716 esse.
887 3652 1041 3738 Lycortas
1055 3675 1094 3715 ex
1107 3653 1276 3736 praeceptis
1293 3648 1435 3732 Philopoe-

388 3739 491 3806 menis
510 3738 701 3825 postulabat,
719 3752 753 3803 ut
768 3739 896 3803 Achaeis
910 3761 949 3804 ex
968 3737 1089 3804 ferdere
1102 3761 1140 3802 ac
1154 3736 1361 3825 legibussuis,
1376 3751 1435 3817 qut

388 3827 577 3905 decressent,
598 3846 692 3914 agere
713 3825 838 3890 liceret:
860 3826 1101 3910 libertatemque
1122 3815 1182 3888 sibi
1208 3824 1378 3897 inlibatam,
1392 3837 1437 3880 cu·

383 3914 437 4001 jus
461 3914 523 3999 ipsi
549 3925 692 3979 auctores
718 3926 830 3989 essent,
860 3923 1053 3998 praestarent.
1099 3909 1232 4000 Magnas
1258 3901 1435 3981 auctoritatis

387 4001 473 4088 apud
502 4001 665 4066 Romanos
690 4012 758 4063 tum
784 4021 861 4080 gons
884 3997 1078 4062 Achaeorum
1104 4011 1190 4064 erat:
1214 3996 1323 4062 novari
1345 4009 1435 4059 tamen

387 4087 467 4152 nihil
493 4088 534 4152 tle
561 4085 810 4152 Lacedaemoniis
838 4084 993 4170 placebat.
1023 4099 1168 4149 cetarum
1192 4101 1373 4176 responsum
1399 4075 1436 4138 itt

815 4215 851 4287 1ἐ
862 4242 939 4290 Gron.
950 4243 1017 4288 Cret.
1084 4257 1086 4264 ·

386 4421 398 4454 ,
496 4399 524 4438 tt
541 4388 684 4456 Antlitt'ose]
701 4391 815 4450 Molliter,
827 4399 851 4440 et
863 4395 1036 4444 accommodate
1048 4395 1075 4442 ad
1088 4393 1186 4454 gratiam
1198 4387 1346 4454 captandam·
