3082 4976
472 165 566 224 cru.
587 166 652 228 xc.
679 165 783 252 cae.
804 163 890 225 xxr.
1158 167 1218 228 ere

146 328 285 414 petenda
305 341 404 394 esset:
430 327 626 415 speculatum
649 330 750 412 magis
771 327 1019 416 inquisitumque
1038 326 1124 394 missi
1145 326 1294 396 lldeun
1307 343 1363 396 sm.

147 416 196 494 iis,
227 436 364 502 quornm
393 415 527 481 Perseus
553 416 752 482 Demetrium
782 415 992 482 insimulasset
1022 436 1216 493 sermonum,
1225 415 1365 462 &0¹⁸¹-

146 524 221 568 cum
239 501 405 578 Romanis,
422 503 561 566 maxime
582 524 656 566 cum
679 502 720 567 T.
737 502 900 588 Quinctio,
916 501 1067 566 adversus
1088 501 1218 567 fratrem

146 585 188 654 de
204 609 305 738 regno
322 588 518 654 habitorum.
564 587 649 668 Hos,
664 604 827 676 remquam
849 588 982 669 medios,
1003 611 1063 652 nec
1084 588 1119 653 in
1141 587 1220 654 alte-s

146 675 213 739 rius
255 697 381 740 svorem
413 675 592 752 inclinatos,
621 675 746 740 miserat
769 697 835 740 rex.
866 689 959 740 erent
987 688 1094 740 eutem
1123 688 1154 740 et
1183 673 1219 738 hi

150 761 259 826 Persei
275 760 394 827 fraudis
409 761 441 825 in
457 760 585 826 fratrem
603 761 738 832 ministri
752 773 784 825 et
797 761 978 846 participes.
1023 757 1220 838 Demetrius,

147 846 336 926 nomnium,
352 854 567 936 praeterquam
583 845 714 912 fraterni
736 847 871 924 sceleris,
888 846 976 932 quod
991 869 1092 932 nuper
1107 870 1221 932 erupe-

150 933 210 1012 r'st,
226 934 366 1022 ignarus,
382 934 490 1019 primo
503 956 606 1020 neque
624 955 784 1022 magnam,
800 955 903 1018 neque
924 932 1045 1000 nullam
1061 956 1149 1020 spem
1167 935 1222 998 hs·

150 1017 254 1102 bebat,
270 1033 391 1107 patrem
414 1021 474 1084 sibi
496 1020 615 1106 placari
636 1042 741 1106 posse.
764 1021 869 1084 minus
891 1016 1009 1084 deinde
1029 1019 1062 1084 in
1079 1020 1147 1086 dies
1165 1042 1222 1106 pa·

149 1107 207 1171 tris
229 1109 337 1172 animo
362 1105 493 1182 fidebat,
509 1128 607 1194 quum
630 1105 769 1174 obsideri
793 1128 886 1170 aures
907 1129 927 1170 a
947 1105 1045 1171 fratre
1067 1120 1221 1173 cerneret.

150 1193 276 1278 ltaque,
297 1193 554 1278 circumspiciens
579 1193 665 1258 dicte
685 1191 829 1278 factaque
853 1214 921 1269 sua,
944 1215 985 1256 ne
1006 1194 1097 1278 cujus
1119 1193 1220 1278 suspi-

150 1279 258 1344 ciones
284 1295 425 1368 augeret,
450 1280 589 1344 maxime
614 1278 655 1343 ab
680 1278 768 1343 omni
793 1278 953 1342 mentione
975 1290 1005 1343 et
1031 1281 1224 1366 contagione

151 1362 375 1430 Romanorum
412 1365 608 1443 abstinebam
645 1378 682 1429 ut
714 1387 818 1452 neque
852 1363 879 1407 7³
888 1363 983 1428 scribi
1022 1365 1081 1430 sibi
1116 1366 1221 1444 vellet,

151 1453 225 1538 quia
251 1451 314 1516 hoc
342 1451 505 1538 praecipue
534 1452 702 1516 criminum
729 1473 845 1538 genere
870 1451 1049 1538 exasperari
1078 1452 1221 1516 animum

150 1537 315 1604 sentiebat.

195 1623 295 1690 XXI.
318 1623 499 1710 Philippus,
522 1621 615 1688 simul
638 1646 679 1688 ne
702 1623 768 1689 otio
790 1621 879 1687 miles
902 1624 1041 1689 deterior
1063 1624 1163 1700 fieret,
1182 1624 1335 1710 si-rhffirri

153 1711 221 1775 mul
244 1712 425 1776 avertendae
447 1711 636 1794 suspicionis
650 1733 761 1776 caussa
775 1710 948 1796 quidquam
972 1733 991 1773 a
1007 1733 1040 1776 se
1054 1709 1169 1799 agitari
1183 1703 1277 1777 de,lter
1288 1699 1316 1744 ’ἃ
1327 1697 1384 1808 Ηζ·

155 1798 305 1864 Romano
327 1797 420 1877 bello,
438 1799 554 1876 Stobos
576 1797 717 1862 Paeoniae
739 1797 880 1861 exercitu
906 1797 1038 1874 indicto,
1056 1799 1087 1875 iu
1105 1777 1298 1878 Maedisffi
1309 1776 1379 1810 ‘⁰⁰'

154 1897 223 1948 cem
240 1883 356 1949 ducere
371 1885 485 1972 pergit.
526 1883 653 1970 Cupido
668 1905 741 1947 eum
757 1897 884 1968 ceperat
899 1883 931 1946 in
947 1884 1096 1948 verticem
1116 1884 1226 1970 Haemi

154 1972 272 2036 montis
286 1971 509 2047 adscendendi,
526 1969 608 2059 quia¹
620 1970 757 2059 vulgatae
772 1969 916 2054 opinioni
931 1970 1122 2050 crediderat,
1139 1970 1226 2035 Pon·

155 2058 254 2122 ticum
276 2056 371 2128 simul
393 2071 424 2122 et
448 2056 669 2122 Hadriaticum
693 2079 791 2135 mare,
812 2071 843 2122 et
865 2055 1016 2140 Histrum
1040 2079 1180 2140 amnem,
1189 2071 1229 2142 ¹et

157 2143 257 2229 Alpes
279 2143 419 2228 conspici
441 2166 552 2229 posse:
576 2144 717 2232 subjecta
741 2139 841 2208 oculis
868 2167 904 2207 ea
930 2143 1019 2208 haud
1048 2145 1228 2228 parvi'sibl

155 2234 310 2295 momenti
324 2230 433 2308 futura
447 2231 486 2294 ad
503 2230 729 2318 cogitationem
748 2229 887 2293 Romani
903 2229 986 2293 belli.
1034 2230 1227 2300 Percuncta·
1261 2249 1263 2252 ·

156 2328 209 2381 tus
231 2317 370 2404 regionis
397 2313 520 2400 peritos*
536 2319 575 2392 de
597 2315 749 2382 adscensu
775 2313 1020 2403 Haemi,'quum
1048 2317 1122 2381 satis
1148 2317 1229 2402 inter

156 2425 266 2484 omnes
288 2416 457 2478 constaret,
473 2403 556 2466 viam
583 2401 736 2468 exercitui
759 2400 880 2466 nullam
903 2425 979 2478 esse,
996 2403 1105 2488 paucis
1121 2415 1230 2488 etex*

157 2489 272 2573 peditis
287 2487 622 2572 ⁷⁴perdifficillimum²
636 2488 768 2568 aditum,
786 2502 820 2552 ut
838 2510 985 2570 sermone
1006 2484 1155 2554 familiari
1170 2491 1231 2574 ml·

156 2598 270 2640 norem
291 2575 393 2640 filium
418 2575 640 2662 permulceret,
664 2597 758 2662 quem
781 2585 936 2640 statuerat
957 2596 1028 2640 non
1045 2575 1162 2642 ducere
1184 2599 1232 2640 se-

159 2665 404 2747 cumprimum
429 2661 543 2746 quaerit
565 2661 677 2741 abeo,
696 2660 795 2737 Quum
820 2672 909 2726 tanto
934 2659 1095 2747 dffcultus
1116 2663 1232 2732 itineris

156 2759 356 2831 proponatur,
377 2759 475 2812 utrum
495 2747 748 2832 perseverandum
769 2748 806 2811 sit
828 2747 857 2812 in
879 2749 1003 2829 incepto,
1020 2770 1061 2834 ort
1083 2750 1232 2824 obstinen-

159 2833 256 2898 dumi
280 2835 314 2896 Si
333 2845 449 2920 pergat
472 2845 573 2900 tomen
595 2834 648 2912 ire,
672 2855 729 2897 που
754 2855 840 2916 posse
861 2833 997 2898 obliuisci
1016 2856 1048 2898 se
1069 2835 1103 2898 ln
1122 2836 1233 2911 talibus

160 2923 248 2986 rebus
261 2917 451 3006 ⁷⁵Antigom':
475 2923 539 3005 qui,
555 2942 640 2988 saeuu
661 2928 839 3002 tempestate
851 2917 1002 3004 ⁹iactatus,
1019 2942 1110 3004 quum
1129 2921 1160 3006 ip
1179 2943 1232 2986 eu·

158 3009 227 3070 dem
239 3029 318 3076 nuce
330 3029 428 3073 secum
444 3028 513 3072 suos
527 3027 629 3071 omues
645 3007 807 3086 nutasset,
821 3007 995 3090 precepisse¹
1005 3007 1232 3087 tiberisdicere-

161 3105 220 3171 tur,
236 3105 269 3158 ut
293 3103 323 3157 et
344 3095 404 3176 ipsi
426 3094 635 3170 meminissent,
651 3101 680 3156 et
701 3093 748 3156 itu
769 3092 901 3176 posteris
920 3095 1091 3178 proderent,
1112 3116 1149 3172 pe
1169 3096 1233 3178 quis

160 3203 227 3263 cum
242 3190 310 3244 toto
323 3190 415 3264 geute
428 3181 516 3245 simul
531 3181 561 3244 in
584 3179 670 3253 rebus
684 3178 784 3243 dubiis
801 3180 967 3260 periclitari
981 3182 1114 3244 auderet.
1160 3182 1234 3246 Me-

161 3265 272 3332 morem
290 3288 363 3352 ergo
378 3289 409 3332 se
429 3262 573 3349 praecepti
594 3263 668 3350 ejus,
684 3267 759 3330 duos
779 3265 869 3330 simul
878 3262 965 3346 filios
986 3268 1233 3346 stotecqmmissm,

535 3393 550 3422 ²
557 3405 602 3450 per
612 3389 782 3452 difficillimum
794 3365 867 3439 Ores„

196 3507 225 3552 71
244 3501 286 3548 De
307 3503 339 3547 s's‘s
359 3517 458 3562 quorum
474 3501 578 3550 Perseus
596 3503 683 3564 Deme<
716 3504 815 3550 boscum
828 3503 849 3548 ei
861 3503 1078 3552 cousuetudcemt.

163 3568 240 3616 trium
258 3567 421 3614 insimulasset
437 3565 583 3629 samonum]
606 3571 643 3614 De.
654 3569 684 3615 iis
749 3575 780 3617 74
797 3568 847 3614 Per
863 3568 1032 3629 dffcitts'mssm
1048 3565 1153 3633 aditum]
1173 3572 1235 3633 Lege

151 3633 322 3685 rsermonibus,
334 3644 435 3690 quorum
447 3647 592 3686 sermonum,
605 3639 650 3680 etc.
716 3647 769 3680 cum
783 3635 914 3687 (ir-onorio,
926 3635 1131 3696 perdifficilis'ma.
1154 3637 1238 3684 *Sen-

196 3703 228 3747 72
248 3697 368 3750 Omnium,
382 3705 552 3759 ‘preterquam
572 3698 685 3758 fraterni
716 3714 756 3746 sus
767 3704 812 3757 est,
821 3712 908 3758 paucos
919 3705 944 3746 et
956 3701 1077 3761 expeditos
1089 3711 1117 3748 eo
1127 3704 1239 3750 secedere

162 3765 258 3812 sceleris
272 3796 298 3810 ..
316 3759 428 3824 ignarus]
444 3764 519 3810 Vetus
536 3764 607 3810 lectio
623 3769 683 3824 erut,
715 3778 794 3826 posse,
806 3765 846 3810 sed
856 3778 898 3823 per
909 3765 960 3811 locu
971 3766 1116 3815 difficillima.

160 3834 224 3881 teste
242 3829 376 3886 Gronosio,
394 3829 430 3892 (et
448 3830 577 3886 assentitur
591 3829 683 3880 Victor.
749 3826 943 3892 saussignac]
959 3833 1111 3894 Antigonum
1123 3833 1157 3880 sic
1173 3835 1237 3880 nudo

162 3892 245 3956 codex)
266 3900 426 3956 proetnquam
444 3891 561 3952 fraterno
580 3896 683 3942 sceteree
717 3895 869 3943 nomiostum
894 3895 1050 3958 intelligimus
1070 3900 1186 3959 inclytum
1208 3899 1237 3945 il·

163 3961 308 4022 qusmidem
327 3961 580 4020 hocmodcexpouit3
597 3961 684 4011 Deme·
716 3962 772 4008 lum
789 3960 918 4012 Alexmdu
940 3962 1023 4012 ducem
1047 3964 1091 4022 qui
1109 3964 1237 4011 maximum

160 4027 235 4074 trium
247 4025 363 4080 omnium,
375 4040 429 4086 quse
445 4025 476 4072 de
485 4040 510 4072 ss
525 4031 627 4087 petrem,
637 4026 684 4072 fre·
716 4031 802 4087 preter
812 4031 908 4078 ,ceteros
918 4041 1002 4076 omnes
1018 4029 1149 4088 potentium
1166 4029 1238 4091 edep-

160 4097 232 4144 trem,
244 4095 321 4138 totum
337 4093 416 4140 sulem
429 4091 522 4152 agitare
537 4096 620 4152 posset
632 4105 685 4138 sus·
716 4099 766 4150 tus,
777 4092 804 4138 iu
822 4103 910 4154 pugne
922 4093 953 4140 sd
972 4093 1054 4154 Ipsum
1073 4094 1238 4150 octogenarius

161 4155 246 4220 picari,
277 4156 379 4202 inscium
415 4157 497 4214 fuisse,
530 4161 685 4218 preterquun
718 4158 818 4217 cecidit3
842 4157 911 4218 cuius
936 4159 1025 4218 posteri
1050 4160 1076 4206 iu
1098 4160 1241 4208 Mecedonis

162 4225 279 4282 quantum
302 4235 331 4268 ex
353 4221 439 4270 scelere
461 4224 570 4272 fraterne
589 4235 685 4268 secum
718 4229 863 4284 regnorum
880 4234 950 4282 quem
970 4223 1010 4270 hic
1026 4224 1127 4285 proinde
1147 4225 1240 4288 Rutup-

162 4287 237 4342 tionis
248 4286 377 4348 colligeret.
484 4323 494 4334 .
565 4335 567 4342 ,
719 4302 763 4351 pus
774 4293 894 4336 auctorem
910 4290 1001 4348 generis
1013 4290 1051 4337 sni
1065 4303 1119 4338 cum
1135 4291 1240 4340 [cuderet

197 4351 350 4424 7³*ScrtttJ
364 4352 685 4413 LittersssRomsuis,qui·
718 4353 1006 4403 versutionenomtnst„
1097 4390 1099 4399 .
1177 4391 1184 4400 .
1233 4376 1237 4400 2
