3126 4978
444 147 537 232 arn.
557 167 720 232 xxxvn.
741 169 840 231 car.-
860 170 950 231 xrrr.
1172 179 1233 260 aaa
1273 153 1276 168 '

168 353 235 414 mc,
251 334 422 402 miremur:
442 357 549 423 quem,
566 333 635 404 aliia
656 333 824 402 virtutibus
846 333 966 406 bellicis
987 333 1230 428 haudquaquam
1241 357 1308 408 tta
1320 364 1384 410 ace.

171 420 368 496 Pausistrato
393 443 514 507 parem,
535 422 721 502 cautiorem,
740 442 805 507 quo
830 421 935 485 minus
956 422 1055 488 animi
1076 436 1153 501 erat,
1174 425 1307 496 dtr-M·
1324 433 1376 480 rac·

144 527 241 578 ‚cent
252 505 588 582 futummoredcbsnt.
635 507 774 574 Romani
792 520 823 573 et
839 507 998 577 Eumenes
1019 529 1077 576 rex
1098 511 1132 574 in
1148 509 1232 598 Ery·

167 591 302 660 thracam
319 594 463 678 primunr
481 593 645 660 ssclassem
668 592 898 678 adplicuerunt
920 593 965 658 ibi
987 605 1111 662 noctem
1135 618 1231 664 unam

166 680 293 756 morati,
314 691 441 764 postero
465 679 517 744 die
540 679 701 766 Corycum
725 679 880 744 Teiorum
904 681 1159 765 promontorium
1185 697 1231 750 te·

165 778 317 831 uuerunt.
344 765 421 830 inde
442 786 540 850 quum
562 765 596 830 in
622 765 772 850 proxima
795 766 911 832 Samioe
932 765 1049 832 vellent
1075 767 1230 854 trajicere,

165 871 233 916 non
247 863 432 937 exspectato
447 851 522 918 solis
537 862 622 928 ortu,
634 873 675 916 ex
689 873 754 937 qno
769 863 884 917 statum
900 851 975 918 coeli
990 864 1100 918 notare
1138 855 1230 920 uber·

124 984 138 988 -
165 949 292 1002 notares
312 949 450 1023 possent,
465 937 664 1003 inincertam
681 949 898 1022 tempestatem
912 939 1076 1011 miserunt.
1157 941 1231 1008 edio

164 1023 198 1088 in
214 1045 319 1100 cursu,
335 1022 518 1111 ⁴²aquilone
531 1024 565 1088 in
580 1024 825 1109 septentrionem
837 1046 935 1104 verso,
951 1038 1136 1112 exasperato
1149 1029 1230 1094 fluc-

163 1109 250 1174 tibus
264 1111 344 1174 mari
353 1111 468 1195 jactari
483 1122 656 1195 coepernnt.

208 1195 306 1260 XIII.
332 1195 556 1284 Polyxenidas,
574 1196 704 1264 Samum
726 1197 880 1282 petituros
901 1211 988 1264 ratus
1008 1196 1126 1279 hostes,
1141 1212 1177 1265 ut
1195 1223 1228 1266 se

165 1280 305 1348 Rhodiae
318 1282 407 1350 classi
424 1284 664 1370 conjungerent,
680 1283 720 1348 ab
737 1283 865 1368 Epheso
880 1281 1049 1368 profectus,
1066 1286 1171 1370 primo
1185 1286 1227 1354 ad

164 1367 380 1453 Myonnesum
402 1369 505 1436 stetit:
527 1369 601 1435 inde
622 1367 662 1434 ad
679 1369 803 1434 Macrin
820 1374 930 1456 (quam
948 1371 1075 1454 vocant)
1089 1371 1225 1438 insulam

162 1455 293 1541 trajecit,
311 1468 346 1522 ut
367 1456 624 1541 praetervehentis
645 1455 751 1522 classis
766 1457 792 1520 si
808 1479 886 1542 quas
906 1455 1087 1522 aberrantes
1106 1481 1147 1524 ex
1169 1482 1225 1560 ag·

162 1541 250 1606 mine
264 1563 358 1608 naves
376 1555 489 1629 posset,
504 1554 559 1609 aut
580 1544 773 1627 postremum
796 1563 910 1627 agmen
925 1555 1105 1629 opportune
1120 1545 1225 1609 adorr-
1336 1545 1338 1550 ’
1432 1613 1434 1620 ,

161 1641 259 1694 retur.
304 1627 476 1716 Postquam
498 1650 639 1714 sparsam
665 1640 850 1714 tempestate
871 1628 999 1694 classem
1023 1629 1111 1707 vidit,
1135 1652 1225 1696 occa·

159 1714 282 1782 sionem
297 1715 401 1800 primo
415 1714 620 1804 adgrediendi
643 1727 739 1794 ratus,
754 1714 863 1800 paullo
883 1727 955 1800 post
976 1715 1226 1782 increbrescente
1288 1755 1289 1762 ι

160 1815 268 1880 rento,
290 1815 323 1868 et
347 1803 480 1888 majores
499 1802 568 1888 jam
594 1800 737 1874 volvente
760 1802 884 1880 fluctus,
908 1802 982 1888 quia
1007 1803 1172 1888 pervenire
1192 1826 1227 1868 se

158 1887 202 1954 ad
217 1911 271 1954 eos
285 1887 411 1955 videbat
433 1910 497 1952 non
520 1909 624 1972 posse,
639 1885 681 1952 ad
697 1887 875 1954 AEthaliam
890 1887 1028 1954 insulam
1041 1889 1174 1976 trajecit,
1190 1903 1227 1957 ut

159 1974 237 2041 inda
259 1988 384 2060 postero
398 1975 450 2040 die
466 1975 598 2044 Samum
613 1995 653 2038 ex
670 1977 735 2039 alto
758 1987 898 2062 petentes
921 1997 1016 2041 naves
1037 1975 1226 2064 adgredere-

159 2073 225 2126 tur.
271 2060 419 2139 Romcni,
436 2083 508 2147 pars
521 2060 572 2125 exi
597 2083 648 2137 na,
664 2061 774 2144 primia
797 2060 934 2126 tenebris
955 2075 1084 2148 portum
1107 2062 1226 2128 Sarniae

158 2145 320 2212 decenum
345 2159 532 2215 tenueruntr
553 2081 661 2212 classis
685 2160 799 2225 cetera,
823 2159 949 2212 noctem
973 2160 1074 2215 totam
1101 2150 1134 2214 in
1160 2149 1226 2216 alto

154 2233 284 2320 jactata,
300 2235 331 2298 in
348 2233 492 2300 eumdem
508 2245 635 2320 portum
652 2232 801 2299 decurrit.
837 2233 887 2298 Ibi
902 2256 942 2298 ex
956 2235 1133 2336 agrestibus
1148 2257 1225 2324 cog-

157 2319 237 2397 nito,
255 2320 391 2386 hostium
407 2342 501 2384 naves
516 2319 558 2386 ad
573 2318 750 2384 AEthaliam
770 2334 862 2398 stare,
878 2321 1045 2388 consillum
1069 2322 1224 2400 habitum,
1329 2399 1332 2406 ¹

158 2403 267 2471 utrum
303 2407 464 2492 extemplo
496 2408 708 2484 decernerent,
740 2427 782 2472 an
816 2405 972 2482 Rhodiam
1005 2420 1225 2494 exspectarent

152 2491 299 2558 classem.
321 2491 419 2558 dilata
440 2515 486 2574 re,
505 2494 562 2572 (ita
582 2493 666 2558 enim
688 2492 821 2579 placuit)
838 2493 1012 2581 Corycum,
1028 2493 1114 2560 unde
1131 2514 1224 2560 vetre-

157 2594 241 2657 ram,
265 2581 463 2666 trajecerunt.
510 2577 722 2666 Polyxenidas
743 2603 879 2667 quoque,
902 2602 1001 2667 quum
1021 2579 1141 2647 frustra
1161 2587 1231 2648 ste-'
1382 2639 1386 2658 ,

156 2665 254 2744 tisset,
268 2667 429 2751 Ephesum
445 2664 548 2732 rediit.
594 2665 680 2734 Turn
698 2665 854 2734 Romane
869 2689 963 2732 naves
978 2690 1079 2733 vacuo
1092 2669 1134 2734 ab
1148 2665 1223 2733 hos·
1322 2712 1327 2720 -

151 2752 240 2818 tibus
263 2753 342 2819 mari
366 2752 496 2822 Samum
518 2752 719 2838 trajecerunt.
765 2751 887 2818 Eodem
910 2764 942 2818 et
964 2752 1095 2819 Rh'cdia
1114 2753 1385 2822 classicanum.

155 2853 229 2926 post
243 2841 309 2906 diea
322 2861 441 2927 pancos
456 2838 551 2905 venit.
596 2861 667 2904 uam
683 2851 719 2904 ut
733 2849 946 2922 exspectatam
963 2859 1030 2904 esse
1043 2839 1220 2926 adpareret,
1230 2841 1286 2883 ⁸¹¹¹*
1296 2837 1376 2900 spte-

154 2925 287 3010 prolecti
309 2925 470 3011 extemplo
484 2937 558 2992 sunt
572 2861 745 3008 llplreaum
762 2937 799 2990 ut
819 2936 875 2989 aut
889 2923 1095 3004 decernerent
1114 2925 1222 2992 navali
1229 2914 1292 2949 '¹¹¹³'

84 3079 93 3087 ,
151 3014 337 3092 certamine,
355 3027 420 3091 aut,
441 3012 468 3076 si
490 3011 678 3080 detrectaret
700 3010 801 3076 hostis
819 3031 973 3098 pugnam,
997 3012 1097 3099 (quod
1119 3011 1221 3096 pluri·

153 3121 244 3165 mum
270 3099 420 3165 intererat
439 3097 514 3166 ⁴3ad
540 3098 664 3168 animos
689 3098 878 3179 civitatium)
903 3097 1025 3162 timoris
1050 3097 1220 3164 confessic-

149 3206 228 3252 ncm
243 3187 467 3272 exprimerent.
513 3185 635 3255 Contra
649 3183 754 3253 fauces
776 3197 887 3269 portus
902 3185 1055 3250 instructa
1076 3185 1108 3250 in
1131 3184 1218 3251 fron-

88 3305 93 3310 ·
151 3285 217 3338 tem
248 3273 374 3339 navium
400 3271 468 3337 acie
492 3273 629 3338 stetere.¹
644 3282 813 3361 postquam
840 3293 935 3336 nemo
963 3271 1114 3338 adversus
1140 3272 1216 3351 ibat,

149 3359 252 3426 classe
277 3357 385 3434 divisa,
408 3379 482 3445 pars
507 3357 541 3421 in
565 3357 631 3424 salo
657 3359 697 3424 erl
727 3358 841 3424 ostium
872 3371 984 3444 portus
1014 3357 1046 3422 in
1072 3359 1218 3441 anchoris

151 3447 259 3521 stetitr
281 3467 355 3530 pars
376 3445 409 3509 in
433 3456 549 3510 terram
574 3444 687 3512 milites
708 3445 865 3530 exposuit.
910 3443 979 3511 ⁴*In
1003 3447 1145 3532 eos,jam
1168 3447 1218 3512 in·

150 3542 279 3616 gentem
303 3529 443 3618 predam
464 3530 528 3597 late
543 3530 626 3616 depo
650 3531 735 3596 ulato
756 3554 835 3616 agro
856 3544 995 3618 agentes,
1012 3532 1217 3604 Andronicus

150 3617 302 3696 Macedo,
318 3620 372 3705 qui
394 3619 427 3684 in
448 3617 599 3720 praesidio
644 3617 733 3703 phesi
748 3628 825 3695 erat,
836 3618 903 3704 jam
926 3618 1085 3683 moenibns
1100 3619 1216 3704 adpro-

146 3706 340 3793 pinquantes
354 3718 552 3790 eruptionem
572 3702 655 3780 fecit,
671 3715 845 3790 exutosque
861 3726 976 3790 magna
991 3719 1080 3788 parte
1094 3705 1215 3792 praedae

147 3789 190 3858 ad
221 3814 309 3858 mare
341 3814 378 3858 ac
407 3811 501 3856 naves
530 3789 662 3878 redegit.
709 3790 841 3873 Postero
869 3789 930 3867 die,
960 3791 1083 3858 insidiis
1109 3793 1214 3858 medio

180 3972 212 4014 ⁴1
233 3967 337 4014 Classem
347 3963 537 4029 applicaremur]
556 3965 614 4012 Trea
626 3979 665 4012 cc·
730 3963 834 4013 tauri
849 3964 941 4010 meimet
957 3960 1097 4026 ciuitatum]
1120 3963 1215 4023 AdJ'uu·

146 4032 223 4090 dicer,
243 4037 305 4080 teste
322 4035 374 4082 Jac.
391 4033 523 4090 Grouoric,
538 4035 563 4078 et
585 4036 667 4078 noster
697 4031 786 4092 gendm
802 4029 917 4076 Romania
931 4033 957 4075 ct
973 4029 1003 4076 ab
1019 4028 1141 4078 Antiocho
1157 4029 1214 4076 alle·

148 4098 401 4160 Vict.appit‘trrerurrt.
699 4097 798 4142 candor.

179 4169 212 4210 42
227 4165 348 4226 Aquilone
356 4165 382 4211 ιἰι
390 4163 579 4226 Septmtrionem
589 4156 665 4226 affro]
729 4167 759 4208 44
778 4161 810 4207 Ιιι
821 4159 917 4220 eorjom
926 4160 1048 4220 ingentem
1054 4156 1164 4218 predam
1173 4188 1180 4202 .
1188 4188 1212 4206 ..

144 4229 237 4289 Aquilo
261 4233 298 4276 est
322 4236 408 4278 rentur
430 4232 493 4276 inter
514 4229 615 4276 Arctum
639 4235 664 4276 et
696 4225 930 4288 agmter....jcm
946 4217 1073 4284 moeaillar]
1091 4222 1210 4268 Posterius

144 4295 168 4342 0
182 4295 284 4342 'eotemr
304 4295 426 4342 Nordert.
450 4291 596 4356 Septentrio,
614 4292 664 4344 sire
690 4291 745 4354 jam
756 4290 848 4338 omittit
858 4289 972 4336 Andreas.
1005 4288 1072 4334 Prius
1087 4291 1166 4334 umen
1180 4283 1210 4332 ii·

145 4361 167 4414 A
212 4360 271 4406 ctist
282 4359 363 4408 hatab
375 4362 426 4422 ipsa
437 4362 525 4412 Arcto:
544 4357 619 4404 Ncrd.
695 4355 962 4432 bentiucdeiererimua.

188 4443 262 4486 vot.
280 4443 335 4491 111.
741 4439 761 4481 U
