3126 4978
482 175 577 234 mu.
597 172 725 232 XXXV.
755 173 860 233 CAP.
880 173 933 232 Ll.
1185 177 1245 230 238

180 337 276 415 bello,
291 350 347 402 aut
361 338 406 402 ita
419 338 596 415 commisso,
611 349 647 402 ut
662 337 788 402 strictos
802 335 934 423 gladios,
949 333 1035 400 licut
1057 335 1242 423 sanguinem
1253 358 1284 406 u,
1297 357 1388 406 csso,

182 446 315 509 usquam
331 422 449 490 factum
463 425 632 500 audissent,
648 445 744 508 quum
760 445 819 508 per
833 443 983 524 maguum
1001 422 1099 486 otium
1119 421 1245 502 milites,
1252 423 1283 473 A.
1295 424 1324 472 ⁰·
1337 430 1390 472 ¹9²·

62 517 70 526 '
183 509 237 574 alii
251 510 291 574 ad
308 509 523 596 spectaculum
539 508 649 594 templi
671 509 797 594 lucique
819 507 979 588 vers1,alii
1001 507 1034 571 in
1054 507 1245 592 litorejner·

183 618 252 660 mes
265 612 466 684 vagarentur,
480 619 595 682 magna
609 617 683 680 pars
698 617 754 676 per
769 612 861 684 agros
873 595 1028 682 lignatum
1043 593 1245 679 pabulatum·

184 705 249 768 que
267 683 390 767 dilapsa
414 695 512 759 essetr
533 694 662 767 repente
690 680 875 766 Menippus,
902 681 1024 766 palatos
1047 681 1167 766 passim
1190 679 1246 745 ad·

185 790 322 857 gressus,
336 769 362 810 ⁶⁴
372 793 426 836 eos
440 767 563 846 cecidit,
579 767 619 832 ad
635 769 963 856 quinquagintavivos
978 767 1073 852 cepit.
1094 767 1247 853 perpauci

185 855 376 944 effugerunt,
391 857 425 920 in
442 855 558 942 quibus
574 853 690 920 Mictio
711 875 810 940 parva
831 856 976 919 oneraria
990 875 1070 920 nave
1086 865 1246 940 exceptus.

186 941 238 1006 Ea
262 964 312 1006 res
338 942 492 1019 Quinctio
517 941 744 1028 Romanisque,
769 941 849 1006 sicut
866 942 992 1028 jactura
1017 939 1153 1006 militum
1179 961 1248 1004 mo·

184 1028 336 1109 lesta‚'ita
349 1029 390 1094 ad
407 1030 460 1116 jus
482 1027 638 1093 inferendi
654 1026 815 1093 Antiocho
838 1025 912 1092 belli
931 1025 1082 1092 ad‘ccisse
1104 1027 1247 1114 aliquau-

187 1127 258 1178 tum
277 1115 452 1181 videbatur.
497 1112 685 1193 Antiochus,
708 1114 837 1180 admoto
863 1113 903 1178 ad
922 1047 1069 1180 Aulidem
1095 1114 1247 1191 exercitu,

184 1223 285 1288 quum
301 1224 408 1266 rursus
422 1214 573 1278 oratores,
589 1201 705 1284 partim
720 1223 758 1266 ex
772 1201 846 1279 suis,
862 1201 977 1286 partim
995 1199 1131 1278 lEtolos,
1149 1199 1397 1284 Chal-Chtleidfu·

186 1287 292 1352 cidem
307 1288 449 1365 misisset,
465 1288 520 1373 qui
539 1287 649 1352 eadem
671 1287 736 1367 illa,
752 1310 824 1372 quae
845 1309 957 1372 nuper,
973 1309 1047 1352 curn
1066 1287 1160 1352 minis
1232 1271 1390 1384 -⁸{⁵A¹¹‡{⁰'

185 1374 327 1439 victibus
341 1386 482 1462 agerent,
499 1372 710 1460 nequidquam
726 1388 838 1439 contra
853 1372 1011 1439 Mictione
1025 1385 1056 1438 et
1068 1373 1183 1439 Xenoc
1195 1373 1247 1438 ide
1255 1351 1391 1464 iffi?

188 1460 401 1538 tendentibus,
419 1460 510 1525 facile
531 1459 643 1536 tenuit,
663 1473 699 1525 ut
720 1473 823 1544 portae
844 1459 905 1524 sibi
926 1461 1134 1546 aperirentur.
1180 1459 1248 1537 Qui

190 1547 348 1612 Romanae
372 1547 472 1632 partis
496 1558 597 1624 eraut,
619 1545 678 1611 sub
703 1547 874 1612 adventum
897 1547 981 1633 regis
1005 1547 1086 1611 urbe
1110 1569 1252 1612 excesse-

189 1647 275 1698 runt.
321 1633 515 1698 Achaeorum
538 1644 571 1698 et
596 1632 749 1697 Eumenis
775 1633 888 1698 milites
912 1633 1068 1721 Salganea
1089 1633 1250 1698 tenebant.

192 1719 236 1784 Et
264 1720 297 1782 in
324 1719 449 1806 Euripo
473 1718 637 1784 castellum
668 1719 808 1784 Romani
836 1719 951 1784 milites
978 1719 1072 1804 pauci
1097 1718 1252 1786 custodie

189 1827 301 1870 caussa
325 1806 388 1872 loci
410 1805 679 1873 communiebant.
725 1805 881 1893 Salganea
905 1804 1090 1892 Menippus,
1106 1827 1165 1870 rex
1185 1805 1253 1892 ipse

191 1891 355 1958 castellum
371 1893 486 1978 Euripi
500 1892 686 1980 obpugnare
699 1908 746 1956 est
761 1893 900 1958 adortus.
948 1891 1073 1959 Priores
1088 1891 1202 1956 Acbaei
1220 1905 1254 1956 et

136 1991 139 1998 '
194 1978 347 2043 Eumenis
361 1979 475 2044 milites
488 1977 584 2064 pacti,
600 1993 636 2043 ut
650 1979 718 2042 sine
732 1977 842 2043 fraude
862 1977 969 2044 liceret
990 1978 1087 2057 abire,
1104 1977 1254 2063 praesidio

122 2141 128 2150 ι
193 2080 407 2130 excesserunt.
428 2063 620 2151 pertinacius
636 2065 771 2129 Romani
787 2065 901 2130 ⁶'Euri
928 2087 981 2129 um
996 2065 1176 2130 tuebantur.
1204 2064 1254 2129 Hi

193 2174 260 2237 quo
283 2173 322 2216 ue
343 2166 460 2228 tamen,
482 2170 580 2239 quum
605 2163 689 2216 terra
712 2152 856 2238 marique
880 2087 1111 2229 obsiderentur,
1134 2162 1166 2216 et
1185 2152 1253 2238 jam

193 2174 357 2304 maclines
378 2251 598 2323 tormentaque
619 2239 814 2326 comportari
832 2238 985 2316 viderent,
999 2260 1063 2303 non
1083 2237 1184 2304 tulere
1198 2238 1255 2304 ob-

194 2325 359 2390 sidionem.
404 2325 515 2402 Quum
531 2325 573 2402 id,
589 2324 675 2410 quod
697 2337 793 2410 caput
807 2339 875 2388 erat
890 2323 1034 2402 Euboean
1050 2338 1170 2389 teneret
1184 2346 1255 2401 rex,

195 2431 238 2474 ne
252 2422 365 2476 ceterae
386 2410 514 2498 quidem
535 2412 602 2498 ejus
626 2411 737 2476 iusulae
758 2411 854 2476 urbes
875 2409 1044 2495 imperium
1067 2410 1256 2476 abnuerunt.

195 2519 377 2584 magnoque
406 2496 564 2582 principio
597 2497 657 2562 sibi
685 2519 774 2562 orsus
809 2497 929 2564 bellum
965 2498 1139 2576 videbatur,
1170 2495 1256 2583 quod
1371 2533 1372 2538 κ

198 2595 289 2648 tanta
304 2582 405 2648 insula
419 2595 450 2649 et
471 2595 519 2648 tot
540 2596 730 2670 opportune
750 2583 845 2650 urbes
870 2583 904 2648 in
926 2605 1014 2651 suom
1036 2584 1188 2650 ditionem
1204 2605 1256 2648 ve-

199 2670 327 2736 nisseut.
967 2677 969 2682 '

231 2842 346 2890 6³*Artt
355 2841 649 2906 unguiumfflnctrurr]
673 2843 712 2890 Sic
743 2857 805 2890 mere
829 2841 933 2889 voluisse
959 2854 1083 2888 numanam
1108 2853 1190 2887 eorum
1217 2840 1258 2899 qui

158 2954 161 2964 Δ
200 2908 218 2954 l.
238 2907 273 2953 11.
291 2923 313 2954 c.
333 2915 374 2956 ³⁰.
390 2907 448 2955 Plus
466 2903 712 2969 amabimusac·
745 2908 874 2954 resisum.

198 2979 261 3018 tuas.
778 2977 808 3020 65
825 2967 958 3034 Euripum]
992 2969 1103 3030 intellige
1137 2969 1258 3016 cuntium

232 3041 264 3083 dt
281 3037 333 3084 Eas
342 3034 438 3100 cees'dr't]
455 3038 485 3084 ln
495 3053 552 3086 voce
560 3055 598 3086 eos
608 3039 712 3100 suspica·
746 3039 840 3101 Euripi,
852 3039 915 3098 quod
926 3037 996 3085 modo
1007 3036 1156 3084 nominatum
1167 3039 1212 3082 ert.

197 3115 254 3152 mur
263 3103 337 3151 lutere
352 3105 474 3152 mendum:
492 3110 518 3152 et
533 3105 625 3154 uirium
636 3105 713 3166 expri-
