3136 4982
340 153 399 218 392
642 147 645 154 '
717 143 827 205 Tl'l'l
859 143 996 204 Ltvtt

180 333 317 382 uusss.
342 317 404 397 q'ue
433 315 634 376 monumenta
657 309 866 372 ostenduntur
891 324 923 372 et
948 323 1068 376 sutum
1114 307 1194 375 Nam
1218 325 1249 378 et
1274 311 1395 377 Literni

180 401 249 446 Μ·
264 404 317 449 ¹⁸⁷·
343 410 580 462 monumentum
617 409 886 482 monumentoque
921 409 1025 460 statua
1060 398 1290 482 superinposita
1324 398 1395 476 fuit,

342 504 435 569 quam
451 492 636 568 tempestate
650 478 810 565 disjectam
833 501 935 565 nuper
950 481 1086 546 vidimus
1109 483 1178 566 ipsi.
1224 483 1267 550 Et
1283 485 1397 548 Romae

340 583 432 634 extra
446 580 571 652 portam
586 567 746 650 Capenam
767 568 801 630 in
825 567 1009 652 Scipionum
1030 583 1235 634 monumento
1255 583 1320 635 tres
1335 584 1396 636 sta·

341 673 406 720 tuae
420 667 514 719 sunt:
537 673 670 738 quarum
692 651 765 718 duae
789 652 825 717 P.
841 667 873 716 et
893 652 933 718 L.
949 653 1132 740 Scipionum
1147 655 1298 721 dicuntur
1319 677 1395 734 esse,

342 741 434 808 tertia
448 741 550 824 poete
565 739 606 808 Q.
622 736 729 803 Ennii.
775 737 844 802 Nec
862 738 945 804 inter
966 741 1134 825 scriptores
1157 763 1260 807 rerum
1280 743 1399 808 discre-

342 841 397 912 pat
422 826 535 904 solum,
554 824 609 888 sed
635 826 794 890 orationes
818 846 954 910 quoque,
978 827 1004 890 si
1029 827 1124 890 modo
1149 829 1289 913 ipsorum
1313 843 1398 907 sunt,

342 933 415 999 quae
436 912 589 988 feruutur,
607 909 644 974 P.
662 909 817 995 Scipionis
838 926 870 974 et
893 911 924 972 T
926 913 946 974 n
961 912 1101 977 Gracchi
1120 913 1293 979 abhorrent
1312 915 1398 979 inter

342 1023 384 1064 se.
433 997 534 1062 Index
555 996 706 1061 orationis
729 997 764 1060 P.
781 996 937 1080 Scipionis
959 1018 1074 1062 nomen
1093 999 1141 1062 M.
1160 999 1263 1067 Naerii
1278 1001 1399 1066 tribuni

342 1084 443 1170 plebis
456 1082 569 1148 habet:
592 1083 660 1168 ipsa
681 1083 783 1148 oratio
804 1083 871 1146 sine
889 1084 1015 1148 nomine
1033 1099 1080 1149 est
1100 1089 1298 1151 accusatoris.
1319 1087 1398 1152 ⁷ne·

342 1171 491 1236 bulonem
523 1168 628 1244 morlo,
654 1167 749 1232 modo
776 1183 962 1255 nugatorem
986 1170 1132 1256 adpellat.
1179 1173 1230 1238 Ne
1258 1173 1398 1239 Gracchi

366 1257 471 1322 uidem
493 1255 595 1320 oratio
620 1271 674 1320 aut
698 1254 904 1330 Petilliorum,
928 1271 1143 1342 accusatorum
1167 1258 1318 1337 Africani,
1343 1273 1399 1324 aut

342 1281 404 1408 diei
433 1343 527 1406 dictae
559 1340 711 1406 Africano
735 1342 833 1406 ullam
859 1343 1049 1408 mentionem
1079 1343 1183 1409 habet.
1228 1345 1303 1410 Alia
1331 1357 1400 1412 tota

343 1431 473 1496 serenda
487 1427 593 1494 fabula
605 1439 653 1492 est
674 1427 813 1492 Gracchi
828 1426 962 1492 orationi
983 1431 1190 1496 conuenienss
1213 1447 1244 1496 et
1263 1431 1309 1496 illi
1324 1455 1399 1498 auc-

343 1533 426 1582 tores
448 1515 597 1602 sequendi
618 1527 700 1589 sunt,
717 1514 782 1599 qui,
807 1535 904 1599 quum
930 1515 969 1583 L.
987 1516 1093 1601 Scipio
1118 1530 1150 1581 et
1172 1529 1345 1596 accusatus,
1368 1532 1401 1585 et
1484 1569 1487 1586 .

343 1603 509 1668 damnatur
527 1601 568 1665 sit
594 1599 736 1684 pecunie
760 1613 862 1684 captae
886 1601 929 1669 nh
950 1623 1035 1688 rege,
1051 1601 1187 1690 legatum
1209 1604 1243 1668 in
1267 1605 1400 1670 Etruria

234 1733 241 1742 -
342 1689 437 1754 luisse
452 1687 636 1752 Africanum
660 1685 799 1751 tradunt.
821 1707 885 1772 qno
910 1701 981 1770 post
1004 1687 1117 1752 famum
1139 1688 1180 1772 de
1200 1689 1304 1756 fratris
1325 1713 1400 1756 casu

342 1777 488 1851 adlatam,
501 1773 608 1838 relicta
622 1771 778 1854 legatione
792 1773 967 1838 cucurrisse
979 1795 1051 1840 eum
1069 1774 1223 1853 Romam3
1246 1790 1287 1853 et,
1298 1799 1399 1864 quum

342 1874 468 1947 sporta
484 1872 569 1923 recta
586 1859 626 1926 nd
641 1856 744 1922 iorum
760 1880 793 1924 se
811 1860 1006 1940 contulisset,
1021 1859 1108 1946 quod
1127 1862 1161 1934 in
1184 1863 1310 1928 vincula
1324 1863 1399 1928 duci

342 1948 466 2012 fratrem
483 1944 603 2010 dictum
626 1956 702 2019 erat,
720 1943 871 2028 repulisse
892 1967 911 2008 a
931 1967 1065 2029 corpore
1085 1947 1152 2033 ejus
1174 1950 1345 2013 viatorem:
1368 1963 1401 2014 et

344 2031 477 2096 tribunis
506 2029 722 2110 retinentibus,
736 2030 857 2116 ⁸magis
881 2033 943 2116 pie,
969 2053 1064 2116 quam
1092 2033 1236 2108 civiliter,
1261 2037 1325 2099 virn
1355 2037 1400 2099 le·

327 2119 430 2184 cisse.
485 2115 593 2182 Ηίηοι
622 2115 705 2179 enim
735 2115 803 2200 ipse
833 2115 998 2182 Gracchus
1027 2117 1190 2206 quaeritur,
1216 2120 1399 2204 dissolutam

342 2228 409 2270 esse
431 2226 452 2269 a
475 2202 599 2289 privato
625 2201 824 2267 tribuniciam
849 2218 1053 2288 potestatem:
1074 2219 1107 2270 et
1131 2207 1171 2270 ad
1191 2223 1398 2290 postremum,

342 2293 464 2377 ⁹quum
486 2288 641 2362 auxilium
666 2288 705 2354 L.
724 2290 867 2374 Scipioni
888 2290 1055 2374 pollicetur
1066 2305 1087 2368 ⁸,
1110 2291 1228 2378 adjicit,
1251 2293 1399 2358 tolerabi-

343 2378 429 2442 lioris
443 2375 578 2462 exempli
594 2397 670 2452 esse,
687 2399 705 2440 a
720 2375 848 2440 tribuno
863 2377 965 2460 plebis
980 2377 1094 2463 potius,
1110 2401 1205 2464 quam
1228 2401 1247 2444 a
1266 2381 1399 2464 privato,

342 2467 454 2538 uictam
479 2461 576 2529 videri
604 2473 636 2526 et
658 2461 858 2526 tribuniciam
889 2476 1085 2546 potestatem,
1111 2478 1144 2530 et
1172 2464 1400 2550 rempublicam

340 2573 417 2614 esse.
463 2548 525 2614 Sed
541 2548 586 2612 ita
600 2549 681 2612 hanc
697 2569 793 2612 unam
813 2550 1006 2632 inpotentem
1030 2552 1096 2638 ejus
1119 2552 1266 2637 injuriam
1281 2551 1400 2616 invidia

342 2648 461 2713 onerat,
479 2647 523 2712 ut,
539 2633 732 2720 increpando
754 2634 840 2719 quod
861 2634 1059 2724 degenerarit
1081 2649 1205 2702 tantum
1227 2661 1247 2708 a
1268 2638 1399 2724 seipse,

341 2721 516 2802 cumulatas
538 2722 566 2784 ei
595 2733 714 2786 veteres
739 2719 847 2786 laudes
870 2721 1094 2792 moderationis
1121 2737 1154 2788 et
1182 2727 1400 2810 temperantiae

343 2809 368 2847 1⁰
379 2829 439 2895 pro
464 2806 708 2892 reprehensione
737 2809 886 2892 presenti
918 2808 1042 2874 reddat.
1087 2809 1290 2898 castigatum
1314 2811 1400 2876 enirn

342 2895 502 2981 qnondam
518 2893 559 2957 ab
574 2915 612 2958 eo
626 2891 792 2977 populum,
808 2891 862 2970 aii,
874 2894 961 2981 quod
981 2917 1054 2960 eum
1075 2911 1262 2981 perpetuum
1283 2905 1400 2962 consui

341 2981 401 3046 lem
421 2995 453 3046 et
474 2980 659 3045 dictatorem
681 2979 774 3044 vellet
793 2979 903 3046 lacere.
926 2981 1124 3066 prohibuisse
1145 2995 1263 3048 statuas
1284 2984 1342 3048 sihi
1367 2985 1400 3048 in

341 3065 481 3143 comitio,
507 3065 539 3128 in
565 3065 700 3140 Rostris,
720 3065 754 3127 in
780 3066 879 3142 curia,
900 3066 932 3130 in
954 3067 1125 3152 Capitolio,
1150 3068 1184 3130 in
1209 3068 1289 3133 cella
1309 3069 1402 3134 Joris

342 3153 429 3238 poni.
453 3149 661 3234 prohibuisse,
677 3172 718 3214 ne
733 3151 963 3230 decerneretur,
978 3163 1015 3216 ut
1030 3153 1137 3242 imago
1148 3177 1204 3224 suu
1218 3155 1404 3240 triumphali

341 3251 456 3304 ornatu
470 3260 488 3301 e
503 3237 624 3322 templo
637 3235 726 3302 Jovis
740 3237 852 3322 optimi
868 3240 1000 3304 maximi
1015 3239 1126 3305 exiret.

386 3324 494 3390 LVll.
520 3322 613 3399 Haec,
631 3321 679 3386 vel
693 3323 725 3386 in
741 3322 922 3388 laudatione
936 3326 1048 3408 posita,
1063 3327 1098 3390 in
1140 3339 1224 3392 ntem
1247 3329 1403 3416 magnitu-

341 3411 448 3478 dinem
473 3409 573 3478 animi
598 3407 800 3474 moderandis
815 3409 889 3474 ιι1111
914 3410 1034 3474 civilem
1063 3412 1104 3476 ho
1128 3414 1204 3478 itum
1229 3414 1404 3480 honoribus

582 3519 598 3547 Φ
608 3515 669 3564 Hoec
678 3518 753 3565 Grou.
765 3519 833 3565 crer.
898 3519 910 3548 ²
923 3518 1077 3577 polliceretur
1087 3519 1154 3568 Eud.

373 3606 387 3648 7
405 3598 550 3644 Nebulonem
571 3595 648 3653 1111111,
664 3599 732 3644 modo
753 3606 856 3659 auguro·
888 3599 1137 3648 cocuntium...
1151 3613 1218 3647 ,11111
1235 3601 1403 3648 riviliacum-

157 3653 163 3668 '
221 3712 226 3718 ,
339 3678 389 3709 reru
405 3658 521 3724 appellnt]
539 3661 708 3710 Uuumcxhia
722 3663 856 3710 murlorele-
884 3664 931 3724 ptr.

339 3733 399 3789 gant
424 3727 492 3774 MSS.
513 3727 606 3773 Thura.
627 3734 652 3773 et
674 3729 738 3775 vict.
770 3729 855 3775 111111
920 3728 1033 3784 90111111
1051 3726 1404 3790 auxilium...poilireretrrr]

340 3807 401 3852 repe
419 3793 501 3839 Lirim
517 3792 542 3836 in
556 3792 773 3839 distributionibus.
802 3794 856 3841 Lib.
888 3793 975 3840 Helius
989 3795 1127 3851 pallientur.-
1144 3797 1206 3856 quod
1219 3795 1403 3841 hahntAnrlrear

339 3858 387 3906 tu.
405 3873 427 3907 c.
449 3864 489 3907 δι
517 3857 605 3917 Virgo
623 3858 691 3914 caui,
714 3859 760 3904 nlir'
780 3859 859 3905 11111111·
890 3858 1153 3921 athis-Mognntinnr.
1314 3879 1319 3888 ¹

338 3922 434 3983 rubjr'cr'.
452 3922 481 3968 l..
494 3923 522 3969 V.
534 3937 555 3970 c.
568 3928 591 3970 8.
609 3923 688 3970 Pauca*
705 3923 856 3982 reipublice,-
923 3924 1215 3986 rorprnrepnrmrm
1223 3920 1349 3986 mamati]
1365 3924 1403 3970 At

339 3987 528 4050 turcuqnerur,
539 3993 676 4048 aequorque
689 3989 856 4049 1111111111μὴ-
889 3990 1032 4049 patrandam
1053 3991 1115 4037 hanc
1141 3997 1280 4051 presentem
1305 3990 1403 4034 recerrtir

339 4055 415 4100 enirm
436 4059 480 4100 aut
500 4053 585 4112 gratia
609 4059 791 4113 occupauerunt,
814 4054 856 4102 ad·
888 4055 944 4100 iacti
956 4055 1168 4114 reprehensionem
1259 4087 1264 4098 .

338 4125 402 4164 ruat.
923 4121 1022 4166 trud
1037 4122 1130 4170 ciuilem
1150 4117 1268 4178 mtrem]
1292 4117 1329 4165 Ad
1351 4129 1401 4164 nto·

372 4189 386 4230 8
404 4183 489 4242 unge
504 4177 751 4242 piequnmcr'uilitcr]
773 4182 810 4231 ltu
829 4188 856 4229 ui
888 4183 944 4230 dunt
964 4188 1005 4244 qui
1025 4187 1098 4234 civem
1120 4186 1194 4232 liberae
1215 4183 1347 4243 reipublicae
1363 4182 1402 4228 de-

339 4250 403 4308 pium
424 4247 519 4292 tratrem
540 4252 620 4301 meret
638 4248 721 4307 magis,
737 4261 806 4306 quam
823 4249 854 4292 ci·
888 4255 949 4305 cent,
962 4250 1002 4308 qui
1014 4263 1063 4299 non
1074 4251 1160 4300 officiat
1175 4247 1400 4310 equalituticlviutn

340 4327 390 4358 rem
410 4313 487 4372 legum
504 4310 675 4370 obsecrantem.
709 4313 758 4371 Sic,
771 4313 786 4358 l.
799 4312 854 4360 Vll.
887 4314 950 4361 inter
961 4327 993 4364 re.
