<?xml version="1.0" encoding="UTF-8"?>
<!DOCTYPE html PUBLIC "-//W3C//DTD XHTML 1.0 Transitional//EN"
    "http://www.w3.org/TR/xhtml1/DTD/xhtml1-transitional.dtd">
<html xmlns="http://www.w3.org/1999/xhtml" xml:lang="en" lang="en">
 <head>
  <title>
</title>
<meta http-equiv="Content-Type" content="text/html;charset=utf-8" />
  <meta name='ocr-system' content='tesseract 3.04.00' />
  <meta name='ocr-capabilities' content='ocr_page ocr_carea ocr_par ocr_line ocrx_word'/>
</head>
<body>
  <div class='ocr_page' id='page_1' title='image "./tliviipatavinih04crevgoog_0072.png"; bbox 0 0 3042 4954; ppageno 0'>
   <div class='ocr_carea' id='block_1_1' title="bbox 413 167 1179 238">
    <p class='ocr_par' dir='ltr' id='par_1_1' title="bbox 413 167 1179 238">
     <span class='ocr_line' id='line_1_1' title="bbox 413 167 1179 238; baseline 0.01 -10"><span class='ocrx_word' id='word_1_1' title='bbox 413 169 507 230; x_wconf 88' lang='lat' dir='ltr'><strong>LlB.</strong></span> <span class='ocrx_word' id='word_1_2' title='bbox 530 167 664 231; x_wconf 77' lang='lat' dir='ltr'><strong>XX-Xll.</strong></span> <span class='ocrx_word' id='word_1_3' title='bbox 695 167 799 230; x_wconf 86' lang='lat' dir='ltr'><strong>CAP.</strong></span> <span class='ocrx_word' id='word_1_4' title='bbox 823 171 892 232; x_wconf 89' lang='lat' dir='ltr'><strong>XX.</strong></span> <span class='ocrx_word' id='word_1_5' title='bbox 1138 175 1179 238; x_wconf 75' lang='lat'><strong>65</strong></span> 
     </span>
    </p>
   </div>
   <div class='ocr_carea' id='block_1_2' title="bbox 60 319 1351 1464">
    <p class='ocr_par' dir='ltr' id='par_1_2' title="bbox 60 319 1351 1464">
     <span class='ocr_line' id='line_1_2' title="bbox 103 319 1319 419; baseline 0.011 -24"><span class='ocrx_word' id='word_1_6' title='bbox 103 341 269 418; x_wconf 79' lang='lat' dir='ltr'><strong>gerentur,</strong></span> <span class='ocrx_word' id='word_1_7' title='bbox 295 321 455 418; x_wconf 79' lang='lat' dir='ltr'><strong>recepturi</strong></span> <span class='ocrx_word' id='word_1_8' title='bbox 482 333 643 400; x_wconf 87' lang='lat' dir='ltr'><strong>moenibus</strong></span> <span class='ocrx_word' id='word_1_9' title='bbox 667 333 858 400; x_wconf 83' lang='lat' dir='ltr'><strong>videbantur</strong></span> <span class='ocrx_word' id='word_1_10' title='bbox 875 319 938 400; x_wconf 72' lang='lat' dir='ltr'><strong>but</strong></span> <span class='ocrx_word' id='word_1_11' title='bbox 966 333 1093 419; x_wconf 87' lang='lat' dir='ltr'><strong>ducem,</strong></span> <span class='ocrx_word' id='word_1_12' title='bbox 1121 351 1251 408; x_wconf 81' lang='lat' dir='ltr'><strong>eutuc.</strong></span> <span class='ocrx_word' id='word_1_13' title='bbox 1264 357 1319 409; x_wconf 82' lang='lat' dir='ltr'><strong>tst.</strong></span> 
     </span>
     <span class='ocr_line' id='line_1_3' title="bbox 103 418 1320 486; baseline 0.006 -4"><span class='ocrx_word' id='word_1_14' title='bbox 103 418 282 484; x_wconf 83' lang='lat' dir='ltr'><strong>exercitum</strong></span> <span class='ocrx_word' id='word_1_15' title='bbox 302 419 494 486; x_wconf 77' lang='lat' dir='ltr'><strong>Romanum.</strong></span> <span class='ocrx_word' id='word_1_16' title='bbox 1184 425 1214 471; x_wconf 58' lang='grc' dir='ltr'><strong>Α</strong></span> <span class='ocrx_word' id='word_1_17' title='bbox 1225 425 1253 474; x_wconf 83' lang='lat'><strong>⁰·</strong></span> <span class='ocrx_word' id='word_1_18' title='bbox 1268 432 1320 476; x_wconf 80' lang='lat'>¹⁹⁸·</span> 
     </span>
     <span class='ocr_line' id='line_1_4' title="bbox 152 503 1351 596; baseline 0.007 -28"><span class='ocrx_word' id='word_1_19' title='bbox 152 503 255 568; x_wconf 88' lang='lat' dir='ltr'><strong>XIX.</strong></span> <span class='ocrx_word' id='word_1_20' title='bbox 279 504 420 582; x_wconf 79' lang='lat' dir='ltr'><strong>Elatiam</strong></span> <span class='ocrx_word' id='word_1_21' title='bbox 445 507 603 574; x_wconf 84' lang='lat' dir='ltr'>obsidenti</span> <span class='ocrx_word' id='word_1_22' title='bbox 623 508 746 574; x_wconf 90' lang='lat' dir='ltr'><strong>consuli</strong></span> <span class='ocrx_word' id='word_1_23' title='bbox 765 509 812 572; x_wconf 89' lang='lat' dir='ltr'><strong>rei</strong></span> <span class='ocrx_word' id='word_1_24' title='bbox 834 509 961 596; x_wconf 88' lang='lat' dir='ltr'><strong>majoris</strong></span> <span class='ocrx_word' id='word_1_25' title='bbox 982 531 1052 591; x_wconf 83' lang='lat' dir='ltr'><strong>spes</strong></span> <span class='ocrx_word' id='word_1_26' title='bbox 1073 509 1316 576; x_wconf 68' lang='lat' dir='ltr'><strong>adfin-unmm</strong></span> <span class='ocrx_word' id='word_1_27' title='bbox 1347 521 1351 529; x_wconf 90' lang='grc'><em>“</em></span> 
     </span>
     <span class='ocr_line' id='line_1_5' title="bbox 90 589 1256 681; baseline 0.009 -27"><span class='ocrx_word' id='word_1_28' title='bbox 90 591 161 667; x_wconf 76' lang='lat' dir='ltr'><strong>sit,</strong></span> <span class='ocrx_word' id='word_1_29' title='bbox 189 589 386 657; x_wconf 78' lang='lat' dir='ltr'><strong>Achaeorum</strong></span> <span class='ocrx_word' id='word_1_30' title='bbox 413 605 542 680; x_wconf 78' lang='lat' dir='ltr'>gentem</span> <span class='ocrx_word' id='word_1_31' title='bbox 572 593 613 659; x_wconf 83' lang='lat' dir='ltr'><strong>ab</strong></span> <span class='ocrx_word' id='word_1_32' title='bbox 641 596 792 660; x_wconf 79' lang='lat' dir='ltr'><strong>societate</strong></span> <span class='ocrx_word' id='word_1_33' title='bbox 815 596 910 681; x_wconf 37' lang='lat' dir='ltr'><strong>regia·</strong></span> <span class='ocrx_word' id='word_1_34' title='bbox 928 595 969 660; x_wconf 84' lang='lat' dir='ltr'><strong>od</strong></span> <span class='ocrx_word' id='word_1_35' title='bbox 995 596 1256 664; x_wconf 73' lang='lat' dir='ltr'><strong>Romaan</strong></span> 
     </span>
     <span class='ocr_line' id='line_1_6' title="bbox 103 675 1175 768; baseline 0.007 -26"><span class='ocrx_word' id='word_1_36' title='bbox 103 675 282 744; x_wconf 80' lang='lat' dir='ltr'><strong>amicitiam</strong></span> <span class='ocrx_word' id='word_1_37' title='bbox 311 681 485 745; x_wconf 85' lang='lat' dir='ltr'><strong>avertendi.</strong></span> <span class='ocrx_word' id='word_1_38' title='bbox 529 679 725 768; x_wconf 84' lang='lat' dir='ltr'><strong>Cycliadem,</strong></span> <span class='ocrx_word' id='word_1_39' title='bbox 753 681 930 766; x_wconf 87' lang='lat' dir='ltr'><strong>principem</strong></span> <span class='ocrx_word' id='word_1_40' title='bbox 951 681 1105 749; x_wconf 65' lang='lat' dir='ltr'><strong>‘fectimris</strong></span> <span class='ocrx_word' id='word_1_41' title='bbox 1133 684 1175 750; x_wconf 91' lang='lat' dir='ltr'><strong>ad</strong></span> 
     </span>
     <span class='ocr_line' id='line_1_7' title="bbox 105 751 1176 921; baseline 0.007 -93"><span class='ocrx_word' id='word_1_42' title='bbox 105 763 299 866; x_wconf 76' lang='lat' dir='ltr'><strong>Philippum</strong></span> <span class='ocrx_word' id='word_1_43' title='bbox 313 751 507 868; x_wconf 79' lang='lat' dir='ltr'><strong>trahentium</strong></span> <span class='ocrx_word' id='word_1_44' title='bbox 523 789 583 848; x_wconf 88' lang='lat' dir='ltr'><strong>res,</strong></span> <span class='ocrx_word' id='word_1_45' title='bbox 598 767 794 860; x_wconf 75' lang='lat' dir='ltr'><strong>expulerant.</strong></span> <span class='ocrx_word' id='word_1_46' title='bbox 838 768 1095 921; x_wconf 58' lang='lat' dir='ltr'><strong>Anstaenpeflni</strong></span> <span class='ocrx_word' id='word_1_47' title='bbox 1110 771 1176 836; x_wconf 89' lang='lat' dir='ltr'><strong>Ro-</strong></span> 
     </span>
     <span class='ocr_line' id='line_1_8' title="bbox 60 854 1177 1038; baseline -0.004 -36"><span class='ocrx_word' id='word_1_48' title='bbox 60 929 72 948; x_wconf 66' lang='grc'><em>’</em></span> <span class='ocrx_word' id='word_1_49' title='bbox 103 854 1177 1038; x_wconf 61' lang='lat' dir='ltr'><strong>tththtt³htt¹⁶bdttttt⁰htlt..litttutlttff</strong></span> 
     </span>
     <span class='ocr_line' id='line_1_9' title="bbox 102 1025 1174 1114; baseline 0.006 -26"><span class='ocrx_word' id='word_1_50' title='bbox 102 1046 196 1104; x_wconf 83' lang='lat' dir='ltr'><strong>munt</strong></span> <span class='ocrx_word' id='word_1_51' title='bbox 226 1047 338 1090; x_wconf 87' lang='lat' dir='ltr'><strong>omnes</strong></span> <span class='ocrx_word' id='word_1_52' title='bbox 366 1025 499 1092; x_wconf 91' lang='lat' dir='ltr'><strong>consilio</strong></span> <span class='ocrx_word' id='word_1_53' title='bbox 529 1027 722 1092; x_wconf 76' lang='lat' dir='ltr'><strong>Corinthum</strong></span> <span class='ocrx_word' id='word_1_54' title='bbox 750 1029 949 1114; x_wconf 78' lang='lat' dir='ltr'><strong>obpugnare.</strong></span> <span class='ocrx_word' id='word_1_55' title='bbox 1006 1030 1174 1114; x_wconf 88' lang='lat' dir='ltr'><strong>Optimum</strong></span> 
     </span>
     <span class='ocr_line' id='line_1_10' title="bbox 101 1111 1175 1279; baseline 0.007 -17"><span class='ocrx_word' id='word_1_56' title='bbox 101 1111 664 1266; x_wconf 54' lang='lat' dir='ltr'><strong>{lmztltzttttt&#39;tltffi</strong></span> <span class='ocrx_word' id='word_1_57' title='bbox 679 1113 1175 1279; x_wconf 46' lang='lat' dir='ltr'><strong>lidrisslilil‘liulligiffi</strong></span> 
     </span>
     <span class='ocr_line' id='line_1_11' title="bbox 102 1219 1175 1368; baseline 0.004 -18"><span class='ocrx_word' id='word_1_58' title='bbox 102 1219 220 1350; x_wconf 64' lang='lat' dir='ltr'><strong>maiis</strong></span> <span class='ocrx_word' id='word_1_59' title='bbox 246 1284 443 1368; x_wconf 83' lang='lat' dir='ltr'><strong>defecissent,</strong></span> <span class='ocrx_word' id='word_1_60' title='bbox 464 1222 693 1356; x_wconf 70' lang='lat' dir='ltr'><strong>⁷²&#39;Ccnnlhirirr</strong></span> <span class='ocrx_word' id='word_1_61' title='bbox 717 1287 755 1350; x_wconf 81' lang='lat' dir='ltr'><strong>iis</strong></span> <span class='ocrx_word' id='word_1_62' title='bbox 778 1226 1016 1354; x_wconf 78' lang='lat' dir='ltr'><strong>contributumg</strong></span> <span class='ocrx_word' id='word_1_63' title='bbox 1036 1291 1070 1354; x_wconf 92' lang='lat' dir='ltr'><strong>in</strong></span> <span class='ocrx_word' id='word_1_64' title='bbox 1095 1291 1175 1354; x_wconf 84' lang='lat' dir='ltr'><strong>anti-</strong></span> 
     </span>
     <span class='ocr_line' id='line_1_12' title="bbox 102 1372 1293 1464; baseline 0.007 -28"><span class='ocrx_word' id='word_1_65' title='bbox 102 1393 205 1458; x_wconf 88' lang='lat' dir='ltr'><strong>quum</strong></span> <span class='ocrx_word' id='word_1_66' title='bbox 228 1373 334 1460; x_wconf 82' lang='lat' dir='ltr'><strong>gentis</strong></span> <span class='ocrx_word' id='word_1_67' title='bbox 355 1372 536 1440; x_wconf 88' lang='lat' dir='ltr'><strong>concilium.</strong></span> <span class='ocrx_word' id='word_1_68' title='bbox 582 1377 722 1440; x_wconf 81' lang='lat' dir='ltr'>Auctore</span> <span class='ocrx_word' id='word_1_69' title='bbox 744 1375 883 1451; x_wconf 87' lang='lat' dir='ltr'><strong>consule,</strong></span> <span class='ocrx_word' id='word_1_70' title='bbox 898 1375 1005 1464; x_wconf 77' lang='lat' dir='ltr'><strong>legati</strong></span> <span class='ocrx_word' id='word_1_71' title='bbox 1030 1399 1050 1441; x_wconf 87' lang='lat' dir='ltr'><strong>a</strong></span> <span class='ocrx_word' id='word_1_72' title='bbox 1074 1375 1174 1443; x_wconf 88' lang='lat' dir='ltr'><strong>fratre</strong></span> <span class='ocrx_word' id='word_1_73' title='bbox 1182 1387 1293 1450; x_wconf 67' lang='lat' dir='ltr'><strong>Lentia</strong></span> 
     </span>
    </p>
   </div>
   <div class='ocr_carea' id='block_1_3' title="bbox 103 1453 1461 1545">
    <p class='ocr_par' dir='ltr' id='par_1_3' title="bbox 103 1453 1461 1545">
     <span class='ocr_line' id='line_1_13' title="bbox 103 1453 1461 1545; baseline 0.009 -22"><span class='ocrx_word' id='word_1_74' title='bbox 103 1461 171 1545; x_wconf 84' lang='lat' dir='ltr'><strong>ejus</strong></span> <span class='ocrx_word' id='word_1_75' title='bbox 197 1459 240 1524; x_wconf 91' lang='lat' dir='ltr'><strong>L.</strong></span> <span class='ocrx_word' id='word_1_76' title='bbox 256 1459 422 1537; x_wconf 88' lang='lat' dir='ltr'><strong>Quinctio,</strong></span> <span class='ocrx_word' id='word_1_77' title='bbox 438 1471 471 1524; x_wconf 92' lang='lat' dir='ltr'><strong>et</strong></span> <span class='ocrx_word' id='word_1_78' title='bbox 494 1459 614 1536; x_wconf 85' lang='lat' dir='ltr'><strong>Attalo,</strong></span> <span class='ocrx_word' id='word_1_79' title='bbox 630 1472 663 1525; x_wconf 89' lang='lat' dir='ltr'><strong>et</strong></span> <span class='ocrx_word' id='word_1_80' title='bbox 690 1459 837 1539; x_wconf 91' lang='lat' dir='ltr'><strong>Rhodiis,</strong></span> <span class='ocrx_word' id='word_1_81' title='bbox 857 1475 889 1525; x_wconf 90' lang='lat' dir='ltr'><strong>et</strong></span> <span class='ocrx_word' id='word_1_82' title='bbox 914 1461 1172 1544; x_wconf 80' lang='lat' dir='ltr'><strong>Atheniensibus,</strong></span> <span class='ocrx_word' id='word_1_83' title='bbox 1181 1453 1339 1534; x_wconf 61' lang='lat' dir='ltr'><strong>¹³⁰¹¹¹⁸⁰³⁸it</strong></span> <span class='ocrx_word' id='word_1_84' title='bbox 1449 1459 1461 1470; x_wconf 42' lang='lat'>⁸</span> 
     </span>
    </p>
   </div>
   <div class='ocr_carea' id='block_1_4' title="bbox 103 1533 1337 1634">
    <p class='ocr_par' dir='ltr' id='par_1_4' title="bbox 103 1533 1337 1634">
     <span class='ocr_line' id='line_1_14' title="bbox 103 1533 1337 1634; baseline 0.009 -24"><span class='ocrx_word' id='word_1_85' title='bbox 103 1546 146 1610; x_wconf 83' lang='lat' dir='ltr'><strong>ed</strong></span> <span class='ocrx_word' id='word_1_86' title='bbox 162 1545 304 1612; x_wconf 82' lang='lat' dir='ltr'><strong>Achteos</strong></span> <span class='ocrx_word' id='word_1_87' title='bbox 317 1546 414 1610; x_wconf 83' lang='lat' dir='ltr'><strong>missi.</strong></span> <span class='ocrx_word' id='word_1_88' title='bbox 460 1546 596 1634; x_wconf 78' lang='lat' dir='ltr'><strong>Sicyone</strong></span> <span class='ocrx_word' id='word_1_89' title='bbox 609 1546 720 1611; x_wconf 84' lang='lat' dir='ltr'><strong>datum</strong></span> <span class='ocrx_word' id='word_1_90' title='bbox 736 1546 775 1610; x_wconf 89' lang='lat' dir='ltr'><strong>iis</strong></span> <span class='ocrx_word' id='word_1_91' title='bbox 797 1558 844 1610; x_wconf 83' lang='lat' dir='ltr'><strong>est</strong></span> <span class='ocrx_word' id='word_1_92' title='bbox 865 1548 1046 1613; x_wconf 88' lang='lat' dir='ltr'><strong>concilium.</strong></span> <span class='ocrx_word' id='word_1_93' title='bbox 1092 1547 1172 1616; x_wconf 85' lang='lat' dir='ltr'><strong>Erat</strong></span> <span class='ocrx_word' id='word_1_94' title='bbox 1181 1533 1337 1632; x_wconf 38' lang='lat' dir='ltr'><strong>zepperem</strong></span> 
     </span>
    </p>
   </div>
   <div class='ocr_carea' id='block_1_5' title="bbox 101 1585 1335 3976">
    <p class='ocr_par' dir='ltr' id='par_1_5' title="bbox 103 1585 1335 1718">
     <span class='ocr_line' id='line_1_15' title="bbox 103 1585 1335 1718; baseline 0 -20"><span class='ocrx_word' id='word_1_95' title='bbox 103 1644 209 1698; x_wconf 82' lang='lat' dir='ltr'><strong>eutem</strong></span> <span class='ocrx_word' id='word_1_96' title='bbox 249 1654 316 1698; x_wconf 92' lang='lat' dir='ltr'><strong>non</strong></span> <span class='ocrx_word' id='word_1_97' title='bbox 352 1632 523 1698; x_wconf 75' lang='lat' dir='ltr'><strong>admodum</strong></span> <span class='ocrx_word' id='word_1_98' title='bbox 554 1633 687 1716; x_wconf 79' lang='lat' dir='ltr'><strong>simplex</strong></span> <span class='ocrx_word' id='word_1_99' title='bbox 714 1630 846 1718; x_wconf 81' lang='lat' dir='ltr'><strong>babitus</strong></span> <span class='ocrx_word' id='word_1_100' title='bbox 878 1632 1059 1699; x_wconf 81' lang='lat' dir='ltr'><strong>animorum</strong></span> <span class='ocrx_word' id='word_1_101' title='bbox 1088 1585 1335 1702; x_wconf 61' lang='lat' dir='ltr'><strong>interameollli</strong></span> 
     </span>
    </p>

    <p class='ocr_par' dir='ltr' id='par_1_6' title="bbox 106 1713 1299 1826">
     <span class='ocr_line' id='line_1_16' title="bbox 106 1713 1299 1826; baseline 0.005 -42"><span class='ocrx_word' id='word_1_102' title='bbox 106 1718 259 1786; x_wconf 76' lang='lat' dir='ltr'><strong>Acheros.</strong></span> <span class='ocrx_word' id='word_1_103' title='bbox 285 1718 424 1785; x_wconf 83' lang='lat' dir='ltr'><strong>terrebat</strong></span> <span class='ocrx_word' id='word_1_104' title='bbox 447 1741 502 1784; x_wconf 91' lang='lat' dir='ltr'><strong>eos</strong></span> <span class='ocrx_word' id='word_1_105' title='bbox 528 1719 803 1797; x_wconf 77' lang='lat' dir='ltr'><strong>Lacedaemonius,</strong></span> <span class='ocrx_word' id='word_1_106' title='bbox 829 1721 935 1806; x_wconf 83' lang='lat' dir='ltr'><strong>gravis</strong></span> <span class='ocrx_word' id='word_1_107' title='bbox 963 1736 995 1786; x_wconf 90' lang='lat' dir='ltr'><strong>et</strong></span> <span class='ocrx_word' id='word_1_108' title='bbox 1024 1713 1299 1826; x_wconf 53' lang='lat' dir='ltr'><strong>assiduusflsstm·</strong></span> 
     </span>
    </p>

    <p class='ocr_par' dir='ltr' id='par_1_7' title="bbox 103 1787 1305 1894">
     <span class='ocr_line' id='line_1_17' title="bbox 103 1787 1305 1894; baseline 0.003 -24"><span class='ocrx_word' id='word_1_109' title='bbox 103 1803 221 1872; x_wconf 83' lang='lat' dir='ltr'><strong>hostis:</strong></span> <span class='ocrx_word' id='word_1_110' title='bbox 244 1805 420 1872; x_wconf 83' lang='lat' dir='ltr'><strong>horrebant</strong></span> <span class='ocrx_word' id='word_1_111' title='bbox 436 1806 582 1870; x_wconf 82' lang='lat' dir='ltr'><strong>Romana</strong></span> <span class='ocrx_word' id='word_1_112' title='bbox 595 1827 703 1872; x_wconf 72' lang='lat' dir='ltr'><strong>mma:</strong></span> <span class='ocrx_word' id='word_1_113' title='bbox 728 1805 946 1871; x_wconf 78' lang='lat' dir='ltr'><strong>Macedonum</strong></span> <span class='ocrx_word' id='word_1_114' title='bbox 961 1806 1122 1876; x_wconf 85' lang='lat' dir='ltr'><strong>beneficiis</strong></span> <span class='ocrx_word' id='word_1_115' title='bbox 1139 1787 1305 1894; x_wconf 46' lang='lat' dir='ltr'><strong>etsseffffm</strong></span> 
     </span>
    </p>

    <p class='ocr_par' dir='ltr' id='par_1_8' title="bbox 103 1891 1172 1980">
     <span class='ocr_line' id='line_1_18' title="bbox 103 1891 1172 1980; baseline 0.003 -24"><span class='ocrx_word' id='word_1_116' title='bbox 103 1893 266 1958; x_wconf 83' lang='lat' dir='ltr'><strong>veteribus</strong></span> <span class='ocrx_word' id='word_1_117' title='bbox 281 1904 312 1957; x_wconf 92' lang='lat' dir='ltr'><strong>et</strong></span> <span class='ocrx_word' id='word_1_118' title='bbox 328 1893 505 1958; x_wconf 80' lang='lat' dir='ltr'><strong>recentibus</strong></span> <span class='ocrx_word' id='word_1_119' title='bbox 520 1891 652 1980; x_wconf 84' lang='lat' dir='ltr'><strong>obligati</strong></span> <span class='ocrx_word' id='word_1_120' title='bbox 665 1905 772 1958; x_wconf 81' lang='lat' dir='ltr'><strong>erant:</strong></span> <span class='ocrx_word' id='word_1_121' title='bbox 796 1913 903 1978; x_wconf 81' lang='lat' dir='ltr'><strong>regem</strong></span> <span class='ocrx_word' id='word_1_122' title='bbox 925 1892 1030 1979; x_wconf 89' lang='lat' dir='ltr'><strong>ipsum</strong></span> <span class='ocrx_word' id='word_1_123' title='bbox 1044 1915 1172 1980; x_wconf 84' lang='lat' dir='ltr'><strong>suspec-</strong></span> 
     </span>
    </p>

    <p class='ocr_par' dir='ltr' id='par_1_9' title="bbox 106 1978 1173 2067">
     <span class='ocr_line' id='line_1_19' title="bbox 106 1978 1173 2067; baseline 0.005 -24"><span class='ocrx_word' id='word_1_124' title='bbox 106 1991 173 2044; x_wconf 89' lang='lat' dir='ltr'><strong>tum</strong></span> <span class='ocrx_word' id='word_1_125' title='bbox 197 1979 362 2045; x_wconf 83' lang='lat' dir='ltr'><strong>habebant</strong></span> <span class='ocrx_word' id='word_1_126' title='bbox 382 1998 443 2064; x_wconf 90' lang='lat' dir='ltr'><strong>pro</strong></span> <span class='ocrx_word' id='word_1_127' title='bbox 467 1980 534 2066; x_wconf 88' lang='lat' dir='ltr'><strong>ejus</strong></span> <span class='ocrx_word' id='word_1_128' title='bbox 562 1978 748 2046; x_wconf 85' lang='lat' dir='ltr'><strong>crudelitate</strong></span> <span class='ocrx_word' id='word_1_129' title='bbox 774 1979 986 2067; x_wconf 84' lang='lat' dir='ltr'><strong>perfidiaque:</strong></span> <span class='ocrx_word' id='word_1_130' title='bbox 1009 2001 1113 2067; x_wconf 87' lang='lat' dir='ltr'><strong>neque</strong></span> <span class='ocrx_word' id='word_1_131' title='bbox 1132 2003 1173 2049; x_wconf 85' lang='lat' dir='ltr'><strong>ex</strong></span> 
     </span>
    </p>

    <p class='ocr_par' dir='ltr' id='par_1_10' title="bbox 104 2064 1174 2154">
     <span class='ocr_line' id='line_1_20' title="bbox 104 2064 1174 2154; baseline 0.007 -27"><span class='ocrx_word' id='word_1_132' title='bbox 104 2065 154 2142; x_wconf 88' lang='lat' dir='ltr'><strong>iis,</strong></span> <span class='ocrx_word' id='word_1_133' title='bbox 169 2087 246 2153; x_wconf 82' lang='lat' dir='ltr'><strong>quse</strong></span> <span class='ocrx_word' id='word_1_134' title='bbox 260 2077 329 2150; x_wconf 82' lang='lat' dir='ltr'><strong>tum</strong></span> <span class='ocrx_word' id='word_1_135' title='bbox 345 2065 387 2130; x_wconf 86' lang='lat' dir='ltr'><strong>ad</strong></span> <span class='ocrx_word' id='word_1_136' title='bbox 400 2080 525 2152; x_wconf 88' lang='lat' dir='ltr'><strong>tempus</strong></span> <span class='ocrx_word' id='word_1_137' title='bbox 539 2064 666 2147; x_wconf 85' lang='lat' dir='ltr'><strong>faceret,</strong></span> <span class='ocrx_word' id='word_1_138' title='bbox 681 2066 883 2145; x_wconf 78' lang='lat' dir='ltr'><strong>aestimantes,</strong></span> <span class='ocrx_word' id='word_1_139' title='bbox 898 2069 1078 2154; x_wconf 83' lang='lat' dir='ltr'><strong>graviorem</strong></span> <span class='ocrx_word' id='word_1_140' title='bbox 1099 2083 1174 2154; x_wconf 89' lang='lat' dir='ltr'><strong>post</strong></span> 
     </span>
    </p>

    <p class='ocr_par' dir='ltr' id='par_1_11' title="bbox 106 2151 1174 2242">
     <span class='ocr_line' id='line_1_21' title="bbox 106 2151 1174 2242; baseline 0.002 -24"><span class='ocrx_word' id='word_1_141' title='bbox 106 2153 226 2218; x_wconf 86' lang='lat' dir='ltr'><strong>bellum</strong></span> <span class='ocrx_word' id='word_1_142' title='bbox 242 2152 409 2218; x_wconf 88' lang='lat' dir='ltr'><strong>dominum</strong></span> <span class='ocrx_word' id='word_1_143' title='bbox 420 2151 566 2218; x_wconf 70' lang='lat' dir='ltr'><strong>&#39;futurum</strong></span> <span class='ocrx_word' id='word_1_144' title='bbox 585 2154 769 2218; x_wconf 81' lang='lat' dir='ltr'><strong>cernebant.</strong></span> <span class='ocrx_word' id='word_1_145' title='bbox 790 2175 894 2239; x_wconf 87' lang='lat' dir='ltr'><strong>neque</strong></span> <span class='ocrx_word' id='word_1_146' title='bbox 914 2154 1029 2234; x_wconf 86' lang='lat' dir='ltr'><strong>solum,</strong></span> <span class='ocrx_word' id='word_1_147' title='bbox 1043 2155 1124 2242; x_wconf 88' lang='lat' dir='ltr'><strong>quid</strong></span> <span class='ocrx_word' id='word_1_148' title='bbox 1138 2157 1174 2220; x_wconf 89' lang='lat' dir='ltr'><strong>in</strong></span> 
     </span>
    </p>

    <p class='ocr_par' dir='ltr' id='par_1_12' title="bbox 105 2239 1174 2414">
     <span class='ocr_line' id='line_1_22' title="bbox 105 2239 1174 2326; baseline 0.004 -22"><span class='ocrx_word' id='word_1_149' title='bbox 105 2254 217 2306; x_wconf 82' lang='lat' dir='ltr'><strong>senatu</strong></span> <span class='ocrx_word' id='word_1_150' title='bbox 233 2240 377 2326; x_wconf 85' lang='lat' dir='ltr'><strong>¹quisque</strong></span> <span class='ocrx_word' id='word_1_151' title='bbox 397 2239 532 2304; x_wconf 86' lang='lat' dir='ltr'><strong>civitatis</strong></span> <span class='ocrx_word' id='word_1_152' title='bbox 554 2261 631 2317; x_wconf 86' lang='lat' dir='ltr'><strong>suae,</strong></span> <span class='ocrx_word' id='word_1_153' title='bbox 654 2252 709 2305; x_wconf 88' lang='lat' dir='ltr'><strong>aut</strong></span> <span class='ocrx_word' id='word_1_154' title='bbox 732 2239 765 2302; x_wconf 87' lang='lat' dir='ltr'><strong>in</strong></span> <span class='ocrx_word' id='word_1_155' title='bbox 788 2240 1011 2306; x_wconf 89' lang='lat' dir='ltr'><strong>communibus</strong></span> <span class='ocrx_word' id='word_1_156' title='bbox 1032 2242 1174 2308; x_wconf 80' lang='lat' dir='ltr'><strong>conciliis</strong></span> 
     </span>
     <span class='ocr_line' id='line_1_23' title="bbox 146 2325 1173 2414; baseline -0.001 -22"><span class='ocrx_word' id='word_1_157' title='bbox 146 2328 209 2392; x_wconf 87' lang='lat' dir='ltr'><strong>ntis</strong></span> <span class='ocrx_word' id='word_1_158' title='bbox 224 2347 286 2414; x_wconf 92' lang='lat' dir='ltr'><strong>pro</strong></span> <span class='ocrx_word' id='word_1_159' title='bbox 301 2326 456 2390; x_wconf 85' lang='lat' dir='ltr'><strong>sententia</strong></span> <span class='ocrx_word' id='word_1_160' title='bbox 470 2326 622 2401; x_wconf 80' lang='lat' dir='ltr'><strong>dicerent,</strong></span> <span class='ocrx_word' id='word_1_161' title='bbox 638 2327 649 2389; x_wconf 95' lang='lat' dir='ltr'><strong>i</strong></span> <span class='ocrx_word' id='word_1_162' title='bbox 695 2325 849 2391; x_wconf 82' lang='lat' dir='ltr'><strong>orabant:</strong></span> <span class='ocrx_word' id='word_1_163' title='bbox 873 2327 926 2391; x_wconf 89' lang='lat' dir='ltr'><strong>sed</strong></span> <span class='ocrx_word' id='word_1_164' title='bbox 948 2349 990 2393; x_wconf 90' lang='lat' dir='ltr'><strong>ne</strong></span> <span class='ocrx_word' id='word_1_165' title='bbox 1010 2327 1088 2414; x_wconf 90' lang='lat' dir='ltr'><strong>ipsis</strong></span> <span class='ocrx_word' id='word_1_166' title='bbox 1102 2329 1173 2414; x_wconf 91' lang='lat' dir='ltr'><strong>qui·</strong></span> 
     </span>
    </p>

    <p class='ocr_par' dir='ltr' id='par_1_13' title="bbox 105 2349 1172 2500">
     <span class='ocr_line' id='line_1_24' title="bbox 105 2349 1172 2500; baseline 0.001 -21"><span class='ocrx_word' id='word_1_167' title='bbox 105 2349 178 2480; x_wconf 68' lang='lat' dir='ltr'><strong>iim</strong></span> <span class='ocrx_word' id='word_1_168' title='bbox 202 2435 311 2478; x_wconf 84' lang='lat' dir='ltr'><strong>secum</strong></span> <span class='ocrx_word' id='word_1_169' title='bbox 333 2411 560 2498; x_wconf 85' lang='lat' dir='ltr'><strong>cogitantibus,</strong></span> <span class='ocrx_word' id='word_1_170' title='bbox 583 2412 637 2499; x_wconf 90' lang='lat' dir='ltr'><strong>qui</strong></span> <span class='ocrx_word' id='word_1_171' title='bbox 686 2412 811 2492; x_wconf 81' lang='lat' dir='ltr'><strong>vellent,</strong></span> <span class='ocrx_word' id='word_1_172' title='bbox 836 2423 891 2478; x_wconf 84' lang='lat' dir='ltr'><strong>sut</strong></span> <span class='ocrx_word' id='word_1_173' title='bbox 914 2413 991 2499; x_wconf 90' lang='lat' dir='ltr'><strong>quid</strong></span> <span class='ocrx_word' id='word_1_174' title='bbox 1013 2426 1172 2500; x_wconf 82' lang='lat' dir='ltr'><strong>optarent,</strong></span> 
     </span>
    </p>

    <p class='ocr_par' dir='ltr' id='par_1_14' title="bbox 106 2498 1172 2592">
     <span class='ocr_line' id='line_1_25' title="bbox 106 2498 1172 2592; baseline -0.001 -26"><span class='ocrx_word' id='word_1_175' title='bbox 106 2501 179 2566; x_wconf 84' lang='lat' dir='ltr'><strong>satis</strong></span> <span class='ocrx_word' id='word_1_176' title='bbox 193 2499 372 2566; x_wconf 79' lang='lat' dir='ltr'><strong>constabat.</strong></span> <span class='ocrx_word' id='word_1_177' title='bbox 417 2499 469 2564; x_wconf 92' lang='lat' dir='ltr'><strong>Ad</strong></span> <span class='ocrx_word' id='word_1_178' title='bbox 485 2498 630 2564; x_wconf 84' lang='lat' dir='ltr'><strong>homines</strong></span> <span class='ocrx_word' id='word_1_179' title='bbox 651 2499 695 2564; x_wconf 89' lang='lat' dir='ltr'><strong>ita</strong></span> <span class='ocrx_word' id='word_1_180' title='bbox 715 2499 852 2576; x_wconf 86' lang='lat' dir='ltr'><strong>incertos</strong></span> <span class='ocrx_word' id='word_1_181' title='bbox 873 2499 1063 2566; x_wconf 81' lang='lat' dir='ltr'><strong>introductis</strong></span> <span class='ocrx_word' id='word_1_182' title='bbox 1084 2500 1172 2592; x_wconf 81' lang='lat' dir='ltr'><strong>legs·</strong></span> 
     </span>
    </p>

    <p class='ocr_par' dir='ltr' id='par_1_15' title="bbox 106 2585 1170 2674">
     <span class='ocr_line' id='line_1_26' title="bbox 106 2585 1170 2674; baseline 0.002 -22"><span class='ocrx_word' id='word_1_183' title='bbox 106 2590 143 2652; x_wconf 90' lang='lat' dir='ltr'><strong>tis</strong></span> <span class='ocrx_word' id='word_1_184' title='bbox 167 2599 308 2674; x_wconf 82' lang='lat' dir='ltr'><strong>potestas</strong></span> <span class='ocrx_word' id='word_1_185' title='bbox 331 2585 459 2652; x_wconf 90' lang='lat' dir='ltr'><strong>dicendi</strong></span> <span class='ocrx_word' id='word_1_186' title='bbox 483 2585 567 2651; x_wconf 82' lang='lat' dir='ltr'><strong>facta</strong></span> <span class='ocrx_word' id='word_1_187' title='bbox 585 2600 642 2651; x_wconf 89' lang='lat' dir='ltr'><strong>est.</strong></span> <span class='ocrx_word' id='word_1_188' title='bbox 688 2585 854 2652; x_wconf 87' lang='lat' dir='ltr'><strong>Romanus</strong></span> <span class='ocrx_word' id='word_1_189' title='bbox 878 2587 1054 2671; x_wconf 90' lang='lat' dir='ltr'><strong>primuml</strong></span> <span class='ocrx_word' id='word_1_190' title='bbox 1118 2601 1170 2654; x_wconf 86' lang='lat' dir='ltr'><strong>tus</strong></span> 
     </span>
    </p>

    <p class='ocr_par' dir='ltr' id='par_1_16' title="bbox 106 2671 1334 2760">
     <span class='ocr_line' id='line_1_27' title="bbox 106 2671 1334 2760; baseline -0.002 -19"><span class='ocrx_word' id='word_1_191' title='bbox 106 2673 145 2740; x_wconf 91' lang='lat' dir='ltr'><strong>L.</strong></span> <span class='ocrx_word' id='word_1_192' title='bbox 159 2673 370 2759; x_wconf 81' lang='lat' dir='ltr'><strong>Calpurnius,</strong></span> <span class='ocrx_word' id='word_1_193' title='bbox 386 2671 502 2738; x_wconf 89' lang='lat' dir='ltr'><strong>deinde</strong></span> <span class='ocrx_word' id='word_1_194' title='bbox 524 2671 625 2737; x_wconf 86' lang='lat' dir='ltr'><strong>Attali</strong></span> <span class='ocrx_word' id='word_1_195' title='bbox 648 2695 680 2737; x_wconf 90' lang='lat' dir='ltr'><strong>re</strong></span> <span class='ocrx_word' id='word_1_196' title='bbox 704 2673 729 2736; x_wconf 84' lang='lat' dir='ltr'><strong>&#39;s</strong></span> <span class='ocrx_word' id='word_1_197' title='bbox 749 2673 855 2760; x_wconf 83' lang='lat' dir='ltr'><strong>legati,</strong></span> <span class='ocrx_word' id='word_1_198' title='bbox 870 2690 944 2758; x_wconf 89' lang='lat' dir='ltr'><strong>post</strong></span> <span class='ocrx_word' id='word_1_199' title='bbox 965 2697 1019 2738; x_wconf 89' lang='lat' dir='ltr'><strong>eos</strong></span> <span class='ocrx_word' id='word_1_200' title='bbox 1047 2675 1078 2740; x_wconf 89' lang='lat' dir='ltr'><strong>R</strong></span> <span class='ocrx_word' id='word_1_201' title='bbox 1103 2675 1287 2740; x_wconf 80' lang='lat' dir='ltr'><strong>odiinurtunt</strong></span> <span class='ocrx_word' id='word_1_202' title='bbox 1304 2683 1334 2730; x_wconf 79' lang='lat' dir='ltr'><strong>le·</strong></span> 
     </span>
    </p>

    <p class='ocr_par' dir='ltr' id='par_1_17' title="bbox 105 2693 1253 2847">
     <span class='ocr_line' id='line_1_28' title="bbox 105 2693 1253 2847; baseline 0.001 -22"><span class='ocrx_word' id='word_1_203' title='bbox 105 2761 333 2827; x_wconf 86' lang='lat' dir='ltr'><strong>disseruerunt.</strong></span> <span class='ocrx_word' id='word_1_204' title='bbox 379 2757 520 2845; x_wconf 89' lang='lat' dir='ltr'><strong>Philippi</strong></span> <span class='ocrx_word' id='word_1_205' title='bbox 541 2758 657 2826; x_wconf 90' lang='lat' dir='ltr'><strong>deinde</strong></span> <span class='ocrx_word' id='word_1_206' title='bbox 676 2693 787 2847; x_wconf 57' lang='lat' dir='ltr'><strong>figatis</strong></span> <span class='ocrx_word' id='word_1_207' title='bbox 801 2759 928 2824; x_wconf 92' lang='lat' dir='ltr'><strong>dicendi</strong></span> <span class='ocrx_word' id='word_1_208' title='bbox 993 2772 1090 2825; x_wconf 89' lang='lat' dir='ltr'><strong>testas</strong></span> <span class='ocrx_word' id='word_1_209' title='bbox 1105 2753 1253 2826; x_wconf 57' lang='lat' dir='ltr'><strong>heim</strong></span> 
     </span>
    </p>

    <p class='ocr_par' dir='ltr' id='par_1_18' title="bbox 105 2782 1170 2934">
     <span class='ocr_line' id='line_1_29' title="bbox 105 2782 1170 2934; baseline -0.002 -21"><span class='ocrx_word' id='word_1_210' title='bbox 105 2861 136 2913; x_wconf 78' lang='lat' dir='ltr'><strong>te</strong></span> <span class='ocrx_word' id='word_1_211' title='bbox 158 2863 216 2915; x_wconf 80' lang='lat' dir='ltr'><strong>est.</strong></span> <span class='ocrx_word' id='word_1_212' title='bbox 246 2847 401 2934; x_wconf 87' lang='lat' dir='ltr'><strong>postremi</strong></span> <span class='ocrx_word' id='word_1_213' title='bbox 430 2847 650 2924; x_wconf 86' lang='lat' dir='ltr'><strong>Athenienses,</strong></span> <span class='ocrx_word' id='word_1_214' title='bbox 680 2858 716 2910; x_wconf 90' lang='lat' dir='ltr'><strong>ut</strong></span> <span class='ocrx_word' id='word_1_215' title='bbox 744 2843 921 2909; x_wconf 83' lang='lat' dir='ltr'><strong>refellerent</strong></span> <span class='ocrx_word' id='word_1_216' title='bbox 949 2782 1170 2911; x_wconf 67' lang='lat' dir='ltr'><strong>liacedonum</strong></span> 
     </span>
    </p>

    <p class='ocr_par' dir='ltr' id='par_1_19' title="bbox 105 2929 1172 3030">
     <span class='ocr_line' id='line_1_30' title="bbox 105 2929 1172 3030; baseline -0.003 -31"><span class='ocrx_word' id='word_1_217' title='bbox 105 2934 200 3015; x_wconf 81' lang='lat' dir='ltr'><strong>dicte,</strong></span> <span class='ocrx_word' id='word_1_218' title='bbox 217 2935 318 3000; x_wconf 88' lang='lat' dir='ltr'><strong>auditi</strong></span> <span class='ocrx_word' id='word_1_219' title='bbox 341 2947 439 3000; x_wconf 80' lang='lat' dir='ltr'><strong>sunt.</strong></span> <span class='ocrx_word' id='word_1_220' title='bbox 470 2932 579 2998; x_wconf 83' lang='lat' dir='ltr'><strong>lisere</strong></span> <span class='ocrx_word' id='word_1_221' title='bbox 601 2929 795 2998; x_wconf 82' lang='lat' dir='ltr'><strong>atrocissimo</strong></span> <span class='ocrx_word' id='word_1_222' title='bbox 809 2931 843 2994; x_wconf 94' lang='lat' dir='ltr'><strong>in</strong></span> <span class='ocrx_word' id='word_1_223' title='bbox 858 2951 977 3030; x_wconf 73' lang='lat' dir='ltr'><strong>regem,</strong></span> <span class='ocrx_word' id='word_1_224' title='bbox 993 2932 1070 3018; x_wconf 91' lang='lat' dir='ltr'><strong>quia</strong></span> <span class='ocrx_word' id='word_1_225' title='bbox 1090 2931 1172 2996; x_wconf 91' lang='lat' dir='ltr'><strong>nulli</strong></span> 
     </span>
    </p>

    <p class='ocr_par' dir='ltr' id='par_1_20' title="bbox 103 3017 1172 3107">
     <span class='ocr_line' id='line_1_31' title="bbox 103 3017 1172 3107; baseline -0.003 -21"><span class='ocrx_word' id='word_1_226' title='bbox 103 3042 160 3087; x_wconf 88' lang='lat' dir='ltr'><strong>nec</strong></span> <span class='ocrx_word' id='word_1_227' title='bbox 174 3023 281 3107; x_wconf 88' lang='lat' dir='ltr'><strong>plura,</strong></span> <span class='ocrx_word' id='word_1_228' title='bbox 297 3043 357 3086; x_wconf 92' lang='lat' dir='ltr'><strong>nec</strong></span> <span class='ocrx_word' id='word_1_229' title='bbox 372 3035 435 3086; x_wconf 86' lang='lat' dir='ltr'><strong>tam</strong></span> <span class='ocrx_word' id='word_1_230' title='bbox 452 3021 567 3086; x_wconf 80' lang='lat' dir='ltr'><strong>acerba</strong></span> <span class='ocrx_word' id='word_1_231' title='bbox 580 3018 665 3105; x_wconf 85' lang='lat' dir='ltr'><strong>passi</strong></span> <span class='ocrx_word' id='word_1_232' title='bbox 679 3030 780 3096; x_wconf 87' lang='lat' dir='ltr'><strong>erant,</strong></span> <span class='ocrx_word' id='word_1_233' title='bbox 796 3018 911 3081; x_wconf 81' lang='lat' dir='ltr'><strong>invem</strong></span> <span class='ocrx_word' id='word_1_234' title='bbox 929 3030 1014 3083; x_wconf 87' lang='lat' dir='ltr'><strong>sunt.</strong></span> <span class='ocrx_word' id='word_1_235' title='bbox 1058 3017 1102 3083; x_wconf 86' lang='lat' dir='ltr'><strong>Et</strong></span> <span class='ocrx_word' id='word_1_236' title='bbox 1116 3017 1172 3084; x_wconf 82' lang='lat' dir='ltr'><strong>illa</strong></span> 
     </span>
    </p>

    <p class='ocr_par' dir='ltr' id='par_1_21' title="bbox 104 3103 1172 3195">
     <span class='ocr_line' id='line_1_32' title="bbox 104 3103 1172 3195; baseline -0.002 -21"><span class='ocrx_word' id='word_1_237' title='bbox 104 3110 232 3195; x_wconf 87' lang='lat' dir='ltr'><strong>quidem</strong></span> <span class='ocrx_word' id='word_1_238' title='bbox 259 3107 374 3173; x_wconf 92' lang='lat' dir='ltr'><strong>concio</strong></span> <span class='ocrx_word' id='word_1_239' title='bbox 390 3108 449 3190; x_wconf 88' lang='lat' dir='ltr'><strong>sub</strong></span> <span class='ocrx_word' id='word_1_240' title='bbox 471 3129 618 3172; x_wconf 87' lang='lat' dir='ltr'><strong>occasum</strong></span> <span class='ocrx_word' id='word_1_241' title='bbox 639 3105 725 3184; x_wconf 89' lang='lat' dir='ltr'><strong>solis,</strong></span> <span class='ocrx_word' id='word_1_242' title='bbox 740 3116 788 3170; x_wconf 90' lang='lat' dir='ltr'><strong>tot</strong></span> <span class='ocrx_word' id='word_1_243' title='bbox 811 3103 989 3192; x_wconf 78' lang='lat' dir='ltr'><strong>legatorum</strong></span> <span class='ocrx_word' id='word_1_244' title='bbox 1011 3107 1172 3192; x_wconf 88' lang='lat' dir='ltr'><strong>perpetuis</strong></span> 
     </span>
    </p>

    <p class='ocr_par' dir='ltr' id='par_1_22' title="bbox 104 3193 764 3274">
     <span class='ocr_line' id='line_1_33' title="bbox 104 3193 764 3274; baseline -0.003 -14"><span class='ocrx_word' id='word_1_245' title='bbox 104 3195 309 3271; x_wconf 75' lang='lat' dir='ltr'><strong>orationibus</strong></span> <span class='ocrx_word' id='word_1_246' title='bbox 320 3193 373 3260; x_wconf 90' lang='lat' dir='ltr'><strong>die</strong></span> <span class='ocrx_word' id='word_1_247' title='bbox 387 3195 544 3274; x_wconf 89' lang='lat' dir='ltr'><strong>absumto,</strong></span> <span class='ocrx_word' id='word_1_248' title='bbox 559 3193 687 3258; x_wconf 81' lang='lat' dir='ltr'><strong>dimissa</strong></span> <span class='ocrx_word' id='word_1_249' title='bbox 701 3203 764 3259; x_wconf 85' lang='lat' dir='ltr'><strong>est.</strong></span> 
     </span>
    </p>

    <p class='ocr_par' dir='ltr' id='par_1_23' title="bbox 101 3279 1306 3976">
     <span class='ocr_line' id='line_1_34' title="bbox 144 3279 1173 3368; baseline -0.001 -20"><span class='ocrx_word' id='word_1_250' title='bbox 144 3282 230 3348; x_wconf 90' lang='lat' dir='ltr'><strong>XX.</strong></span> <span class='ocrx_word' id='word_1_251' title='bbox 255 3282 391 3347; x_wconf 86' lang='lat' dir='ltr'><strong>Postero</strong></span> <span class='ocrx_word' id='word_1_252' title='bbox 414 3282 466 3347; x_wconf 90' lang='lat' dir='ltr'><strong>die</strong></span> <span class='ocrx_word' id='word_1_253' title='bbox 491 3281 663 3346; x_wconf 85' lang='lat' dir='ltr'><strong>advocatur</strong></span> <span class='ocrx_word' id='word_1_254' title='bbox 686 3279 882 3357; x_wconf 69' lang='lat' dir='ltr'><strong>concilium</strong></span> <span class='ocrx_word' id='word_1_255' title='bbox 905 3280 961 3346; x_wconf 94' lang='lat' dir='ltr'><strong>ubi</strong></span> <span class='ocrx_word' id='word_1_256' title='bbox 985 3301 1084 3368; x_wconf 90' lang='lat' dir='ltr'><strong>quum</strong></span> <span class='ocrx_word' id='word_1_257' title='bbox 1114 3301 1173 3366; x_wconf 91' lang='lat' dir='ltr'><strong>per</strong></span> 
     </span>
     <span class='ocr_line' id='line_1_35' title="bbox 103 3367 1173 3456; baseline -0.003 -20"><span class='ocrx_word' id='word_1_258' title='bbox 103 3389 298 3456; x_wconf 83' lang='lat' dir='ltr'><strong>praeconem,</strong></span> <span class='ocrx_word' id='word_1_259' title='bbox 317 3369 398 3434; x_wconf 90' lang='lat' dir='ltr'><strong>sicut</strong></span> <span class='ocrx_word' id='word_1_260' title='bbox 421 3367 546 3433; x_wconf 84' lang='lat' dir='ltr'><strong>Graecis</strong></span> <span class='ocrx_word' id='word_1_261' title='bbox 570 3389 640 3433; x_wconf 92' lang='lat' dir='ltr'><strong>mos</strong></span> <span class='ocrx_word' id='word_1_262' title='bbox 663 3379 721 3449; x_wconf 88' lang='lat' dir='ltr'><strong>est,</strong></span> <span class='ocrx_word' id='word_1_263' title='bbox 742 3367 908 3444; x_wconf 79' lang='lat' dir='ltr'><strong>suadendi,</strong></span> <span class='ocrx_word' id='word_1_264' title='bbox 928 3367 954 3430; x_wconf 91' lang='lat' dir='ltr'><strong>si</strong></span> <span class='ocrx_word' id='word_1_265' title='bbox 972 3367 1043 3454; x_wconf 91' lang='lat' dir='ltr'><strong>quis</strong></span> <span class='ocrx_word' id='word_1_266' title='bbox 1066 3369 1173 3446; x_wconf 84' lang='lat' dir='ltr'><strong>vellet,</strong></span> 
     </span>
     <span class='ocr_line' id='line_1_36' title="bbox 102 3451 1171 3544; baseline -0.005 -20"><span class='ocrx_word' id='word_1_267' title='bbox 102 3469 241 3542; x_wconf 80' lang='lat' dir='ltr'><strong>potestas</strong></span> <span class='ocrx_word' id='word_1_268' title='bbox 255 3479 276 3520; x_wconf 81' lang='lat' dir='ltr'><strong>a</strong></span> <span class='ocrx_word' id='word_1_269' title='bbox 289 3454 528 3544; x_wconf 82' lang='lat' dir='ltr'><strong>magistratibus</strong></span> <span class='ocrx_word' id='word_1_270' title='bbox 544 3451 627 3520; x_wconf 85' lang='lat' dir='ltr'><strong>facta</strong></span> <span class='ocrx_word' id='word_1_271' title='bbox 640 3466 732 3532; x_wconf 83' lang='lat' dir='ltr'><strong>esset,</strong></span> <span class='ocrx_word' id='word_1_272' title='bbox 749 3475 807 3519; x_wconf 89' lang='lat' dir='ltr'><strong>uec</strong></span> <span class='ocrx_word' id='word_1_273' title='bbox 849 3454 994 3540; x_wconf 89' lang='lat' dir='ltr'><strong>uisquam</strong></span> <span class='ocrx_word' id='word_1_274' title='bbox 1008 3453 1171 3540; x_wconf 79' lang='lat' dir='ltr'><strong>prodiret3</strong></span> 
     </span>
     <span class='ocr_line' id='line_1_37' title="bbox 101 3475 1306 3631; baseline -0.006 -23"><span class='ocrx_word' id='word_1_275' title='bbox 101 3543 156 3610; x_wconf 90' lang='lat' dir='ltr'><strong>diu</strong></span> <span class='ocrx_word' id='word_1_276' title='bbox 176 3544 339 3609; x_wconf 88' lang='lat' dir='ltr'><strong>silentium</strong></span> <span class='ocrx_word' id='word_1_277' title='bbox 361 3541 496 3607; x_wconf 84' lang='lat' dir='ltr'><strong>aliorum</strong></span> <span class='ocrx_word' id='word_1_278' title='bbox 521 3540 599 3606; x_wconf 86' lang='lat' dir='ltr'><strong>alios</strong></span> <span class='ocrx_word' id='word_1_279' title='bbox 617 3540 808 3606; x_wconf 86' lang='lat' dir='ltr'><strong>intuentium</strong></span> <span class='ocrx_word' id='word_1_280' title='bbox 827 3475 898 3607; x_wconf 75' lang='lat' dir='ltr'><strong>ibit.</strong></span> <span class='ocrx_word' id='word_1_281' title='bbox 921 3562 1025 3627; x_wconf 90' lang='lat' dir='ltr'><strong>neque</strong></span> <span class='ocrx_word' id='word_1_282' title='bbox 1042 3540 1170 3618; x_wconf 88' lang='lat' dir='ltr'><strong>mirum,</strong></span> <span class='ocrx_word' id='word_1_283' title='bbox 1180 3551 1306 3631; x_wconf 64' lang='lat' dir='ltr'><strong>sitentium</strong></span> 
     </span>
     <span class='ocr_line' id='line_1_38' title="bbox 103 3621 1288 3731; baseline -0.003 -38"><span class='ocrx_word' id='word_1_284' title='bbox 103 3631 136 3709; x_wconf 88' lang='lat' dir='ltr'><strong>si,</strong></span> <span class='ocrx_word' id='word_1_285' title='bbox 152 3631 271 3719; x_wconf 91' lang='lat' dir='ltr'><strong>quibus</strong></span> <span class='ocrx_word' id='word_1_286' title='bbox 293 3651 353 3695; x_wconf 84' lang='lat' dir='ltr'><strong>sue</strong></span> <span class='ocrx_word' id='word_1_287' title='bbox 374 3641 499 3714; x_wconf 88' lang='lat' dir='ltr'><strong>sponte,</strong></span> <span class='ocrx_word' id='word_1_288' title='bbox 514 3627 731 3693; x_wconf 86' lang='lat' dir='ltr'><strong>volutantibus</strong></span> <span class='ocrx_word' id='word_1_289' title='bbox 752 3649 803 3691; x_wconf 89' lang='lat' dir='ltr'><strong>res</strong></span> <span class='ocrx_word' id='word_1_290' title='bbox 824 3627 906 3692; x_wconf 89' lang='lat' dir='ltr'><strong>inter</strong></span> <span class='ocrx_word' id='word_1_291' title='bbox 927 3649 961 3692; x_wconf 91' lang='lat' dir='ltr'><strong>se</strong></span> <span class='ocrx_word' id='word_1_292' title='bbox 982 3640 1170 3714; x_wconf 83' lang='lat' dir='ltr'><strong>pugnantes,</strong></span> <span class='ocrx_word' id='word_1_293' title='bbox 1180 3624 1244 3731; x_wconf 50' lang='grc' dir='ltr'><strong>Ἕω</strong></span> <span class='ocrx_word' id='word_1_294' title='bbox 1255 3621 1288 3664; x_wconf 67' lang='grc' dir='ltr'><strong>Α·</strong></span> 
     </span>
     <span class='ocr_line' id='line_1_39' title="bbox 102 3699 1266 3804; baseline -0.002 -22"><span class='ocrx_word' id='word_1_295' title='bbox 102 3718 335 3804; x_wconf 85' lang='lat' dir='ltr'><strong>obtorpuerant</strong></span> <span class='ocrx_word' id='word_1_296' title='bbox 363 3714 602 3803; x_wconf 85' lang='lat' dir='ltr'><strong>quodammodo</strong></span> <span class='ocrx_word' id='word_1_297' title='bbox 631 3715 739 3792; x_wconf 88' lang='lat' dir='ltr'><strong>animi,</strong></span> <span class='ocrx_word' id='word_1_298' title='bbox 769 3736 823 3779; x_wconf 90' lang='lat' dir='ltr'><strong>eos</strong></span> <span class='ocrx_word' id='word_1_299' title='bbox 856 3715 1015 3778; x_wconf 88' lang='lat' dir='ltr'><strong>orationes</strong></span> <span class='ocrx_word' id='word_1_300' title='bbox 1043 3700 1193 3801; x_wconf 84' lang='lat' dir='ltr'><strong>quoquec</strong></span> <span class='ocrx_word' id='word_1_301' title='bbox 1211 3699 1266 3732; x_wconf 69' lang='lat'><strong>&#39;⁰⁵&#39;</strong></span> 
     </span>
     <span class='ocr_line' id='line_1_40' title="bbox 103 3799 1173 3894; baseline -0.001 -27"><span class='ocrx_word' id='word_1_302' title='bbox 103 3804 234 3894; x_wconf 90' lang='lat' dir='ltr'><strong>insuper</strong></span> <span class='ocrx_word' id='word_1_303' title='bbox 261 3803 477 3880; x_wconf 84' lang='lat' dir='ltr'><strong>turbaverant,</strong></span> <span class='ocrx_word' id='word_1_304' title='bbox 505 3804 666 3889; x_wconf 89' lang='lat' dir='ltr'><strong>utrimque</strong></span> <span class='ocrx_word' id='word_1_305' title='bbox 693 3824 767 3887; x_wconf 85' lang='lat' dir='ltr'><strong>quae</strong></span> <span class='ocrx_word' id='word_1_306' title='bbox 791 3799 931 3865; x_wconf 86' lang='lat' dir='ltr'><strong>difficilia</strong></span> <span class='ocrx_word' id='word_1_307' title='bbox 960 3813 1073 3879; x_wconf 85' lang='lat' dir='ltr'><strong>essent,</strong></span> <span class='ocrx_word' id='word_1_308' title='bbox 1096 3823 1173 3887; x_wconf 88' lang='lat' dir='ltr'><strong>pro-</strong></span> 
     </span>
     <span class='ocr_line' id='line_1_41' title="bbox 101 3885 1172 3976; baseline -0.004 -21"><span class='ocrx_word' id='word_1_309' title='bbox 101 3891 220 3958; x_wconf 87' lang='lat' dir='ltr'><strong>mendo</strong></span> <span class='ocrx_word' id='word_1_310' title='bbox 241 3890 517 3976; x_wconf 88' lang='lat' dir='ltr'><strong>admonendoque,</strong></span> <span class='ocrx_word' id='word_1_311' title='bbox 538 3910 596 3973; x_wconf 89' lang='lat' dir='ltr'><strong>per</strong></span> <span class='ocrx_word' id='word_1_312' title='bbox 617 3899 720 3953; x_wconf 90' lang='lat' dir='ltr'><strong>totum</strong></span> <span class='ocrx_word' id='word_1_313' title='bbox 741 3887 827 3953; x_wconf 91' lang='lat' dir='ltr'><strong>diem</strong></span> <span class='ocrx_word' id='word_1_314' title='bbox 851 3885 978 3952; x_wconf 84' lang='lat' dir='ltr'><strong>habitae.</strong></span> <span class='ocrx_word' id='word_1_315' title='bbox 1024 3888 1172 3953; x_wconf 78' lang='lat' dir='ltr'><strong>Tandem</strong></span> 
     </span>
    </p>
   </div>
   <div class='ocr_carea' id='block_1_6' title="bbox 104 3973 1172 4062">
    <p class='ocr_par' dir='ltr' id='par_1_24' title="bbox 104 3973 1172 4062">
     <span class='ocr_line' id='line_1_42' title="bbox 104 3973 1172 4062; baseline -0.006 -19"><span class='ocrx_word' id='word_1_316' title='bbox 104 3979 284 4044; x_wconf 81' lang='lat' dir='ltr'><strong>Aristaenus</strong></span> <span class='ocrx_word' id='word_1_317' title='bbox 303 3987 423 4062; x_wconf 82' lang='lat' dir='ltr'><strong>ptaetor</strong></span> <span class='ocrx_word' id='word_1_318' title='bbox 439 3975 645 4052; x_wconf 83' lang='lat' dir='ltr'><strong>Achaeorum,</strong></span> <span class='ocrx_word' id='word_1_319' title='bbox 662 3997 703 4040; x_wconf 88' lang='lat' dir='ltr'><strong>ue</strong></span> <span class='ocrx_word' id='word_1_320' title='bbox 723 3974 856 4040; x_wconf 73' lang='lat' dir='ltr'><strong>taciturn</strong></span> <span class='ocrx_word' id='word_1_321' title='bbox 878 3973 1049 4040; x_wconf 88' lang='lat' dir='ltr'><strong>concilium</strong></span> <span class='ocrx_word' id='word_1_322' title='bbox 1064 3973 1172 4040; x_wconf 89' lang='lat' dir='ltr'><strong>dimit-</strong></span> 
     </span>
    </p>
   </div>
   <div class='ocr_carea' id='block_1_7' title="bbox 106 4151 1231 4406">
    <p class='ocr_par' dir='ltr' id='par_1_25' title="bbox 106 4151 1231 4406">
     <span class='ocr_line' id='line_1_43' title="bbox 137 4151 1231 4216; baseline -0.002 -14"><span class='ocrx_word' id='word_1_323' title='bbox 137 4159 168 4202; x_wconf 70' lang='grc' dir='ltr'>π</span> <span class='ocrx_word' id='word_1_324' title='bbox 185 4155 332 4202; x_wconf 53' lang='lat' dir='ltr'><strong>&amp;Attum</strong></span> <span class='ocrx_word' id='word_1_325' title='bbox 349 4153 380 4202; x_wconf 74' lang='lat' dir='ltr'><strong>tc</strong></span> <span class='ocrx_word' id='word_1_326' title='bbox 399 4154 577 4202; x_wconf 74' lang='lat' dir='ltr'><strong>mutrihutsrcr</strong></span> <span class='ocrx_word' id='word_1_327' title='bbox 595 4155 624 4202; x_wconf 65' lang='grc' dir='ltr'><strong>ἐκ</strong></span> <span class='ocrx_word' id='word_1_328' title='bbox 654 4153 767 4216; x_wconf 70' lang='lat' dir='ltr'><strong>gentihus</strong></span> <span class='ocrx_word' id='word_1_329' title='bbox 779 4152 986 4214; x_wconf 73' lang='lat' dir='ltr'><strong>Cleomenisregir</strong></span> <span class='ocrx_word' id='word_1_330' title='bbox 1002 4151 1172 4212; x_wconf 81' lang='lat' dir='ltr'><strong>Spartanorum</strong></span> <span class='ocrx_word' id='word_1_331' title='bbox 1228 4197 1231 4200; x_wconf 90' lang='lat'><strong>.</strong></span> 
     </span>
     <span class='ocr_line' id='line_1_44' title="bbox 106 4209 1172 4285; baseline -0.01 -19"><span class='ocrx_word' id='word_1_332' title='bbox 106 4217 238 4285; x_wconf 61' lang='lat' dir='ltr'><strong>culquam]</strong></span> <span class='ocrx_word' id='word_1_333' title='bbox 256 4219 389 4268; x_wconf 79' lang='lat' dir='ltr'><strong>corinthus</strong></span> <span class='ocrx_word' id='word_1_334' title='bbox 408 4220 438 4268; x_wconf 81' lang='lat' dir='ltr'><strong>ab</strong></span> <span class='ocrx_word' id='word_1_335' title='bbox 453 4215 529 4267; x_wconf 77' lang='lat' dir='ltr'><strong>Arato</strong></span> <span class='ocrx_word' id='word_1_336' title='bbox 546 4233 623 4280; x_wconf 85' lang='lat' dir='ltr'><strong>qnon-</strong></span> <span class='ocrx_word' id='word_1_337' title='bbox 655 4219 737 4278; x_wconf 80' lang='lat' dir='ltr'><strong>armis,</strong></span> <span class='ocrx_word' id='word_1_338' title='bbox 753 4220 877 4276; x_wconf 71' lang='lat' dir='ltr'><strong>scamno</strong></span> <span class='ocrx_word' id='word_1_339' title='bbox 893 4223 918 4266; x_wconf 85' lang='lat' dir='ltr'><strong>st</strong></span> <span class='ocrx_word' id='word_1_340' title='bbox 935 4214 1104 4284; x_wconf 79' lang='lat' dir='ltr'><strong>Macedonibps</strong></span> <span class='ocrx_word' id='word_1_341' title='bbox 1118 4209 1172 4256; x_wconf 83' lang='lat' dir='ltr'><strong>red·</strong></span> 
     </span>
     <span class='ocr_line' id='line_1_45' title="bbox 109 4284 1005 4348; baseline -0.002 -18"><span class='ocrx_word' id='word_1_342' title='bbox 109 4285 158 4330; x_wconf 78' lang='lat' dir='ltr'><strong>dam</strong></span> <span class='ocrx_word' id='word_1_343' title='bbox 182 4286 248 4334; x_wconf 83' lang='lat' dir='ltr'><strong>iurtc</strong></span> <span class='ocrx_word' id='word_1_344' title='bbox 273 4286 348 4332; x_wconf 81' lang='lat' dir='ltr'><strong>unias</strong></span> <span class='ocrx_word' id='word_1_345' title='bbox 373 4286 451 4333; x_wconf 85' lang='lat' dir='ltr'><strong>noctis</strong></span> <span class='ocrx_word' id='word_1_346' title='bbox 482 4286 623 4348; x_wconf 77' lang='lat' dir='ltr'><strong>intercepta,</strong></span> <span class='ocrx_word' id='word_1_347' title='bbox 655 4285 712 4334; x_wconf 83' lang='lat' dir='ltr'><strong>dita.</strong></span> <span class='ocrx_word' id='word_1_348' title='bbox 729 4285 858 4333; x_wconf 65' lang='lat' dir='ltr'><strong>vidntur</strong></span> <span class='ocrx_word' id='word_1_349' title='bbox 871 4284 1005 4344; x_wconf 43' lang='lat' dir='ltr'><strong>inArstcg</strong></span> 
     </span>
     <span class='ocr_line' id='line_1_46' title="bbox 109 4349 622 4406; baseline 0.008 -10"><span class='ocrx_word' id='word_1_350' title='bbox 109 4349 196 4398; x_wconf 71' lang='lat' dir='ltr'><strong>Achab</strong></span> <span class='ocrx_word' id='word_1_351' title='bbox 224 4349 363 4399; x_wconf 79' lang='lat' dir='ltr'><strong>contributa</strong></span> <span class='ocrx_word' id='word_1_352' title='bbox 388 4351 479 4400; x_wconf 73' lang='lat' dir='ltr'><strong>tuerat:</strong></span> <span class='ocrx_word' id='word_1_353' title='bbox 497 4365 560 4406; x_wconf 86' lang='lat' dir='ltr'><strong>mcx,</strong></span> <span class='ocrx_word' id='word_1_354' title='bbox 582 4363 622 4400; x_wconf 88' lang='lat' dir='ltr'><strong>cr·</strong></span> 
     </span>
    </p>
   </div>
   <div class='ocr_carea' id='block_1_8' title="bbox 145 4434 704 4481">
    <p class='ocr_par' dir='ltr' id='par_1_26' title="bbox 145 4434 704 4481">
     <span class='ocr_line' id='line_1_47' title="bbox 145 4434 704 4481; baseline -0.004 -2"><span class='ocrx_word' id='word_1_355' title='bbox 145 4434 219 4481; x_wconf 73' lang='lat' dir='ltr'><strong>VOl..</strong></span> <span class='ocrx_word' id='word_1_356' title='bbox 236 4435 294 4480; x_wconf 84' lang='lat'><strong>111.</strong></span> <span class='ocrx_word' id='word_1_357' title='bbox 685 4435 704 4477; x_wconf 69' lang='lat' dir='ltr'><strong>h*</strong></span> 
     </span>
    </p>
   </div>
   <div class='ocr_carea' id='block_1_9' title="bbox 0 0 1526 4954">
    <p class='ocr_par' dir='ltr' id='par_1_27' title="bbox 0 0 1526 4954">
     <span class='ocr_line' id='line_1_48' title="bbox 0 0 1526 4954; baseline 0 0"><span class='ocrx_word' id='word_1_358' title='bbox 0 0 1526 4954; x_wconf 95' lang='lat' dir='ltr'><strong> </strong></span> 
     </span>
    </p>
   </div>
  </div>
 </body>
</html>
