3042 4954
302 193 328 298 'u
431 257 432 268 a
688 235 802 294 rrrr
832 226 970 295 urvrr

148 420 284 468 uuam
310 402 380 468 cius
393 402 503 468 consui
522 399 646 464 retulitr
668 411 857 484 senatusque
876 397 1027 480 decrevit,
1044 400 1090 466 uti
1111 399 1258 466 consules
1281 401 1378 486 majo·

149 485 286 533 d·⁰·⁹⁰⁰·
311 488 399 554 ribus
420 486 531 552 hostiis
553 507 619 549 rem
643 484 782 550 divinam
805 484 955 573 facerent,
971 487 1086 574 quibus
1108 489 1180 552 Diis
1201 487 1277 574 ipsis
1293 483 1378 551 vide-

310 587 410 650 retur,
434 595 509 638 curn
535 571 717 658 precatione
743 593 798 637 ea:
820 571 960 650 ”Qucum
973 597 1036 638 rem
1050 585 1173 640 sumtus
1187 575 1381 660 popedusque

310 663 469 727 Romanus
483 661 521 724 de
534 659 690 742 republica
705 661 801 744 deque
822 660 954 725 inumdo
970 681 1048 726 novo
1062 660 1140 726 hello
1155 663 1190 726 in
1204 663 1309 726 uniam
1322 661 1381 724 lm·

310 749 403 825 leret,
419 769 456 810 ea
471 767 521 812 res
534 747 583 810 uti
591 747 708 829 populu
721 747 874 824 Romano,
890 748 1047 832 sociisque,
1064 769 1101 811 uc
1115 749 1234 812 nummi
1246 747 1381 827 Latino,

310 834 384 898 bene
397 855 439 897 ue
443 833 589 919 feliciter
603 834 753 897 eueniret:
776 831 949 898 secundum
973 855 1040 898 rem
1060 831 1199 900 divinem
1222 831 1379 920 precatio·

268 931 279 964 ⁸
310 941 458 1006 nemque,
474 932 510 984 ut
523 917 564 984 de
578 917 742 1003 republica
764 917 867 1006 deque
888 920 1058 1004 provinciis
1077 933 1218 986 senatum
1235 919 1380 986 cousule-

310 1019 391 1072 rent.
438 1005 500 1072 Per
514 1027 568 1071 eos
582 1005 650 1070 dies
670 1020 852 1091 opportune
873 1007 1035 1072 irritandis
1049 1007 1090 1072 ad
1114 999 1234 1072 bellum¹
1253 1005 1381 1086 animis,

310 1105 343 1158 et
363 1092 466 1157 literae
486 1115 506 1157 a
522 1090 572 1158 M.
588 1091 722 1157 Aurelio
743 1093 857 1179 legato,
881 1107 911 1158 et
928 1092 979 1159 M.
995 1093 1125 1159 Valerio
1143 1094 1277 1158 Laevino
1303 1112 1380 1179 pro·

311 1191 450 1265 praetore
469 1178 603 1244 adlatae:
628 1190 661 1244 et
683 1178 926 1244 Atheniensium
949 1203 1033 1245 nova
1052 1180 1172 1268 legatio
1185 1181 1283 1258 venit,
1306 1201 1380 1266 quae

310 1287 426 1354 regem.
441 1265 700 1416 appropinquare
716 1265 834 1330 finibus
847 1268 912 1331 suis
933 1267 1114 1332 nunciaret:
1138 1267 1299 1354 brevique,
1314 1287 1381 1330 non

310 1374 405 1440 agros
418 1373 452 1416 m
497 1374 529 1430 o,
545 1351 599 1416 sed
615 1351 727 1417 urbem
750 1352 847 1416 etiam
869 1353 901 1417 in
917 1352 1039 1419 ditione
1060 1355 1128 1440 ejus
1152 1357 1306 1430 suturam,
1321 1351 1383 1417 nisi

310 1439 387 1526 quid
401 1439 435 1504 in
453 1437 608 1504 Romanis
622 1439 732 1504 auxilii
748 1441 840 1504 foret.
885 1440 995 1517 Quum
1019 1441 1284 1526 pronunciassent
1304 1461 1381 1504 con·

310 1526 406 1606 sules,
421 1524 645 1604 rentdivinam
669 1525 729 1590 rite
750 1525 920 1610 perlectam
943 1550 1019 1605 esse,
1036 1541 1068 1592 et
1089 1527 1306 1612 procationem
1324 1525 1382 1590 ad·

311 1613 433 1678 misisse
453 1612 544 1677 Deus
566 1613 727 1697 aruspices
749 1613 952 1698 respondere,
972 1614 1107 1700 laetaque
1129 1627 1205 1679 exta
1227 1613 1335 1691 fuisse,
1350 1624 1383 1677 et
1433 1627 1446 1636 ”

310 1698 522 1783 prolationem
545 1697 670 1775 finium,
686 1699 923 1788 victoriamque,
939 1712 971 1766 et
993 1699 1192 1786 triumphum
1210 1699 1382 1785 porten'di3

291 1788 294 1798 “
311 1799 379 1851 tum
400 1785 501 1851 literas
516 1785 637 1849 Valerii
652 1785 838 1872 Aureliique
857 1789 958 1865 lectae,
974 1799 1006 1852 et
1027 1787 1123 1876 legati
1137 1786 1383 1853 Atheniensium

310 1870 423 1938 auditi.
468 1873 606 1937 Senatus
627 1871 702 1936 inde
723 1872 901 1937 consultum
921 1872 1039 1938 factum
1062 1888 1119 1952 est,
1131 1885 1172 1938 ut
1193 1875 1289 1940 sociis
1310 1894 1384 1961 gra·

311 1960 366 2025 tiae
391 1969 579 2045 agerentur3
602 1957 687 2058 quod
713 1957 768 2022 diu
795 1958 967 2039 sollicitati,
989 1982 1031 2043 ne
1051 1959 1224 2025 obsidionis
1249 1961 1382 2048 quidem

310 2058 400 2110 metu
421 2044 486 2109 fide
507 2043 720 2109 decessrssent.
743 2044 784 2108 de
805 2041 921 2110 auxilio
945 2046 1101 2112 mittendo
1123 2059 1191 2112 turn
1213 2047 1384 2133 ²⁴respon·

311 2132 388 2197 dere
401 2132 538 2217 placere,
554 2151 653 2217 quum
672 2130 815 2197 consules
829 2133 1008 2218 provincias
1022 2134 1124 2200 sortiti
1138 2145 1267 2200 esseut:
1290 2145 1385 2218 atque

311 2218 339 2282 is
366 2217 490 2296 consul,
516 2219 568 2284 cui
595 2216 795 2282 Macedonia
819 2220 981 2301 provincia
1009 2221 1174 2302 evenisset,
1205 2219 1246 2285 ad
1281 2241 1385 2308 popu·

310 2303 379 2455 ium
403 2305 535 2382 tulisset,
550 2316 587 2370 ut
603 2303 753 2392 Philippo
773 2305 842 2394 regi
859 2305 1074 2373 Macedonum
1097 2307 1298 2373 indiceretur
1319 2304 1385 2372 bel·

293 2409 295 2417 ’
323 2411 390 2458 unt.

148 2497 283 2545 rrnvtucta
355 2477 415 2543 VI.
440 2477 478 2544 P.
495 2476 638 2563 Sulpicio
659 2477 822 2564 provincia
841 2477 1033 2545 Macedonia
1054 2495 1137 2546 sorte
1158 2480 1275 2558 evenit,
1291 2478 1381 2564 isque

47 2633 54 2643 ,
148 2577 199 2612 '²¹¹³
209 2563 302 2613 divisio.
310 2565 508 2654 rogationem
520 2563 746 2651 promulgavit,
763 2566 892 2644 Vellent,
897 2566 1044 2652 siderent
1057 2568 1208 2650 Philippo
1222 2567 1293 2652 regi
1304 2565 1380 2629 Mu·

309 2653 539 2736 cedonibasqae,
558 2652 612 2736 qui
632 2651 686 2716 sub
708 2673 803 2737 regno
823 2652 887 2737 ejus
908 2663 1016 2732 essent,
1031 2653 1068 2716 ob
1086 2653 1220 2740 irpurins
1234 2671 1383 2735 utrunque
1485 2699 1489 2708 ,

311 2741 414 2822 inluta
436 2739 527 2804 sociis
546 2740 660 2821 populi
684 2739 832 2816 Ηωηανιὶ,
859 2739 967 2804 bellum
993 2741 1101 2804 indici.
1138 2739 1229 2804 alteri
1256 2734 1380 2805 consuli

310 2825 443 2890 Aurelio
467 2823 560 2890 Italia
584 2823 750 2909 provincia
775 2824 899 2910 obtigit.
945 2825 1104 2891 Praetores
1132 2827 1247 2892 exinde
1276 2819 1381 2890 sortiti

310 2927 395 2991 sunt,
413 2912 475 2977 Cn.
493 2911 622 3000 Sergius
637 2909 777 2978 Plancus
793 2914 960 2992 urbanam,
976 2912 1021 2990 Q.
1038 2911 1170 2978 Fulvius
1186 2913 1276 2978 Gillo
1299 2908 1381 2974 Sici-

310 2997 398 3076 liam,
414 2998 459 3075 Q.
473 2997 636 3063 Minucius
650 2997 754 3062 Rufus
767 2998 920 3076 Bruttios,
934 2999 974 3064 L.
988 2999 1104 3064 Furius
1116 2999 1287 3082 Purpureo
1300 2992 1381 3062 Gal·

311 3085 397 3151 liam.
443 3085 581 3171 Rogatio
597 3083 637 3147 de
652 3082 736 3148 bello
753 3081 965 3148 Macedonico
980 3085 1091 3170 primis
1105 3086 1241 3150 comitiis
1257 3085 1298 3150 ab
1310 3103 1398 3147 orn-¹

311 3170 404 3236 nibus
418 3170 516 3236 ferme
535 3169 687 3235 centuriis
701 3169 900 3256 ²⁵antiquata
913 3182 970 3237 est.
993 3171 1026 3236 id
1040 3194 1139 3259 quum
1161 3171 1231 3238 sessi
1254 3169 1381 3237 diutur-

298 3255 412 3336 'nitate
426 3273 458 3323 et
471 3258 627 3345 gravitate
640 3255 715 3320 belli
736 3278 792 3320 sua
812 3270 926 3343 sponte
945 3257 1090 3323 homines
1112 3261 1209 3324 nediu
1231 3259 1380 3324 laborum
1429 3297 1432 3312 «

310 3344 587 3430 periculorumque
607 3341 757 3421 fecerant,
781 3354 849 3408 tum
873 3344 917 3421 Q.
942 3343 1072 3410 Baebius
1094 3346 1240 3410 tribunus
1263 3340 1379 3430 plebis,

313 3431 395 3496 viam
424 3433 586 3516 antiquam
616 3429 807 3494 criminandi
838 3428 948 3495 Patres
979 3433 1149 3520 ingressus,
1179 3434 1382 3498 incusaverat

298 3516 394 3584 'bella
424 3539 465 3582 ex
493 3516 585 3581 bellis
614 3516 686 3593 seri,
708 3538 750 3579 ne
778 3538 857 3601 pace
885 3539 1036 3605 umquem
1062 3518 1124 3584 frui
1149 3520 1240 3605 plebs
1264 3523 1382 3604 posset·

310 3601 413 3692 AEgre
427 3625 497 3668 eam
517 3624 584 3667 rem
606 3603 688 3688 passi
704 3602 826 3684 Patres,
842 3602 1060 3694 laceratusque
1074 3607 1200 3692 probris
1215 3608 1247 3669 iu
1266 3609 1379 3668 senatu

309 3691 456 3756 tribunus
478 3688 596 3774 plebis:
619 3702 652 3755 et
672 3689 833 3756 consulem
854 3713 914 3777 pro
935 3715 968 3758 se
983 3694 1116 3780 quisque
1139 3691 1271 3768 hortari,
1287 3700 1323 3752 ut
1338 3683 1380 3748 de

308 3777 434 3862 integro
458 3776 589 3840 comitia
618 3776 776 3864 rogationi
807 3777 945 3844 ferendae
974 3780 1120 3858 ediceret,
1145 3782 1381 3864 castigaretque

309 3863 475 3949 segnitiem
499 3862 626 3948 populi:
654 3882 748 3948 etque
769 3863 906 3942 doceret,
930 3881 1051 3952 quanto
1073 3867 1192 3933 damno
1213 3855 1381 3933 dedecori·

309 3971 371 4036 que
385 3947 497 4026 dilatio
511 3972 548 4016 ea
562 3949 637 4016 belli
652 3948 758 4014 futura
772 3965 864 4016 esset.

229 4222 231 4228 ,
341 4170 827 4228 ummmsmm...ssantmo
859 4183 1008 4224 ammae.

308 4237 411 4298 habaet,
423 4252 451 4284 ea
460 4233 510 4300 rea]
532 4238 590 4285 Non
601 4239 680 4286 minus
691 4238 752 4285 bene
762 4240 827 4288 Vrct.
892 4248 926 4304 Μ,
940 4240 1089 4303 Remsderr
1106 4238 1210 4305 meere]
1228 4237 1320 4286 Nonne
1335 4237 1379 4288 1³⁰·

307 4303 381 4352 liber:
410 4304 480 4360 Quod
494 4311 599 4353 malm
632 4305 720 4352 Similis
737 4311 774 4352 est
789 4320 826 4352 so·
858 4304 1082 4368 tius‚reeponderil

307 4369 385 4416 ieonis
411 4372 672 4419 senatusconsultorum
704 4371 820 4418 formula:
888 4374 1086 4436 temetipum
1100 4371 1148 4438 ert]
1164 4372 1217 4421 Vid.
1231 4353 1380 4417 numid<i

310 4435 823 4496 Quoducrboseciteonsul...deearelta
856 4437 937 4486 ΜΟ.
