3136 4982
434 189 528 250 crs.
549 187 728 250 xxxvm.
758 190 861 251 cur.
886 188 1001 249 xxrv.
1176 193 1234 256 ass

175 387 184 400 ·
216 351 350 419 XXIII.
375 351 559 419 Parentibus
578 355 645 439 jam
668 353 778 438 portis,
805 353 990 438 priusquam
1015 353 1377 436 inrrimperentu.c.sra.
1427 399 1428 406 κ

170 437 317 522 victores,
342 438 418 526 fuga
444 463 462 505 e
497 440 608 505 castris
635 440 804 505 Gallorum
833 440 866 504 in
896 461 1005 504 omnes
1034 451 1138 522 partes
1166 431 1309 542 ‘'³⁶'ssless
1325 437 1393 542 Ἃρ

169 536 203 588 ta
231 537 288 590 est·
317 540 417 590 ruunt
440 527 596 608 caeciper
620 527 695 606 vias,
721 547 780 610 per
807 526 909 590 invias
944 525 1030 588 nulla
1054 511 1364 610 praecipitiap„.m„'⁸⁰⁸⁴

169 631 259 688 saxa,
285 611 382 676 nullae
404 633 497 697 rupea
521 611 664 677 obstante
687 609 767 676 nihii
789 623 905 698 praeter
926 610 1050 682 hostem
1078 623 1345 688 metuuntmiuntor.

170 695 283 783 Itaque
296 696 438 783 plerique
459 697 636 787 praecipitee
657 719 715 784 per
729 711 849 764 vestam
871 696 1070 763 altitudinem
1092 695 1233 781 prolapsi
1282 740 1287 750 ι

123 853 131 861 ,
169 796 227 848 aut
250 783 405 864 debilitati
429 785 664 853 exanimantur.
686 785 808 865 consul,
831 783 1072 869 cestrisrcaptis,
1091 782 1232 868 8⁴direp-

169 869 257 934 tione
270 869 443 957 praedaque
459 870 594 936 abstinet
609 870 757 936 militem:
781 871 868 956 sequi
889 891 950 956 pro
971 893 1004 934 se
1017 890 1186 956 quemque,
1201 881 1234 934 et

169 957 297 1034 Instare,
313 970 345 1021 et
365 956 519 1043 perculsis
538 977 690 1042 pavorem
711 956 829 1022 addere
844 956 948 1043 jubet.
994 955 1187 1040 Supervenit
1200 970 1249 1022 et

168 1041 304 1106 alterum
319 1064 392 1106 cum
409 1043 449 1107 L.
461 1041 588 1109 Manlio
602 1066 618 1107 a
676 1065 734 1122 ους
757 1065 816 1108 nec
829 1065 884 1112 ms
898 1056 1001 1108 castra
1010 1043 1130 1107 intrare
1144 1041 1232 1108 sinit.

168 1127 315 1211 protinus
331 1129 370 1192 sd
385 1065 738 1215 persequendoindstes
752 1129 868 1195 mittit:
890 1141 922 1194 ct
937 1129 1004 1215 ipse
1025 1127 1133 1212 paullo
1146 1139 1230 1213 post,

167 1213 286 1279 tradita
299 1215 495 1300 captiuorum
511 1215 656 1280 custodia
676 1216 810 1281 tribunis
833 1215 980 1294 militum,
995 1214 1154 1301 sequitur3
1176 1214 1233 1280 de·

169 1299 321 1366 bellatum
337 1314 433 1379 ratus,
449 1301 476 1365 si
489 1302 522 1366 in
544 1301 600 1366 illo
621 1323 740 1386 pavore
775 1323 850 1366 uam
871 1301 999 1387 plurimi
1022 1303 1095 1366 uaesi
1116 1300 1231 1379 forent,

169 1388 335 1488 sutcapti.
380 1387 668 1476 Egressouonsule,
686 1389 722 1452 C.
778 1387 876 1454 elvius
898 1410 971 1454 oum
993 1387 1088 1452 tertio
1105 1387 1232 1474 agmine

170 1473 308 1562 pdvenrt.
330 1477 390 1539 nec
409 1474 571 1540 continere
592 1496 702 1540 suasa
724 1473 903 1560 direptione
924 1485 1100 1540 castrorum
1115 1473 1229 1540 valuit:

168 1561 340 1648 praedaque
357 1563 483 1638 eorum,
502 1560 697 1646 iniquissima
718 1576 812 1639 sorte,
828 1562 883 1662 qui
906 1579 1032 1647 pugne·
1046 1581 1111 1624 non
1133 1560 1236 1645 iuter·

70 1716 73 1719 ,
130 1644 304 1725 iterari,
317 1643 470 1712 sacta'est.
515 1645 647 1748 Epuites
662 1648 728 1724 diu,
745 1650 846 1735 ignari
859 1659 892 1712 et
912 1669 1031 1735 pugnoe
1046 1659 1077 1712 et
1088 1645 1233 1712 ¹victoriae
1303 1645 1310 1664 ’

166 1754 307 1812 auorum,
323 1745 486 1799 steterunt
508 1733 623 1801 derude
637 1746 668 1799 et
682 1734 754 1818 ipsi,
766 1749 921 1820 quantum
937 1734 1025 1820 equis
1039 1731 1146 1798 subire
1160 1747 1232 1816 pot·

167 1831 289 1897 erant¹‚
305 1839 430 1906 sparsos
450 1819 526 1906 suga
544 1819 656 1884 Gallos
677 1819 761 1886 circa
785 1821 902 1886 radices
924 1821 1040 1885 montis
1062 1819 1233 1885 consectati

167 1904 399 1984 cecidere'aut
422 1927 543 1992 cepere.
588 1905 757 1972 Numerus.
773 1905 1010 1974 interfectorum
1037 1904 1124 1979 haud
1142 1903 1234 1972 facile

168 1990 244 2056 iniri
258 1993 371 2077 potuit,
388 1993 463 2080 quia
477 1991 541 2057 late
554 1992 636 2057 inter
653 2014 763 2058 omues
785 1993 957 2058 amfractus
973 1993 1128 2060 montium
1143 1989 1235 2080 fuga-

94 2075 96 2084 ’
167 2098 233 2228 gne
246 2089 278 2142 et
299 2079 400 2142 coedes
414 2078 490 2143 fuit:
513 2093 546 2144 et
560 2101 683 2167 magna,
698 2099 771 2164 pars
792 2080 924 2164 rupibus
947 2080 1039 2144 inviis
1054 2079 1086 2143 in
1101 2077 1234 2164 profun-

191 2185 221 2228 ω
234 2163 410 2229 altitudinis
425 2164 582 2230 convalles
596 2165 726 2250 delapsa
736 2179 812 2246 ,θεῖς
835 2189 907 2251 pars
921 2167 955 2230 in
972 2165 1056 2230 silvis
1071 2165 1233 2250 vepribus·
1317 2229 1322 2239 ,

169 2267 232 2335 que
246 2251 359 2316 occisa.
393 2250 572 2328 Claudius,
587 2251 642 2337 qui
664 2252 902 2339 bispugnatum
918 2253 951 2316 in
969 2251 1111 2337 Olympo
1125 2267 1234 2318 monto
1294 2331 1298 2335 ,

168 2335 287 2412 scribit,
308 2337 350 2402 sd
372 2335 584 2424 quadraginta
609 2337 708 2402 millia
728 2336 898 2402 bominum
923 2359 1014 2415 creas,
1036 2350 1145 2402 auctor
1167 2353 1232 2404 est:

169 2421 315 2488 Valerius
329 2423 453 2500 Antias,
469 2423 554 2507 ⁸⁵qui
570 2424 670 2508 magis
690 2422 868 2488 inmodicus
889 2424 921 2488 in
941 2445 1074 2488 numero
1086 2423 1233 2510 augendo

169 2529 236 2572 esse
246 2509 338 2590 solet,
347 2531 410 2574 uon
422 2509 613 2594 plusdecem
625 2509 734 2574 millia.
763 2509 924 2574 Numerus
936 2510 1133 2596 captivorum
1146 2509 1233 2576 haud

168 2594 265 2660 dubie
279 2595 376 2660 millia
390 2595 601 2682 quadraginta
614 2595 761 2681 explevit,
774 2596 850 2681 quia
864 2596 966 2660 omnis
980 2597 1104 2683 generis
1114 2597 1234 2664 aetatis·

168 2701 232 2766 que
245 2681 371 2748 turbam
388 2704 494 2748 secum
509 2695 683 2748 traxerant.
699 2682 943 2769 demigrantium
963 2683 1074 2767 magis,
1090 2685 1233 2767 quam'in

170 2765 290 2832 bellum
306 2769 460 2852 euntium,
472 2768 579 2832 modo.
626 2768 757 2844 Consul,
770 2768 868 2832 armis
878 2767 1017 2833 hostium
1033 2768 1064 2831 in
1077 2790 1143 2834 uno
1157 2789 1233 2834 con.-
1347 2803 1349 2810 ·

169 2855 323 2919 crematis.
336 2855 478 2933 cumulo,
500 2857 636 2919 ceteram
660 2853 801 2939 predam
831 2853 975 2926 conferre
997 2877 1104 2918 omnes
1122 2854 1232 2938 Jussit:

169 2950 202 3004 et
227 2952 282 3005 aut
302 2941 455 3018 uendidit,
471 2941 557 3027 quud
578 2941 654 3026 ejus.
670 2941 704 3003 in
726 2938 888 3022 publicum
915 2940 1125 3026 redigendum
1147 2953 1234 3005 erat:

169 3037 225 3090 ant
239 3048 311 3091 cum
332 3049 418 3104 cura,
437 3037 580 3114 utquam
597 3025 777 3112 aequissima
797 3039 887 3102 esset,
905 3048 961 3112 per
981 3026 1095 3093 milites
1116 3026 1233 3091 dirisit.

169 3111 309 3177 Laudati
320 3135 446 3200 quoque
460 3119 520 3200 p‘ro
532 3113 685 3178 concione
694 3133 805 3177 omnes
819 3126 902 3190 sunt,
914 3113 1087 3200 donatique
1097 3135 1157 3198 pro
1167 3134 1234 3179 me·

167 3198 231 3262 rito
245 3199 394 3286 quisque:
418 3217 491 3264 aute
504 3221 615 3266 ornnes
629 3199 765 3276 Attalus,
782 3221 907 3264 summo
928 3212 1107 3266 ceterorum
1121 3199 1238 3268 adsen-
1257 3212 1260 3221 '

169 3307 218 3349 su.
239 3307 315 3350 nam
330 3286 498 3374 singularis
512 3288 578 3372 ejus
593 3286 719 3372 juvenis
733 3307 832 3372 quum
850 3286 956 3352 virtus,
970 3300 1002 3352 et
1023 3287 1179 3352 industria
1200 3288 1234 3352 in

170 3371 319 3436 omnibus
332 3371 493 3438 laboribus
507 3373 727 3460 periculisque,
743 3386 812 3438 tum
825 3373 1087 3439 modestiaetiam
1098 3372 1212 3438 fuerat.

213 3457 343 3522 XXIV.
366 3459 668 3546 Supereratbellum
679 3460 838 3547 integrum
850 3482 928 3524 'cum
940 3459 1073 3526 Tectosa
1098 3459 1133 3524 is.
1178 3459 1270 3544 ild-1„
1278 3481 1390 3528 Tentor-

168 3565 224 3608 eos
247 3543 406 3630 profectus
430 3545 549 3622 consul,
574 3545 673 3631 tertiis
699 3545 808 3611 castris
832 3547 1007 3633 Ancyram,
1034 3483 1172 3612 nobilem
1199 3546 1395 3630 insessum*

168 3628 232 3694 iilis
257 3630 334 3695 locis
359 3630 481 3708 urbem,
507 3632 659 3716 pervenit,
678 3630 775 3696 unde
803 3631 908 3697 hostes
938 3633 1047 3718 paullo
1077 3633 1148 3714 plus
1177 3613 1369 3698 de-⁰¹¹¹¹'⁰⁰¹'

171 3717 355 3782 cem'millie
373 3717 517 3782 aberant.
563 3717 630 3783 Ubi
645 3740 743 3804 quum
765 3719 877 3784 stativa
898 3733 1009 3797 essent,
1025 3719 1146 3784 facinus
1169 3741 1235 3786 me·

160 3803 322 3868 'morabile
347 3827 366 3869 a
388 3804 513 3889 captiua
527 3802 644 3870 iactum
667 3816 722 3869 est.
767 3805 1002 3894 86Ortiagontis
1025 3807 1127 3894 reguli
1148 3815 1234 3875 uxor
1242 3815 1317 3862 estre
1325 3829 1380 3878 ur
1484 3841 1489 3848 ·

339 3953 341 3960 ,
401 3929 542 3989 spumam
553 3928 1009 4000 equitnmlleruads'repcteruntcrev.
1120 3955 1122 3962 ·
1164 3896 1185 3958 -Ι
1243 3887 1298 3994 ξιξ
1309 3881 1367 3930 sm·

202 4046 234 4087 et
250 4041 687 4106 Direpttenepraedapoealrts'uetm'·
719 4049 743 4091 et
754 4048 812 4091 vett·
829 4043 885 4090 emti
902 4044 1018 4090 omittunt
1029 4057 1110 4090 rooem
1128 4043 1237 4090 Immodi-

168 4105 244 4152 lr‘tem.
261 4107 336 4170 Sequi
342 4122 388 4168 pro
398 4123 424 4154 re
435 4105 633 4172 quemqrujabet]
648 4109 687 4155 SIc
719 4125 771 4167 cue,
790 4109 841 4155 elne
860 4124 908 4170 qua
925 4117 1005 4156 tamen
1026 4122 1108 4154 senam
1127 4113 1235 4156 coortus

169 4170 384 4232 interpunucuduru
411 4188 462 4222 etse
486 4180 549 4222 recte
576 4176 690 4222 mmouet
719 4189 787 4236 porte
799 4185 848 4221 non
859 4175 959 4222 ridetur.
991 4173 1236 4240 lulloguntimedi-

169 4234 291 4347 &dmm
309 4236 429 4297 Atesim,
438 4240 597 4320 idest,areet3
606 4239 688 4300 probi-
719 4241 917 4352 ῐίοιιρωιᾱ3εοίιω
930 4253 980 4318 esur
997 4237 1070 4284 roim
1081 4242 1163 4292 monet
1174 4239 1236 4284 Gro-

201 4365 304 4422 sevos·
325 4369 405 4428 magia
424 4369 575 4435 immodicus]
600 4345 685 4432 Scripsi
720 4319 783 4417 nobs
803 4337 1046 4432 Ilrtlogrntr'rregulr'
1064 4363 1136 4431 uror]
1151 4369 1236 4418 Nomi·

773 4444 862 4498 rat
