3042 4954
433 239 527 298 mu.
555 237 704 298 xxxrn.
730 237 835 298 cnr.
861 238 898 296 V.
993 189 997 198 ¹
1149 245 1186 311 91

123 401 364 486 opperiebatur.
404 400 566 468 ‘Romanis
591 405 691 467 ferme
712 423 770 487 par
791 421 944 466 numerus
967 414 1044 480 erat,
1067 401 1333 493 ¹⁷equi-uncas.

121 498 194 552 tum
208 489 308 572 copiis
323 501 460 567 tantum,
497 489 562 553 uod
576 487 677 553 AEtoli
691 501 898 570 accesserant,
913 489 1114 574 superabant.
1196 492 1227 539 A.
1239 493 1266 539 ⁰·
1280 497 1335 542 ¹⁹⁷·

169 573 211 638 V.
234 573 409 651 Quinctius
426 576 467 640 ad
516 577 612 640 bebss
628 574 824 640 Phthioticas
845 586 948 640 castra
961 595 1060 660 quum
1076 576 1191 640 movis-

123 673 183 738 set,
199 683 288 746 spem
302 675 416 726 nactus
430 683 487 746 per
501 661 671 726 Timonem
685 661 861 747 principem
877 661 1010 726 civitatis
1032 661 1124 745 prodi
1138 682 1192 725 ur-

123 746 211 821 bem,
227 769 301 812 cum
317 749 428 832 paucis
439 748 579 834 equitum
594 747 732 836 levisque
754 763 924 813 armature
945 747 986 812 ad
1000 768 1108 812 muros
1123 771 1193 814 suc·

123 835 228 898 cessit.
277 835 328 916 lbi
351 835 432 899 adeo
453 833 600 900 bustrata
614 855 684 920 spes
706 848 764 915 est,
780 847 815 898 nt
835 855 902 898 non
923 846 1081 898 certamen
1096 835 1193 900 modo

120 941 193 985 cum
211 921 468 1006 erumpentibus,
483 921 538 986 sed
552 921 728 1007 pericnlum
744 939 870 1007 quoque
885 932 977 984 atrox
999 919 1135 986 subiret:
1159 923 1193 985 ni

121 1007 238 1077 castris
254 1007 353 1072 exciti
372 1019 501 1092 repente
521 1008 642 1094 pedites
664 1009 846 1094 equitesque
868 1007 902 1071 in
925 1019 1066 1092 tempore
1081 1007 1194 1072 subve-

123 1093 260 1158 nissent.
308 1093 351 1158 Et
366 1105 534 1181 postquam
556 1091 636 1158 nihil
659 1114 756 1158 conce
779 1106 821 1158 tre
836 1108 953 1158 temere
967 1095 1032 1178 spei
1047 1093 1194 1158 succede·

123 1179 189 1257 bat,
206 1178 300 1245 urbis
322 1181 449 1266 quidem
474 1179 609 1268 amplius
633 1192 742 1246 tentan
768 1204 796 1246 rs
822 1179 856 1244 in
882 1179 1052 1266 presentis
1076 1192 1194 1246 conatu

123 1266 268 1332 absistit:
293 1281 434 1332 ceterum
449 1267 525 1332 satis
542 1287 670 1354 gnarus,
682 1267 748 1352 jam
766 1267 798 1331 in
814 1266 979 1331 Thessalia
993 1287 1101 1351 regem
1115 1289 1196 1345 esse,

125 1352 277 1419 nondum
299 1364 473 1438 comperto,
489 1375 585 1440 quam
607 1353 639 1417 in
662 1353 823 1441 regionem
837 1353 983 1431 venisset,
1002 1352 1116 1417 milites
1136 1375 1195 1440 per

185 1463 224 1504 os
252 1439 399 1506 dimissos
422 1439 540 1504 vellum
562 1439 684 1505 cedere
706 1454 739 1504 et
763 1460 875 1525 parere
894 1439 997 1526 jubet.
1043 1439 1137 1504 Vallo
1163 1452 1356 1506 etvntumus-

126 1462 332 1592 lfflrcedones
347 1539 380 1592 et
395 1525 501 1592 Graeci
515 1527 563 1591 usi
579 1539 670 1608 sunt3
692 1525 747 1589 sed
771 1547 861 1589 usum
883 1547 943 1590 nec
965 1525 1005 1590 ad
1020 1525 1325 1591 commodi-stowe

126 1627 226 1678 tatem
253 1611 394 1690 ferendi,
410 1633 470 1677 nec
491 1612 533 1678 ad
553 1612 651 1698 ipsius
674 1610 858 1676 munitionis
880 1612 1114 1676 firmamentum
1138 1635 1194 1698 ap-

127 1713 287 1765 taverunt.
333 1698 419 1764 Nam
433 1712 465 1763 et
479 1698 613 1785 majores
628 1710 660 1762 et
674 1698 776 1785 magis
798 1718 935 1762 ramosos
949 1696 1077 1765 arbores
1092 1699 1195 1763 caede·

128 1785 220 1863 bant,
236 1807 334 1872 quam
347 1807 425 1870 quos
434 1785 517 1850 serre
527 1806 599 1851 cum
611 1784 707 1850 armis
723 1783 812 1848 miles
826 1797 947 1867 posset;
969 1797 1001 1848 et
1014 1805 1113 1870 quum
1128 1805 1196 1848 oas-

129 1886 179 1938 tra
200 1872 254 1937 bis
278 1882 352 1938 oute
373 1871 504 1959 objectis
525 1871 702 1957 sepsissent,
717 1869 850 1936 ¹⁸tacilis
865 1870 987 1936 molitio
998 1891 1111 1936 eorum
1130 1869 1196 1935 ral-

127 1959 152 2022 li
166 1972 247 2024 erat.
272 1979 346 2048 nam
360 1970 393 2024 et
407 1959 482 2044 qnia
495 1959 559 2022 rari
573 1959 697 2044 stipites
711 1979 898 2046 magnarum
913 1956 1063 2022 arborum
1078 1957 1197 2022 emine·

129 2045 223 2125 bont,
240 2044 399 2131 multique
419 2057 450 2110 et
464 2043 561 2110 validi
575 2045 656 2110 rami
678 2043 874 2129 praebebant,
890 2043 977 2130 quod
998 2055 1083 2108 recte
1100 2065 1197 2110 manu

129 2145 311 2218 caperetur,
326 2131 402 2208 duo,
424 2144 480 2198 aut
501 2151 661 2198 summum
675 2142 739 2195 tres
754 2132 887 2217 juvenes
907 2130 1031 2195 connisi
1054 2130 1197 2196 arborem
1291 2153 1297 2170 *

128 2224 230 2285 unam
245 2216 431 2282 evellebant.
453 2241 516 2305 qna
530 2217 636 2282 evulsa
644 2226 669 2294 ⁹,
684 2232 787 2304 portae
808 2217 908 2282 instar
928 2231 1032 2282 extem
1056 2216 1090 2280 lo
1109 2233 1198 2303 pate·

128 2307 197 2384 bat,
213 2303 241 2344 ¹⁹
249 2325 310 2369 nec
332 2304 366 2368 in
387 2315 518 2390 promtu
538 2315 616 2382 erat,
638 2302 723 2391 quod
743 2303 984 2368 obmolirentur.
1032 2240 1327 2376 ltomanusrsomm.

129 2391 216 2457 leves
241 2402 275 2456 et
290 2389 464 2456 ¹⁰biibrcos
488 2390 665 2477 plerosque,
691 2387 739 2454 et‘
761 2390 867 2470 trium,
889 2403 956 2470 aut,
977 2411 1075 2477 quum
1097 2390 1275 2475 pluri-run

128 2499 234 2562 mum,
258 2491 396 2564 quotuor
419 2497 582 2543 ramorum
607 2476 706 2542 vallos
731 2475 836 2554 credit,
861 2488 949 2542 utet
974 2499 1026 2540 sus
1069 2477 1132 2542 usis
1157 2478 1198 2543 ab

131 2579 226 2653 tergo
240 2565 337 2628 armis
351 2563 431 2629 ferat
443 2563 551 2650 plures
572 2563 666 2628 simul
685 2577 759 2651 apte
772 2563 877 2640 miles3
902 2563 993 2628 etita
1036 2585 1128 2630 ensos
1141 2563 1200 2630 ob-

130 2651 238 2738 ligent
252 2649 470 2736 inplicantque
482 2671 597 2726 ramos,
612 2649 680 2714 ²¹ut
694 2671 805 2736 neque,
821 2672 893 2737 quoe
914 2650 1066 2737 cujusque
1085 2651 1199 2736 stipitis

131 2738 243 2822 palma
269 2737 321 2811 sit,
347 2735 506 2821 pervideri
530 2736 628 2822 possit
635 2759 644 2812 ;
672 2747 722 2801 etss
746 2736 827 2800 adeo
851 2737 947 2813 scuti,
971 2737 1115 2822 aliusque
1182 2758 1200 2800 r

131 2823 231 2889 elium
243 2823 365 2886 inmissi
379 2822 461 2886 radii
477 2820 584 2888 locum
598 2822 640 2886 ad
661 2820 861 2886 inserendam
876 2841 1005 2885 manum
1021 2844 1087 2886 non
1102 2843 1138 2885 re
1151 2824 1199 2884 in·

131 2921 248 2996 quunt,
266 2922 301 2972 ut
314 2931 419 2995 neque
432 2908 597 2994 prehendi,
612 2907 699 3057 quod
714 2907 869 2984 trabatur,
880 2928 984 2991 neque
994 2906 1087 2984 trabi,
1099 2927 1199 2993 quum

132 2997 218 3062 inter
240 3017 276 3060 se
296 2994 409 3061 innexi
429 2995 511 3060 rami
525 2995 619 3060 riucu
633 3015 686 3058 um
709 2993 741 3058 in
756 2991 855 3058 vicem
878 2993 1055 3082 praebcant,
1078 2992 1199 3078 possit3

249 3137 342 3184 ‘uulsa
353 3138 509 3185 (immersu.
605 3127 678 3184 fetl.
689 3135 805 3187 celerer.
902 3134 1095 3184 terdelGron.

136 3248 283 3294 Gronovius.
316 3250 452 3296 Antaeum
469 3249 526 3298 aditi
538 3249 573 3298 tte
588 3250 655 3298 mut
686 3255 738 3300 tum
754 3253 814 3298 srst.
829 3249 941 3298 Habebat
952 3249 1015 3297 enim
1031 3255 1055 3296 et
1066 3249 1142 3296 triam
1158 3255 1202 3296 ast

137 3314 261 3376 equitum.-
278 3328 330 3376 quse
347 3316 459 3376 loquendi
476 3317 553 3363 forms
571 3328 655 3378 porum
686 3317 850 3378 complurium.
882 3315 1025 3362 Emendavit
1044 3314 1201 3362 Freinshemi-

136 3379 228 3425 usitata
238 3383 283 3425 est.
363 3411 366 3418 .
650 3385 653 3392 ’
687 3395 715 3428 ns
732 3396 760 3428 ex
772 3380 881 3443 Polybio,
894 3381 963 3439 culos
979 3381 1031 3427 bac
1047 3384 1105 3427 sunt
1115 3379 1199 3426 verbs:

170 3450 200 3493 17
218 3444 341 3506 Equitum
360 3439 447 3507 copiis]
479 3445 577 3506 Optima
595 3448 656 3494 (ἔτο-
687 3441 1202 3511 δόοκιμίαςῆηιῒςῖχπινοῖχίμιιι,ἴτι

137 3510 203 3555 novii
221 3510 368 3558 emendatio.
399 3512 482 3558 Antea
503 3511 544 3572 qul
566 3518 655 3570 tamen,
688 3505 957 3576 llrzslnmimgtsr·

137 3575 174 3620 rel
186 3575 230 3636 qus*
241 3582 302 3621 tans.
722 3583 750 3621 tl
773 3577 897 3638 Uterque,
916 3591 968 3638 quer
985 3575 1053 3636 cujtss
1085 3575 1206 3636 ertips'tt'r'

172 3646 201 3686 18
218 3639 420 3686 Facilirmclr'ts'c
431 3638 651 3703 commonuerat]
685 3641 769 3702 palma
783 3641 825 3698 rit,
834 3641 956 3701 pervideri
969 3642 1046 3701 possit
1074 3640 1123 3687 Hic
1138 3641 1204 3687 deest

139 3702 219 3752 Facile
230 3711 283 3753 erat
293 3717 374 3752 eorum
383 3705 472 3754 vellum
482 3704 569 3758 moliri.
577 3705 601 3753 id
610 3711 656 3763 est,
689 3706 819 3754 membrum
831 3705 955 3760 cretionis,
967 3706 1035 3766 quale
1045 3706 1116 3762 foret,
1130 3719 1204 3768 neque
1289 3759 1293 3766 ,

138 3770 248 3828 evellere,
268 3784 356 3817 eruere.
385 3769 428 3820 iris
454 3766 608 3828 siluimus,
628 3778 657 3816 ut
690 3773 742 3834 qus's
753 3772 866 3832 eujanne
876 3772 966 3832 palmer
977 3771 1060 3832 stipes.
1093 3771 1203 3832 ldspps-

139 3834 212 3882 babet
228 3835 353 3896 Polybius,
370 3849 439 3896 quem
457 3835 496 3882 hic
511 3836 618 3896 seqnitur
633 3839 658 3882 st
690 3842 727 3883 ret
746 3851 774 3882 ex
790 3837 897 3898 Polybio,
910 3837 950 3896 qni
968 3836 1087 3898 integrum
1107 3850 1203 3884 sensum
1269 3855 1272 3858 ·

140 3900 314 3948 vertitncster.
690 3907 848 3962 representat.
865 3899 907 3952 aies
916 3900 1028 3962 pistris
1077 3899 1205 3962 ιίαιιῦχι·

173 3971 203 4014 19
211 3966 227 3998 ⁴
234 3965 288 4012 Nec
295 3967 321 4011 ἐκ
329 3971 444 4026 prorupta
452 3972 504 4012 erat
512 3965 574 4027 quod
582 3965 658 4012 obmo-
690 3965 730 4030 (ὅς
741 3965 865 4028 laesyseim,
876 3965 942 4019 colae
953 3965 1003 4013 slels
1013 3965 1119 4028 lacertus
1131 3965 1174 4013 esis
1184 3965 1204 4010 ir

139 4027 255 4092 litentur]
265 4031 318 4076 Nec
326 4031 395 4078 facile
403 4030 549 4091 reperiebant
560 4031 623 4090 quod
631 4031 658 4078 in
691 4033 721 4096 «ᾗ
731 4033 763 4096 γῇ
774 4030 956 4097 assumpsisses,
967 4029 1025 4092 μήτε
1038 4031 1079 4082 ets
1097 4027 1203 4090 lapdms,

141 4096 218 4144 locum
230 4095 323 4144 arboris
336 4097 432 4150 evulsas,
443 4097 473 4142 sd
489 4095 657 4143 obstruendam
690 4093 755 4144 ποίαν
769 4094 866 4162 nquius.
900 4098 926 4144 Si
941 4098 1043 4158 palmum
1058 4098 1095 4141 vel
1112 4105 1202 4139 ramum

142 4160 262 4220 ingentem
276 4161 339 4207 banc
354 4161 404 4207 lato
421 4161 609 4218 messuerimus,
621 4175 657 4208 re·
689 4162 789 4219 rideres,
802 4176 850 4208 non
871 4163 939 4209 facile
956 4150 1118 4222 dignoscebas,
1134 4157 1202 4214 culus

142 4231 264 4284 ponerent.
689 4227 777 4287 stipitis
795 4227 868 4274 foret:
889 4228 909 4273 si
930 4227 1045 4287 stipitem,
1062 4235 1110 4268 non
1124 4221 1201 4266 conti·

174 4297 205 4336 πο
220 4291 338 4352 Βξίντεοε
360 4291 493 4353 pterosque,
514 4291 552 4338 cel
572 4292 655 4348 mam,
688 4306 737 4338 nuo
758 4293 905 4352 pervidebat,
924 4303 1031 4352 quanam
1053 4287 1104 4344 ejus
1122 4289 1204 4332 stunt

146 4361 196 4411 oct,
218 4371 274 4402 cum
293 4357 437 4416 plurimum,
460 4361 560 4416 quatuor
579 4371 655 4402 ranto-
688 4357 780 4421 palma.

145 4415 207 4482 rum]
223 4421 273 4472 Hic
293 4420 390 4470 unicum
409 4422 527 4483 exemplar
544 4423 656 4482 depress-
