3104 4976
353 160 411 216 140
744 153 1020 222 T1T1L1v11
1079 207 1105 222 ,.

190 323 222 378 u.
233 325 262 376 c.
273 331 328 376 aar.
350 317 432 403 quod
445 320 479 382 in
493 317 581 384 rebus
594 321 638 384 ad
649 337 748 384 omnes
756 321 881 403 pariter
895 321 1176 405 airosseminasquc
1184 315 1409 402 contractam

188 381 258 455 *⁰*
273 397 325 442 ¹⁹⁶·
338 405 456 489 ficisse
469 426 521 470 eas
534 427 619 470 nemo
632 410 761 470 miratus
780 415 836 486 est,
851 408 887 470 in
899 427 1005 472 caussa
1014 408 1144 489 proprie
1157 406 1202 468 aa
1214 405 1297 488 ἕρεις
1305 404 1409 486 pati·
1424 482 1427 490 Ι

350 500 440 556 nertte
461 492 608 557 miramur
609 492 752 576 sensae
780 493 866 567 Quid
885 493 1155 576 neaemficerunt?
1176 489 1330 574 asperbas,
1345 509 1407 562 me·

350 577 552 660 Dius-fidius,
575 599 664 643 aures
685 578 834 653 babentes,
859 580 898 656 si,
925 599 1013 662 quum
1034 577 1152 642 domini
1173 587 1324 642 sabanum
1346 591 1412 638 nan

338 664 517 749 fastidiant
523 683 639 746 preces,
655 685 709 730 nos
721 665 830 748 rogari
844 663 883 726 ab
897 664 1030 729 honestis
1032 664 1164 748 feminis
1179 662 1385 746 indignamur.

395 749 454 814 v1.
481 749 576 813 Venio
591 771 669 814 nunc
679 752 723 814 ael
735 751 780 826 ta,
792 751 830 814 dc
843 770 902 833 quo
915 752 1038 836 agitur.-
1061 751 1095 814 in
1110 769 1168 834 quo
1178 749 1290 832 duplex
1302 767 1410 812 causu-

351 838 391 902 lis
405 835 588 919 oratiosuit.
603 857 674 900 nam
688 846 718 902 et
731 837 825 920 legem
837 837 931 900 allam
952 837 1074 904 omnino
1087 835 1235 919 abrogari
1248 842 1293 898 est
1306 834 1412 916 iudig-

352 931 442 986 natus
451 949 466 984 .··
484 933 514 986 et
528 943 593 988 eam
602 923 760 1006 praeapue
772 925 876 1007 legen,
887 943 955 1008 qua
966 923 1098 988 luania
1107 921 1261 990 muliebris
1273 923 1413 984 colrcen-

352 1011 402 1072 dee
420 1029 526 1073 caussa
549 1009 616 1072 lota
640 1018 723 1074 esset.
766 1009 813 1072 Et
841 1009 897 1073 illa
920 1010 1081 1073 communis
1102 1029 1165 1090 pro
1191 1006 1317 1091 iegibsis,
1341 1005 1410 1069 uisa

351 1093 553 1160 ³⁰canicularis
567 1097 669 1161 oratio
682 1104 742 1161 est:
765 1105 796 1158 et
808 1095 872 1160 bac
885 1096 1029 1160 alaman
1048 1095 1202 1160 lumniam
1215 1090 1413 1158 amarissimis
1451 1147 1454 1154 .

351 1181 482 1245 moribus
495 1181 700 1246 conveniebat.
722 1181 832 1265 Itaque
839 1182 1008 1264 periatlum
1022 1189 1076 1258 cst,
1091 1181 1164 1256 nisi,
1179 1180 1256 1264 quid
1274 1181 1308 1242 in
1321 1186 1412 1242 sura·

353 1290 410 1351 que
429 1287 463 1330 re
477 1269 552 1331 uani
571 1269 622 1344 sit,
639 1268 835 1344 domminus,
850 1288 889 1331 ue
909 1269 977 1351 quis
989 1289 1086 1335 ,error
1107 1266 1190 1332 uobis
1211 1264 1413 1349 obfimdatur.

352 1354 527 1436 Egaenim,
543 1355 786 1437 quemadmodum
808 1375 845 1417 eu
865 1353 914 1418 bis
932 1353 1057 1438 legibus,
1072 1373 1140 1438 qua
1158 1373 1219 1416 uon
1240 1352 1274 1415 in
1295 1361 1413 1432 tempus

352 1441 488 1523 aliquod,
503 1441 557 1504 sed
563 1449 723 1522 perpetua
735 1440 884 1504 militatis
905 1460 1011 1504 caussa
1031 1441 1065 1504 in
1083 1449 1226 1510 manum
1241 1439 1315 1502 lata
1327 1443 1408 1510 aaut,

352 1527 466 1589 nullam
481 1525 629 1610 obrogari
637 1526 867 1610 deberefateor‚
878 1527 940 1590 nisi
950 1547 1039 1610 msam
1050 1535 1105 1590 aut
1114 1524 1342 1608 ususcaarguit,
1352 1531 1411 1586 aut

351 1621 449 1695 statas
459 1614 574 1696 aliquis
582 1612 757 1694 reipublice
765 1613 902 1676 inutilem
897 1613 984 1696 fecit
987 1636 1001 1688 ,-
1015 1603 1068 1688 sic,
1075 1632 1150 1696 quas
1160 1609 1413 1694 temporaciiqua

352 1699 565 1763 desiderarunt
584 1701 674 1783 leges,
689 1699 829 1762 mortales
844 1703 891 1783 (ut
905 1700 952 1762 ita
967 1699 1079 1779 dicam)
1094 1708 1125 1764 ct
1137 1697 1319 1780 tanporibus
1333 1693 1412 1777 c'psis

352 1785 511 1850 mutabiles
524 1807 585 1850 esse
599 1787 694 1848 uideo.
741 1783 820 1860 Qua
834 1786 868 1848 in
876 1805 958 1867 pace
970 1787 1045 1848 late
1058 1794 1138 1862 aunt,
1154 1785 1333 1868 plerumque
1346 1781 1409 1844 bel·

352 1873 413 1935 lum
428 1871 575 1954 abrogat,·
598 1891 667 1954 qua
680 1869 714 1934 in
730 1870 817 1946 bella,
823 1891 912 1953 pac:
934 1871 1017 1934 utin
1038 1873 1127 1936 navis
1140 1869 1412 1935 administratione

352 1959 420 2020 clia
440 1958 474 2020 in
497 1959 665 2032 semustam,
680 1958 749 2020 alia
771 1958 805 2020 in
828 1959 985 2022 adamam
1010 1967 1213 2040 tempestatem
1237 1957 1305 2026 usui
1326 1962 1410 2018 mint.

353 2043 433 2108 Hac
447 2062 535 2125 quum
551 2043 597 2108 ita
612 2052 726 2106 natura
741 2041 885 2107 distincta
896 2043 967 2118 sint,
984 2065 1021 2106 eu
1034 2053 1103 2106 utra
1116 2043 1238 2107 tandum
1245 2061 1357 2127 genere
1371 2059 1411 2102 ea

351 2130 402 2192 len
414 2150 477 2192 esse
497 2129 627 2206 videtur,
643 2149 732 2213 quam
751 2129 958 2214 abrogamus?
979 2127 1058 2192 ⁸¹An
1081 2139 1164 2194 aetia
1184 2131 1272 2213 regia
1290 2128 1349 2204 lec,
1364 2127 1410 2190 si·

351 2216 414 2278 mul
426 2235 490 2278 cum
506 2215 575 2297 ipsa
589 2215 663 2279 urbe
675 2219 779 2280 nata?
802 2215 855 2278 An
870 2217 964 2299 (quod
975 2217 1132 2280 secunlum
1143 2216 1200 2295 est)
1211 2215 1252 2278 ab
1265 2213 1412 2278 decemui-

351 2301 397 2366 ris
408 2303 455 2364 ad
463 2300 705 2384 condendajura
716 2303 828 2366 creatis
838 2302 1035 2366 induodecim
1048 2301 1314 2384 tabulisscriptc?
1336 2299 1412 2364 Sine

351 2409 413 2472 quo
428 2408 515 2472 quum
531 2384 658 2472 majores
679 2390 778 2454 nostri
799 2409 860 2452 non
882 2389 1088 2452 eaistimarint
1113 2389 1201 2455 deca
1219 2387 1413 2451 matronale*

350 2475 578 2557 nuncupasse,
594 2473 680 2538 uobis
699 2495 814 2558 quaque
829 2476 988 2539 uerendum
1008 2475 1059 2552 sit,
1075 2495 1113 2538 ne
1131 2495 1194 2538 cum
1208 2496 1246 2538 ea
1261 2473 1412 2556 madmena

349 2561 600 2643 sanctitatemque
600 2561 793 2645 feminarum
807 2560 1011 2644 abrogamus?
1036 2561 1112 2635 Quis
1126 2562 1224 2646 egitur
1236 2561 1340 2634 nescit,
1356 2579 1412 2622 no·

351 2668 419 2710 uam
434 2648 523 2711 istam
534 2649 629 2732 legem
643 2669 714 2724 esse,
728 2645 800 2720 ³¹62.
812 2646 912 2710 Fabio
926 2654 977 2710 etq
996 2647 1046 2711 Ti.
1054 2647 1232 2730 Sempronio
1242 2645 1413 2712 consulibua

351 2735 465 2817 ut'ginti
475 2735 567 2804 annis
580 2743 653 2798 ante
667 2736 787 2797 latam?
808 2733 873 2797 sine
886 2753 947 2817 qua
962 2753 1050 2817 quum
1062 2755 1118 2815 per
1130 2743 1176 2798 tot
1189 2753 1286 2798 annos
1296 2741 1412 2797 matro-

350 2841 400 2884 uae
414 2821 536 2902 optimis
549 2819 681 2884 moribm
694 2821 839 2895 uicerint,
854 2821 935 2903 quod
947 2821 1079 2896 tandem,
1096 2835 1134 2884 ne
1147 2821 1299 2904 abrogata
1313 2839 1351 2883 ea
1365 2819 1412 2904 es·

337 2906 523 2990 fiindontur
536 2908 580 2970 ad
591 2907 756 2977 lanariam,
766 2906 936 2988 periculum
951 2910 1023 2970 cst?
1046 2906 1130 2970 Nam
1144 2907 1173 2970 si
1192 2907 1252 2972 ista
1273 2906 1324 2969 lea
1338 2906 1410 2970 ideo

350 2995 419 3057 lata
440 3002 527 3070 esset,
538 2991 689 3072 utfiniret
713 2992 881 3068 libidinem,
896 2991 1077 3068 muliebrem,
1093 2992 1358 3077 uerendumfhret,
1372 3011 1413 3056 ue

337 3079 500 3164 'abrogata
515 3079 676 3142 incitaret.-
699 3079 916 3144 cursitantem
931 3079 1009 3154 lata,
1023 3079 1120 3160 ipsum
1133 3076 1161 3117 ³³
1172 3078 1323 3144 indicauit
1336 3087 1412 3142 tem·

344 3187 415 3248 pus.
463 3165 626 3229 Hannibal
639 3167 672 3228 in
685 3166 785 3230 Italia
800 3165 972 3228 eratoictor
986 3166 1030 3228 aa
1046 3163 1190 3229 Canum.-
1201 3163 1273 3249 jam
1288 3163 1411 3228 Taren·

349 3249 499 3335 tum‚jam
513 3251 626 3334 Arpos,
631 3250 702 3334 jam
719 3253 856 3334 Capuam
866 3248 1016 3315 babebat.-
1038 3252 1083 3314 ad
1095 3251 1195 3316 urbem
1207 3252 1337 3316 mamm
1352 3251 1411 3314 ad·

250 3407 258 3416 ,
308 3387 315 3394 .
350 3347 482 3402 moturus
496 3339 659 3401 coercitum
670 3337 844 3402 uidebatur:
867 3338 1040 3421 defecerant
1053 3339 1147 3402 socii:
1170 3359 1231 3416 non
1250 3336 1363 3402 milites
1376 3337 1412 3400 in

349 3424 596 3507 supplementum,
609 3445 669 3488 non
683 3425 778 3489 socios
788 3425 913 3488 nanalm
926 3425 971 3487 ad
982 3425 1104 3488 classem
1119 3425 1272 3501 tuendam,
1283 3444 1346 3488 non
1353 3439 1414 3508 pe·

349 3511 470 3574 cuniam
485 3511 519 3574 in
533 3509 856 3576 orariolabebamus:
879 3511 969 3586 serni,
982 3509 1089 3594 quibua
1098 3531 1186 3574 arma
1195 3512 1355 3591 dormitur,
1364 3510 1413 3574 ita

555 3665 568 3704 e
584 3661 879 3712 marcomannicam.
892 3661 960 3710 cmv.
1025 3667 1077 3709 ‘let
1087 3663 1134 3713 dcl.
1144 3663 1210 3712 End.

382 3799 414 3842 ³0
421 3794 437 3826 ⁸
446 3790 595 3856 Consularis]
605 3795 684 3851 Diana
695 3794 800 3842 mutale.
898 3793 971 3856 panio
981 3792 1011 3841 de
1021 3793 1086 3851 Oria.
1095 3794 1167 3854 jisua,
1179 3807 1203 3840 u.
1215 3800 1238 3840 a.

382 3863 413 3905 ³1
432 3858 472 3906 An
483 3861 624 3922 actusregia
631 3859 683 3924 lca]
697 3860 813 3908 Anvetus
821 3861 864 3908 ali·
929 3865 960 3907 82
980 3859 1010 3916 Q.
1022 3859 1108 3918 Fabio,
1119 3859 1148 3907 Τ.
1158 3858 1299 3920 Smprcnio
1313 3857 1415 3906 mauli-

349 3938 398 3985 qua
408 3923 575 3974 ludecanum
593 3939 701 3984 numam,
714 3939 766 3986 qua
782 3926 812 3974 ub
828 3941 864 3974 rs·
897 3922 1415 3986 bm,afflmimnume]flicmmngi·

349 3990 419 4052 gibus
436 3991 491 4038 luta
507 3995 572 4039 sunt.
604 3990 689 4038 Prima
705 3989 866 4040 Romamn
899 3990 1289 4052 turviccsimusprimuupriore
1297 3987 1416 4036 Mem·

275 4071 281 4088 ¹
349 4057 411 4114 teges
433 4069 449 4102 u
469 4055 563 4118 regibus
584 4056 638 4102 luta
661 4055 762 4112 masat,
781 4071 867 4118 enque
898 4055 977 4117 pionii
994 4055 1129 4115 aemulata,
1147 4054 1335 4104 undevicesimus
1352 4065 1415 4100 ucc-

350 4119 402 4169 Sex.
419 4122 526 4183 Papirius
548 4121 652 4182 quidum,
671 4120 801 4183 Tarquinio
821 4124 866 4171 Su·
899 4121 984 4168 cunda.
1002 4119 1056 4166 lind.
1068 4125 1119 4170 not.
1130 4128 1152 4169 l.
1163 4122 1192 4169 ab
1203 4119 1258 4170 cil.
1269 4119 1342 4180 hujus
1351 4117 1414 4166 libri.

349 4187 422 4248 parba
441 4191 565 4250 regnante,
581 4186 607 4232 in
630 4199 705 4233 unum
726 4188 866 4246 acumem:
930 4192 962 4232 88
981 4181 1113 4248 Iudicabit]
1132 4183 1415 4244 Vulssoinelieaaiffla·

350 4253 414 4299 unde
436 4253 459 4300 id
485 4266 570 4314 cuspus
594 4251 709 4307 regiarum
732 4255 808 4310 legum
823 4255 868 4315 jus
899 4251 960 4298 tavit
970 4250 1113 4308 Gronovius.
1145 4253 1214 4300 Unus
1232 4250 1416 4314 eMSS.Hus·

351 4316 511 4378 Papirianum
527 4317 700 4379 appellabatur,
717 4323 777 4368 usse
797 4319 867 4367 Pom·
896 4316 935 4363 nii
947 4315 1051 4384 inbibat:
1069 4317 1329 4378 qnadlortusmrsnm
1340 4320 1385 4364 cst.
