3104 4976
357 182 414 246 1³6
648 227 650 234 .
736 172 848 234 TlTl
881 167 1020 231 LlVll

196 347 265 417 luc.
277 345 333 416 mn
351 347 516 432 pellendi?
538 342 627 408 Istud
639 342 736 417 ipsum
753 359 820 402 mos
841 353 964 419 quoqne
983 331 1064 394 dorni
1077 345 1188 410 rogare
1208 343 1268 389 uon
1287 319 1410 404 patuis-

196 434 266 481 Μ·
279 437 333 482 ¹9⁵·
357 436 424 500 tis?
456 435 506 498 An
527 429 700 494 blandiores
721 427 754 488 in
770 423 905 506 publico,
920 439 1009 502 quam
1029 418 1063 480 iu
1082 415 1212 496 privato,
1235 419 1264 472 et
1285 407 1407 483 olienis,

358 541 447 604 quam
461 517 577 591 nestris,
590 514 687 578 estis?
710 529 888 595 quamquam
903 527 941 568 ne
955 504 1037 574 dorni
1051 501 1169 585 quidem
1183 517 1242 571 aas,
1257 497 1287 560 si
1299 490 1409 575 suiju-

357 609 404 670 ris
403 603 525 689 finibus
543 610 695 666 matronas
708 597 875 662 contineret
889 592 1001 674 pudor,
1015 607 1085 670 quae
1102 588 1181 669 leges
1194 584 1244 647 tic
1264 599 1410 665 rogaren-

358 703 419 768 tur,
435 691 699 772 abrogarentmne‚
715 703 823 746 merare
840 680 949 742 decuit.
994 672 1130 756 Mojoms
1155 670 1262 744 nostri,
1285 667 1412 740 nullam,

359 796 397 842 ne
406 779 563 860 privatam
578 773 706 856 quidem,
718 790 780 832 rem
799 787 891 850 agere
899 763 1041 847 feminas
1054 757 1152 822 1⁴sine
1165 764 1296 829 auctore,
1312 752 1413 814 wlue-

359 873 450 936 runt,·
474 863 507 926 in
519 881 610 922 manu
620 879 681 922 esse
692 862 862 938 parentum,
865 851 1019 934 fratrum,
1029 848 1172 912 virorum.
1187 863 1241 904 nos
1252 837 1290 922 (¹⁵
1298 839 1326 902 si
1335 837 1415 900 Diis

354 947 547 1032 plaeet)jam
561 946 653 1010 etiam
675 939 886 1024 rempublicam
907 953 1059 1017 capessere
1072 951 1123 994 eos
1132 929 1280 1010 patimur,
1296 933 1326 988 et
1334 923 1417 1007 sora

355 1035 481 1123 prope‘,
492 1042 522 1096 et
531 1029 730 1103 concionibus,
743 1036 772 1090 et
781 1024 911 1088 amnitiis
922 1019 1083 1084 immisceri.
1116 1014 1142 1053 ¹⁶
1152 1013 1236 1088 Quid
1244 1013 1323 1076 enim
1334 1029 1416 1072 nunc

359 1123 449 1188 aliud
456 1142 516 1202 per
524 1119 590 1182 vias
599 1126 629 1182 et
638 1111 911 1196 compitufaciunt‚
923 1117 1030 1192 qnam⁸
1041 1104 1214 1188 rogationes
1223 1099 1414 1162 tribunorum

354 1207 455 1291 plebis
464 1206 601 1279 suadent,
618 1203 691 1265 atie
711 1201 803 1283 legem
822 1195 1028 1278 abrogandam
1042 1193 1182 1256 censent?
1206 1185 1327 1250 ¹⁷Date
1336 1182 1416 1266 fee-

360 1316 414 1357 nos
425 1291 576 1374 inpotenti
589 1298 710 1354 notura
723 1295 753 1348 et
767 1277 1060 1355 indomitoanimali‚
1072 1286 1101 1340 et
1114 1282 1246 1358 sperate,
1257 1273 1414 1354 e'JJsusma-

360 1382 429 1444 dum
443 1378 576 1442 licentia
583 1375 739 1460 ¹facturas,
756 1371 819 1434 nisi
839 1389 889 1432 aas
901 1366 1072 1450 ficariae.
1115 1361 1279 1424 Minimum
1293 1358 1348 1422 lme
1361 1376 1414 1417 eo-

358 1487 424 1531 rum
438 1474 491 1538 est,
507 1463 695 1546 qrraesiniqoo
709 1455 944 1538 animafemince
957 1450 1016 1514 sibi
1030 1459 1084 1512 aut
1096 1448 1288 1511 moribusaut
1298 1441 1417 1528 legibus

360 1551 497 1636 injuncta
507 1551 679 1632 patiuntur.
694 1544 823 1607 omnium
839 1561 937 1602 rerum
950 1536 1130 1616 libertatem,
1145 1535 1232 1597 immo
1245 1534 1413 1609 licentiam,

361 1640 402 1722 (si
411 1658 484 1702 aera
495 1637 595 1700 dicere
604 1629 748 1710 nolumus)
763 1628 946 1692 desiderant.
993 1622 1078 1698 Quid
1087 1622 1175 1699 enine,
1189 1620 1218 1684 si
1230 1621 1285 1682 leae
1298 1639 1416 1703 eafmg·

360 1724 512 1794 noverint,
529 1741 589 1784 nou
603 1716 788 1782 tentabunt?

404 1809 468 1875 ΙΙΙ.
490 1809 653 1872 Recensete
681 1803 783 1865 omnia
804 1797 995 1862 ¹⁸muliebria
1012 1787 1104 1880 jura,
1128 1793 1234 1878 quibus
1257 1793 1418 1856 licentiam

358 1917 462 1960 earum
490 1891 697 1976 adligaverint
725 1885 852 1970 majores
878 1885 986 1959 nostri,
1004 1902 1065 1966 per
1093 1901 1216 1964 quaque
1239 1877 1421 1963 subjecerint

357 1983 451 2047 airis:
471 1978 576 2063 qulbus
589 1974 723 2042 omnibus
735 1973 913 2036 constrictas
927 1971 979 2034 nia
992 1979 1092 2032 tamen
1110 1968 1264 2030 continere
1273 1965 1416 2047 potestis.

359 2067 470 2143 Quid?
493 2066 521 2128 si
534 2083 660 2144 coemere
669 2059 801 2144 singulo,
810 2067 840 2120 et
851 2065 1035 2139 extorquere,
1048 2063 1077 2117 et
1087 2054 1243 2136 euoqetari
1257 2053 1300 2114 ad
1313 2061 1415 2114 eatre-

355 2173 431 2219 mum
446 2152 524 2217 ainis
536 2147 713 2231 patiamini,
728 2143 901 2210 tolerabiles
920 2141 1002 2205 vobis
1023 2161 1075 2204 eas
1086 2140 1165 2223 ferre
1185 2140 1336 2202 creditis?
1359 2159 1415 2200 ec-

355 2240 476 2320 templa
490 2237 580 2300 simul
587 2255 682 2316 pares
696 2251 757 2298 esse
770 2231 927 2312 ceperim,
938 2230 1107 2312 superiores
1121 2233 1218 2288 munt.
1257 2223 1310 2299 At,
1327 2223 1415 2288 Her·

355 2326 429 2400 eule,
446 2345 483 2386 ne
497 2323 572 2406 quid
584 2341 690 2384 nomem
702 2321 738 2382 in
753 2339 804 2380 eas
818 2323 950 2398 rogetur,
965 2321 1112 2377 recusant.
1134 2332 1195 2373 iton
1208 2308 1274 2392 jus,
1289 2311 1342 2372 sed
1362 2311 1416 2372 in-

345 2409 467 2494 juriam
482 2409 693 2491 deprecantur.
730 2403 824 2468 Immo
838 2411 883 2479 ut,
898 2421 987 2484 oetam
1013 2398 1182 2480 accepistis,
1190 2396 1326 2478 jznsislis
1347 2397 1415 2480 sus·

342 2497 469 2582 fragiis
482 2495 590 2559 vestris
602 2495 706 2576 legem,
722 2511 810 2573 quam
820 2509 874 2551 usu
889 2495 934 2550 tot
944 2505 1091 2550 annorum
1102 2493 1132 2547 et
1142 2483 1325 2565 cooperiendo
1335 2503 1416 2544 com-

352 2581 518 2665 probastis,
534 2580 613 2644 leanc
637 2586 671 2641 ut
694 2575 866 2657 abrogatiss
890 2573 991 2646 idest,
1006 2580 1040 2633 ut
1060 2591 1152 2633 unam
1172 2570 1305 2632 tollenda
1318 2569 1417 2652 legem

356 2678 471 2734 ceteras
499 2665 667 2748 infirmetis.
711 2661 811 2724 Nulla
835 2661 885 2722 lec
908 2660 985 2722 satis
1009 2657 1171 2742 commoda·
1186 2653 1320 2718 amnibus
1344 2664 1414 2719 est.-

357 2757 393 2817 id
419 2754 516 2816 modo.
531 2751 688 2835 quaritur,
714 2748 743 2812 si
767 2744 878 2830 nemori
894 2745 1029 2826 partiat
1054 2741 1085 2804 in
1110 2761 1251 2805 maumam
1275 2743 1415 2822 prodest.

358 2841 403 2916 Si,
430 2839 511 2923 quod
537 2838 675 2920 aliquam
695 2833 845 2916 priuatim
874 2831 991 2912 obiciet
1005 2827 1071 2912 jus,
1097 2829 1131 2890 iel
1151 2829 1284 2891 desinet
1302 2849 1339 2890 ac
1361 2829 1415 2890 ele·

356 2928 506 3002 rnolietur,
529 2925 605 3010 quid
632 2921 784 2994 obtinebit
809 2920 963 2982 universos
990 2936 1101 2998 rogare
1128 2915 1218 2998 leges,
1242 2933 1317 2995 quas
1345 2934 1417 2976 mon

357 3013 517 3096 abrogare,
543 3012 576 3073 in
601 3029 673 3092 quos
694 3009 768 3071 lotae
786 3013 866 3080 sunt,
884 3005 1032 3085 possint?
1074 2999 1147 3063 Vola
1170 3009 1271 3062 tamen
1291 3000 1415 3078 audire,

422 3146 616 3230 ququam.
629 3162 696 3208 cm.
777 3153 1080 3220 immenasas.
1156 3149 1347 3213 inensam

393 3338 422 3382 1⁴
438 3332 498 3383 Sine
518 3325 625 3392 anctore]
654 3327 706 3374 Nisi
728 3325 869 3387 interposita
899 3324 990 3373 menda
1002 3321 1160 3385 indignationi
1171 3323 1265 3370 usitata

357 3398 509 3454 auctoritate,
525 3395 563 3442 vel
584 3393 667 3456 patris,
687 3391 799 3452 quamdiu
819 3403 869 3439 mn·
935 3393 965 3437 16
983 3389 1050 3446 Qum
1058 3385 1407 3452 winomadum-faciunt

359 3462 448 3510 nabal
469 3462 591 3522 innupta3
616 3457 654 3505 val
673 3457 726 3516 viri,
746 3458 767 3503 si
788 3441 869 3518 nuptie
901 3455 1044 3518 quamquod
1053 3455 1107 3507 alia
1121 3421 1417 3516 rogationes-nudent}

358 3528 454 3586 loscut3
471 3525 518 3583 vel,
533 3525 553 3572 si
570 3530 594 3571 et
611 3529 678 3586 patre
695 3529 720 3569 et
737 3523 789 3569 vira
806 3533 870 3568 οιτο-
902 3521 1042 3582 Suepeatum
1053 3524 1090 3568 est
1100 3517 1416 3582 nabiselqseodmalelsna,

357 3596 422 3650 rent,
438 3591 526 3648 fratris,
542 3595 584 3638 aul
603 3588 702 3647 aliculam
721 3603 750 3634 ax
768 3586 870 3650 agnatis,
901 3591 930 3632 ut
944 3587 1045 3644 videtur,
1056 3585 1416 3645 inculcatam,qaemndma‹lam

358 3657 408 3705 sive
420 3656 527 3718 cognatis
536 3655 656 3716 potamia
673 3654 709 3700 vel
720 3654 821 3712 denique
831 3657 872 3698 tu·
901 3664 972 3712 supra
983 3653 998 3698 l.
1010 3651 1102 3698 xxvl.
1112 3666 1131 3698 a
1144 3655 1168 3698 6.
1195 3649 1229 3697 Et
1239 3648 1313 3696 recino
1324 3663 1362 3703 ea,
1374 3649 1417 3696 fiet

356 3719 756 3782 tadsnmegistratudati‚siiorte
766 3722 869 3766 tutorem
902 3717 971 3776 plone
987 3717 1067 3764 wem
1083 3721 1202 3776 amatam
1218 3715 1351 3772 verborum,
1378 3728 1417 3761 aa

359 3786 583 3848 alegcpmlinitum
595 3783 771 3832 nonhabmenl.
787 3783 871 3843 ltaque
903 3782 986 3842 iahoa
997 3784 1013 3829 Ι.
1025 3781 1067 3830 lv.
1079 3797 1100 3830 a.
1118 3786 1156 3830 26.
1174 3783 1239 3829 laco:
1256 3781 1339 3843 Neque
1350 3729 1419 3826 allud

359 3866 449 3913 semper
459 3853 572 3904 Romano
588 3851 696 3898 multem
713 3849 738 3896 in
754 3851 871 3909 pomula
904 3848 1078 3908 lamuelem.
1089 3846 1250 3910 qumnlellum
1261 3845 1383 3908 apum-ari.

359 3917 458 3977 alicujus
487 3922 564 3976 erant,
587 3916 660 3975 cujus.
680 3916 713 3962 eis
741 3913 871 3960 namnetis
937 3919 965 3962 17
981 3909 1145 3974 Dotesreiiar]
1158 3911 1339 3960 Luamtrenos.
1355 3909 1417 3960 Qun

359 3989 409 4030 mat
426 3983 563 4040 auotoritas,
579 3986 607 4028 ut
622 3982 648 4026 in
662 3979 752 4039 judicio
771 3983 871 4036 starent,
903 3983 1033 4037 sequantur
1043 3984 1175 4038 elipante,
1192 3976 1348 4039 paritonium
1365 3975 1416 4022 tte·

360 4055 388 4097 ut
407 4064 432 4096 aa
450 4049 592 4106 obligarent,
609 4051 637 4092 ut
659 4045 726 4091 civile
749 4043 870 4106 negotium
902 4043 1036 4098 inintelligi
1048 4043 1142 4090 debent.

359 4121 473 4176 maerent.
505 4111 675 4170 Vitl.(lic.1sro
686 4110 748 4156 Mur.
761 4124 784 4176 ιι.
797 4113 872 4158 limet
938 4114 966 4154 18
982 4107 1114 4155 Muliebria
1125 4103 1199 4170 jura]
1214 4106 1417 4165 luminiisqua

359 4181 384 4232 in
396 4180 477 4240 primi·
487 4178 616 4238 lllpiaaum
628 4174 762 4226 seruulis.
902 4178 1009 4236 spectant
1028 4173 1058 4222 sd
1075 4174 1183 4226 maliem
1202 4187 1248 4222 asu
1267 4177 1310 4220 aut
1326 4170 1419 4234 legibus

648 4238 656 4246 .,

394 4251 422 4294 1⁵
432 4244 484 4290 *Sl
500 4244 548 4290 tlte
566 4242 657 4304 plant]
673 4240 783 4290 Famula
794 4239 871 4303 expri·
902 4239 1040 4290 consutum.
