3126 4978
295 143 298 152 ’
406 180 499 241 xrs.
520 176 648 240 xxxv.
673 165 776 236 ose.
798 175 903 237 xxn.
1123 181 1181 244 aar·

136 357 222 416 runt.
266 344 405 430 Tiberis,
417 332 610 420 fflinfesuore
624 362 718 428 quam
737 341 845 426 priore
857 342 966 428 inpetu
981 342 1096 410 inlatus
1110 344 1234 421 arbim.
1246 365 1274 412 a
1285 319 1351 410 seo.¹

137 434 202 508 duo
223 445 345 518 pontes,
360 429 496 496 aedificia
519 428 629 506 utulta,
644 428 781 506 maxime
802 427 886 494 circa
906 431 1030 514 portem
1046 429 1272 496 Flumen-ee
1286 435 1354 480 ¹⁹⁹ss

138 534 255 594 tanam,
282 517 401 582 evertit.
447 517 570 581 Saxum
596 515 717 600 ingens,
744 515 808 578 sive
832 513 1081 591 imbribuasive
1105 529 1195 586 motu

138 616 232 670 terrae
253 603 379 680 leviore,
395 623 491 687 quam
513 613 548 666 ut
573 601 691 686 alioqui
714 600 895 678 sentiretur,
915 599 1147 678 labefactatum,
1162 603 1196 668 in

138 690 243 755 vicum
256 689 424 778 Jugarium
442 710 481 752 ex
497 686 655 771 Capitolio
678 685 823 773 procidit,
839 699 871 752 et
891 686 1009 752 multos
1029 686 1196 772 obpressit.

140 777 181 841 In
205 775 290 863 agris
314 775 429 862 passim
458 773 619 845 inundatis
647 793 747 855 pecua
771 771 886 850 ablata,
908 771 1053 839 villarum
1068 785 1198 862 ‚strages

139 859 221 927 facta
241 873 297 928 est.
343 861 531 945 Priusquam
555 859 594 924 L.
610 856 781 940 Quinctius
807 859 917 924 consul
943 858 976 922 in
1001 859 1198 944 provinciam

139 947 327 1033 perveniret,
344 945 387 1023 Q.
401 943 564 1011 Minucius
578 945 612 1008 in
627 965 704 1033 agro
720 944 838 1009 Pisano
859 964 932 1008 curn
948 944 1121 1032 Liguribus
1134 944 1359 1035 sig-niguiem-

140 1036 190 1098 nis
203 1033 336 1098 conlatis
355 1031 524 1120 pugnavit:
547 1053 659 1096 novem
682 1029 781 1095 millia
802 1029 939 1096 hostium
960 1031 1094 1098 occidit:
1117 1023 1359 1102 cete-‘3⁸M'nl‘·

141 1142 194 1187 ros
209 1118 294 1186 fusos
307 1117 493 1208 fugatosque
508 1112 540 1182 io
555 1131 660 1182 castra
678 1116 839 1202 compulit.
885 1115 933 1182 Ea
948 1140 1047 1205 usqua
1068 1118 1101 1185 in
1123 1103 1253 1184 noc-⁰¹⁰⁸
1304 1149 1307 1154 ·

141 1220 204 1272 tem
230 1228 347 1294 magno
372 1203 544 1270 certamine
569 1203 753 1290 obpugnata
777 1201 967 1289 defensaque
992 1219 1076 1270 sunt.
1106 1219 1201 1275 nocte

142 1293 224 1358 clam
245 1290 378 1377 profecti
401 1291 556 1378 Ligures:
579 1293 682 1375 prima
703 1289 773 1356 lucc
794 1289 958 1356 Romanus
979 1313 1078 1356 vacua
1098 1306 1202 1358 castra

141 1379 264 1444 invasit.
289 1377 409 1466 praedae
433 1377 538 1441 minus
565 1378 725 1442 inventum
750 1389 808 1452 est,
831 1375 918 1460 quod
942 1377 1076 1442 subinde
1101 1379 1202 1463 spolia

77 1495 79 1500 ’
142 1486 292 1554 agrorum
318 1476 411 1550 capta
436 1465 546 1528 domos
570 1461 754 1536 mittebant„
790 1460 953 1542 Minucius
981 1464 1061 1528 nihil
1086 1464 1201 1538 deinde

142 1549 316 1616 laxamenti
339 1549 481 1615 hostibus
499 1547 596 1614 dedit.
617 1570 658 1630 ex
679 1569 757 1634 agro
780 1545 895 1612 Pisano
917 1550 950 1612 in
973 1549 1107 1635 Ligures
1127 1571 1202 1635 pro·

144 1637 252 1714 fectus,
278 1635 405 1702 castella
430 1635 576 1722 vicosque
599 1655 708 1698 eorum
732 1633 798 1719 igni
823 1631 970 1719 ferroque
997 1637 1201 1719 pervastavit:

144 1723 190 1788 ibi
210 1723 236 1768 ⁷⁰
244 1721 354 1808 praeda
369 1721 514 1799 Etrusca,
531 1743 601 1806 quae
619 1719 712 1784 missa
731 1743 751 1784 a
769 1719 1010 1805 populatoribus
1024 1719 1137 1801 fuerat,
1153 1743 1203 1786 re·

144 1809 249 1896 pletus
262 1823 310 1874 est
326 1808 415 1873 miles
432 1809 604 1889 Romanus.

190 1893 312 1961 XXII.
335 1895 404 1961 Sub
427 1893 511 1958 idem
537 1906 662 2042 tempus
686 1892 751 1958 ⁷¹le
773 1893 816 1959 ati
842 1893 882 1958 ab
911 1894 1039 1984 regibus
1066 1895 1203 1962 Romam

144 1979 349 2048 reverterunt.
371 1981 425 2068 qui
448 2001 545 2066 quum
567 1978 600 2044 ni
625 1980 658 2056 il,
678 2001 721 2066 qu
787 1979 861 2044 satis
882 2000 1038 2046 maturam
1061 2003 1203 2050 caussam
1253 2017 1256 2024 ·

145 2067 220 2134 belli
233 2067 373 2146 haberet,
388 2065 449 2132 nisi
462 2066 611 2131 adversus
624 2065 899 2142 Lacedaemonium
915 2080 1095 2190 tprannum
1111 2067 1204 2134 adtu·
1295 2079 1298 2088 ‘

144 2154 264 2233 lissent,
289 2173 382 2240 quem
412 2166 444 2232 et
469 2151 582 2218 Achaei
607 2151 703 2238 legati
730 2152 922 2218 nunciabant
968 2167 1078 2219 contra
1099 2152 1204 2220 foedue

145 2241 337 2306 maritimam
351 2261 439 2304 oram
457 2239 621 2324 Laconum
636 2239 842 2325 obpugnare3
866 2238 983 2304 Atilius
996 2254 1117 2324 praetor
1130 2261 1204 2306 cum
1211 2247 1301 2296 Arruns
1310 2261 1366 2326 φα·

144 2325 244 2392 classe
258 2328 368 2392 missus
382 2339 429 2391 est
448 2326 481 2390 in
497 2324 657 2391 Graeciam
673 2324 713 2389 ad
735 2324 837 2389 socios
850 2325 994 2390 tuendos.
1039 2326 1205 2406 Consules,
1211 2314 1340 2427 3⁸th

147 2413 277 2500 quando
291 2411 370 2477 nihil
388 2412 429 2478 ab
444 2409 605 2478 Antiocho
626 2413 768 2486 instaret,
784 2410 941 2495 proficisci
963 2411 1060 2476 ambo
1077 2415 1110 2478 in
1133 2435 1207 2498 pro·
1302 2409 1308 2424 '

145 2499 266 2564 vincias
294 2498 423 2584 placuit.
467 2497 631 2563 Domitius
667 2496 708 2561 ab
740 2497 898 2575 Arimino,
927 2519 991 2584 qua
1026 2497 1206 2584 proximum

145 2585 216 2668 fuit,
232 2585 403 2662 Quinctius
417 2607 474 2670 per
489 2582 672 2670 Liguresin
690 2583 785 2648 Boios
806 2585 903 2651 venit.
947 2584 1025 2650 Duo
1039 2588 1207 2658 consulum

147 2669 278 2760 agmina
302 2671 424 2758 diversa
453 2670 515 2735 late
539 2692 651 2758 agrum
680 2669 819 2734 hostium
845 2683 1072 2753 pervaserunt.
1102 2674 1208 2758 primo

146 2758 268 2846 equites
283 2779 392 2824 eorum
413 2757 508 2844 pauci
529 2778 601 2822 curn
622 2753 786 2840 praefectis‚
801 2755 917 2820 deinde
939 2756 1103 2822 universus
1117 2779 1208 2822 sena-
1308 2761 1313 2778 '

147 2859 209 2922 tus,
221 2857 382 2930 postremo
396 2844 428 2908 in
444 2844 557 2930 quibus
570 2854 626 2906 aut
640 2840 768 2920 fortuna
781 2841 896 2926 aliqua,
909 2855 964 2906 aut
978 2841 1010 2906 di
1058 2845 1120 2908 itas
1129 2854 1207 2920 erat,

147 2931 191 2996 ad
214 2930 300 2996 mille
314 2929 479 3018 quingenti
497 2928 539 2994 ad
560 2926 703 2994 consules
723 2925 971 3014 transfugerunt.
1047 2929 1107 2993 tin
1123 2940 1209 2994 utra·

147 3039 213 3104 que
230 3015 387 3102 Hispania
401 3039 439 3080 eo
454 3037 538 3080 anno
552 3036 601 3079 res
614 3036 765 3100 prospere
777 3027 883 3100 gestae.
898 3035 973 3078 nam
988 3026 1020 3079 et
1037 3014 1075 3080 O.
1092 3014 1208 3080 Flami·
1219 3026 1266 3104 th
1276 3025 1363 3088 ³1⁸9·-

148 3103 223 3168 nius
250 3100 403 3189 oppidum
433 3101 614 3180 Litabrum,
639 3101 798 3166 munitum
827 3099 1085 3188 opulentumque,
1112 3103 1285 3169 vineant*

148 3190 356 3276 expugnavit,
371 3200 402 3252 et
420 3187 556 3253 nobilem
579 3186 724 3275 regulum
740 3186 971 3270 Corribilonem
987 3188 1092 3254 vivum
1107 3189 1209 3273 cepit:

148 3287 183 3341 et
205 3275 254 3340 Μ.
271 3273 401 3339 Fulvius
422 3273 592 3358 proconsul
613 3295 686 3338 cum
707 3271 833 3338 duobus
857 3273 1049 3340 exercitibus
1070 3274 1210 3350 hostium

148 3361 216 3427 duo
230 3360 368 3456 secunda
384 3359 498 3446 proelia
511 3357 602 3424 iecit:
625 3359 742 3447 oppida
755 3359 836 3425 duo'
852 3359 1085 3446 Hispanorum,
1100 3361 1211 3427 ⁷²Ves-

365 3479 569 3560 immutatam
580 3512 653 3560 Gran.
666 3512 734 3561 (hev.
794 3509 806 3548 ¹
817 3513 863 3561 duo
874 3513 918 3561 del.
929 3513 995 3563 tter.

181 3650 213 3696 69
232 3646 360 3706 Μητίονα
377 3661 448 3708 qaum
463 3645 544 3708 priore
564 3641 665 3707 impetu]
696 3647 797 3694 Rom
808 3651 961 3694 reuerterunt.

151 3711 278 3758 infestiore
301 3711 401 3772 impetu,
422 3724 492 3772 quam
516 3723 564 3770 quc
590 3710 664 3770 prius,
730 3717 760 3760 72
781 3711 911 3760 Vesceliam
928 3713 1102 3776 Helonemque]
1128 3717 1211 3762 Parum

149 3789 216 3823 euno
232 3777 322 3824 scilicet
338 3775 554 3837 superiore,amnis
571 3775 624 3822 urbi
637 3775 665 3822 it·
698 3781 756 3822 nota
775 3777 879 3824 nomina.
913 3778 976 3825 Vict.
994 3779 1046 3826 eod.
1066 3794 1119 3827 cnm
1131 3781 1212 3828 Thuee

149 3841 215 3889 latur
234 3843 319 3890 fueret.
351 3841 406 3889 vid.
423 3837 503 3902 supra,
523 3856 543 3888 c.
562 3847 585 3890 9.
605 3841 665 3888 Tan.
698 3855 760 3899 neo,
769 3845 794 3888 et
804 3843 879 3890 Modii
891 3843 960 3902 libro,
969 3844 1134 3908 Helonemque.
1147 3846 1213 3892 Hinc

149 3903 522 3968 feberlegitinsmiore,quam
531 3904 666 3968 prlorllaa·
699 3907 751 3953 Jcc.
766 3907 903 3966 Gronovius,
918 3909 1043 3970 legendum
1059 3910 1153 3972 putarit
1166 3911 1215 3956 Be·
1245 3943 1246 3946 ,
1343 3912 1345 3930 ¹

150 3984 190 4027 no,
201 3973 299 4032 impetu.
409 4007 411 4015 Α
699 3972 831 4034 ruensque.-
848 3974 947 4022 mibime
956 3980 1019 4022 certe
1030 3976 1055 4022 in
1066 3976 1151 4022 litteris
1162 3987 1214 4027 mnf

185 4036 332 4086 rowraeua
350 4037 466 4096 Etrusca,
487 4033 550 4100 que]
575 4035 665 4094 Prode,
698 4037 803 4096 tatione3
822 4039 862 4086 red
881 4040 941 4088 situs
958 4041 1064 4090 locorum
1084 4051 1214 4100 repugnare

151 4114 223 4160 quem
247 4117 275 4149 ex
300 4103 397 4149 Etmria
411 4103 542 4150 'collectam
568 4102 666 4163 Ligures
698 4103 798 4150 videtur.
827 4103 1134 4152 ReloenimurbsBatiea
1144 4102 1215 4150 meri·

148 4167 302 4228 populatores
325 4168 438 4216 miserant
459 4168 484 4216 in
509 4180 552 4216 sua
572 4167 668 4215 castelle
699 4172 782 4214 timae
796 4169 892 4230 regione
901 4169 971 4226 'linei
988 4169 1098 4230 opposite
1115 4167 1214 4214 nimium

148 4230 269 4293 vicosque.
319 4231 320 4238 ’
699 4233 810 4280 diesteh
821 4234 930 4282 Oretanis
941 4235 1043 4295 populis,
1053 4235 1077 4279 in
1089 4246 1148 4292 quos
1159 4245 1215 4278 mcx

182 4303 210 4345 71
230 4297 323 4359 Legati
341 4298 370 4344 ab
387 4295 614 4361 regidaelssomaoi
632 4299 665 4345 la·
699 4300 801 4361 coaptis
812 4299 918 4346 Vescelia
931 4305 956 4344 et
967 4299 1063 4358 Boione
1078 4309 1215 4358 progressus
1329 4333 1330 4341 ,

146 4363 398 4426 ‘attenuebant
411 4359 547 4425 quaemihi
562 4365 665 4424 tument,
698 4377 749 4412 esse
774 4363 860 4412 dicitur
885 4363 989 4411 Fulvius.
1025 4363 1123 4414 Oretani
1151 4361 1216 4420 iuter
