3104 4976
311 195 367 250 lte
659 185 968 286 3T1T1L1vll

144 361 216 424 tta
228 370 283 412 ser·
310 351 418 418 thlie
433 373 505 418 cum
522 351 674 418 Boiorum
699 374 795 417 manu
816 364 949 440 propter
961 353 1115 419 ¹Litanam
1132 347 1254 428 silvam,
1271 349 1371 439 signis

147 432 216 478 Μ·
232 435 285 480 ¹⁹⁵·
309 438 451 516 conlatis,
477 439 616 504 secundo
640 439 758 525 proelio
779 439 931 504 conflixit.
977 438 1062 504 Octo
1083 439 1182 504 millia
1200 438 1371 504 Gallorum

310 547 392 592 cusa
416 525 603 590 truduntur:
634 527 740 604 ceteri,
757 527 874 590 omisso
898 525 994 605 bello,
1018 527 1050 590 in
1071 527 1157 590 vicos
1182 547 1256 590 suos
1277 538 1373 610 utque

197 679 199 685 s
234 649 252 658 -
310 633 403 700 agros
424 611 548 696 dilapsi.
593 612 713 677 Consul
738 613 895 697 reliquunt
918 613 1036 678 senatis
1056 612 1139 678 circa
1156 612 1281 678 Pedum
1298 612 1373 676 Ple·
1409 623 1419 632 ‘

252 703 257 718 ⁸
311 698 423 764 centiae
445 712 478 762 et
493 699 661 763 Cremonae
680 699 855 764 exercitum
878 699 998 776 habuit,
1014 699 1221 785 restituitque,
1244 697 1373 784 quaein

231 780 234 804 '
313 784 349 849 iis
363 783 490 868 oppidis
504 785 588 849 bello
602 785 707 864 diruta
727 784 863 849 fuerant.
907 784 1018 862 Quum
1037 784 1091 849 hic
1105 798 1204 850 status
1218 805 1324 849 rerum
1339 784 1373 847 in

151 884 303 934 eructans
313 870 406 936 Italis
422 870 642 958 Hispaniaque
663 884 751 948 esset,
768 870 811 935 T.
827 870 992 948 Quinctio,
1008 871 1041 935 in
1058 872 1187 937 Graecia
1207 871 1253 938 ita
1265 869 1374 934 hiber·
1412 885 1415 892 ·

151 958 198 1000 ‘¹¹⁸-
312 958 361 1022 nis
382 957 469 1034 actis,
488 968 537 1034 ut,
552 959 690 1042 exceptis
707 956 834 1035 AEtolis,
855 958 970 1044 quibus
991 979 1050 1024 nec
1071 979 1131 1043 pro
1153 977 1210 1044 spe
1231 957 1385 1022 victoriae

312 1044 445 1130 praemie
474 1043 681 1130 contigerant,
707 1065 767 1108 nec
794 1043 851 1108 din
879 1044 967 1131 quies
993 1045 1118 1128 placere
1141 1057 1275 1128 poterat,
1290 1043 1374 1106 uni·

313 1153 403 1196 verse
433 1130 570 1208 Grsecia,
601 1131 694 1195 simul
724 1130 810 1215 pacis
838 1129 1052 1216 libertatisque
1080 1131 1242 1216 perfluens
1272 1129 1373 1206 bonis,

202 1223 204 1228 '
226 1243 228 1247 ’
314 1218 441 1304 egregie
454 1229 536 1281 statu
553 1240 612 1282 suo
626 1216 789 1303 gauderet,
805 1237 864 1282 nea
877 1217 978 1303 msps
994 1217 1027 1280 in
1043 1216 1126 1282 bello
1141 1217 1289 1281 virtutem
1308 1217 1375 1280 Ro·

315 1305 402 1382 muni
417 1304 518 1380 ducis,
534 1326 628 1389 quoru
649 1305 682 1367 in
699 1303 829 1368 victoria
849 1303 1089 1389 temperantiam
1106 1303 1323 1390 justitiamque
1344 1313 1376 1366 et
1462 1339 1465 1344 ·

311 1390 562 1454 moderationem
575 1393 752 1468 miraretur,
764 1389 1109 1468 ”senatusconsultum
1120 1411 1184 1476 quo
1192 1388 1309 1455 bellum
1320 1389 1375 1452 etl·

314 1499 422 1542 sersus
438 1477 545 1540 Nabin
561 1477 839 1542 Lacedaemonium
855 1476 1015 1542 decretum
1030 1488 1108 1557 erat,
1125 1475 1273 1541 adfertur.
1298 1475 1376 1550 Quo
1428 1485 1433 1494 '

315 1563 407 1640 lecto,
424 1562 606 1640 Quinctius,
621 1576 778 1628 conventu
795 1562 984 1628 Corinthum
1000 1563 1141 1628 omniurn
1157 1561 1314 1630 sociarum
1328 1562 1376 1624 ci·

315 1649 457 1714 titatium
472 1648 683 1736 legationibus
703 1650 737 1714 in
752 1649 836 1714 diem
859 1662 977 1714 certam
998 1648 1114 1730 edicto,
1129 1648 1183 1714 ubi
1197 1648 1376 1735 frequentes

315 1736 456 1824 undique
480 1737 639 1822 principes
667 1747 894 1812 convenerunt,
922 1738 1027 1800 itaut
1059 1757 1099 1800 ne
1124 1735 1231 1801 AEtoli.
1248 1734 1376 1836 quidem

155 1843 264 1897 omnent
316 1823 469 1900 abessent,
487 1822 541 1886 tali
563 1823 706 1886 oratione
721 1835 768 1888 est
783 1843 873 1891 usust
897 1823 1017 1886 Bellum
1037 1825 1182 1887 adversus
1195 1823 1377 1905 Philippum

153 1911 230 1958 ⁰¹²t¹⁰
241 1909 270 1956 ⁸⁶
313 1904 378 1974 non
391 1911 490 1994 magis
502 1911 651 1974 communi
660 1911 763 1972 animo
777 1911 962 1994 similiaque
975 1909 1112 1972 Romani
1122 1919 1152 1972 et
1164 1909 1269 1984 Gracci
1278 1929 1378 1992 gesse·

153 1973 396 2087 ffd'fflfgrunt,
419 2015 509 2079 quam
533 1997 656 2078 utrique
676 2016 748 2060 suas
775 2016 896 2059 caumas
918 1996 991 2081 belli
1018 1995 1196 2059 babuerunt.
1242 1995 1324 2060 Nam
1349 2004 1379 2058 et

153 2118 194 2152 sun
202 2104 290 2152 Nauia
315 2083 523 2145 Romunmum
549 2082 729 2162 notititiam,
752 2103 832 2144 nuno
853 2081 1130 2165 Karthaginienses
1150 2082 1248 2145 testes
1276 2101 1377 2144 earum

296 2167 457 2250 'jucunda
473 2189 553 2230 nanc
564 2168 613 2231 iric
626 2169 717 2232 sociis
729 2169 843 2233 nostris
852 2167 1073 2252 obpugnandis,
1084 2169 1255 2232 ¹ra'olaoerat
1263 2191 1277 2243 ,·
1299 2177 1330 2231 et
1344 2168 1379 2230 in

314 2275 366 2318 nos
379 2253 538 2338 talisfitit,
555 2263 589 2318 ut
603 2254 694 2331 nebu,
711 2255 833 2318 etiamsi
850 2263 1022 2318 nostrarum
1041 2253 1282 2318 oblivisceremur
1296 2253 1378 2338 initt-

313 2342 443 2416 riarum,
460 2350 568 2405 neura
582 2339 707 2423 injuria
716 2343 793 2406 satis
803 2342 900 2425 digna
911 2361 1017 2404 caussa
1028 2339 1238 2424 bellisnerint.
1275 2341 1378 2404 Hodi-

311 2449 392 2490 erna
405 2429 589 2490 consultatio
603 2437 669 2490 tota
689 2449 728 2490 cc
746 2427 830 2492 nobis
845 2429 970 2509 pendet.
1016 2426 1130 2511 Refero
1149 2427 1228 2490 enim
1248 2429 1292 2490 nd
1315 2447 1376 2504 nos,

315 2523 416 2578 armna
431 2513 541 2597 Argos,
556 2517 633 2577 sicut
647 2515 733 2578 scitis
747 2515 817 2595 ipsi,
834 2513 873 2577 ab
885 2513 1010 2577 Nabide
1023 2522 1181 2596 occupatos
1189 2515 1265 2594 pati
1277 2513 1381 2580 velitis

314 2599 369 2664 sub
384 2600 501 2662 ditione
515 2599 578 2683 ejus
591 2621 668 2663 esse:
692 2621 733 2662 an
747 2620 863 2683 oequum
878 2597 1033 2676 censeatis,
1050 2599 1266 2664 nobilissimam
1281 2609 1375 2664 netto·

315 2687 520 2770 tissimamque
533 2687 697 2763 civitatem,
714 2688 747 2749 in
762 2687 863 2749 media
877 2684 1001 2749 Gracia
1011 2686 1112 2760 sitam,
1125 2688 1225 2768 repeti
1238 2690 1272 2749 in
1286 2685 1381 2749 liber·

315 2781 420 2847 tatem,
432 2783 461 2836 et
472 2774 573 2836 eodem
583 2782 676 2851 statu,
688 2794 746 2857 quo
756 2781 871 2837 ceteras
880 2772 968 2835 urbes
982 2773 1185 2853 Peloponnesi
1194 2781 1225 2835 et
1235 2770 1379 2847 Gracia,

314 2881 387 2924 esse.
431 2860 511 2924 Haec
524 2860 714 2935 consultatio,
731 2869 764 2922 ut
778 2859 899 2934 uidetis,
913 2867 979 2921 tota
995 2859 1080 2921 dere
1090 2859 1265 2939 pertinente
1274 2859 1319 2920 ad
1327 2879 1380 2922 uos

317 2955 374 3021 est,·
396 2947 554 3009 Romanos
568 2947 650 3008 nibil
663 2946 824 3028 contingit,
840 2945 904 3008 nisi
918 2954 1065 3028 quatenus
1077 2943 1219 3008 liberatae
1231 2942 1375 3022 Graecioe,

315 3034 407 3098 unitis
420 3033 558 3096 civitatis
571 3033 708 3108 servitus,
722 3053 783 3094 nun
791 3034 928 3113 plenam,
941 3051 996 3092 nec
1009 3030 1160 3114 integram
1171 3032 1305 3114 gloriam
1318 3051 1382 3094 esse

316 3121 405 3184 sinit.
452 3119 587 3182 Ceterum
601 3119 631 3181 si
647 3139 698 3181 nos
719 3139 773 3180 nec
791 3138 867 3180 cura
886 3115 949 3200 ejus
967 3116 1114 3194 civitatis,
1129 3138 1182 3180 nec
1198 3119 1379 3199 ,cuempiam

316 3226 372 3268 nec
379 3205 550 3287 periculum
565 3212 670 3279 monet,
686 3224 724 3266 ne
744 3213 849 3285 serpat
866 3203 961 3266 latius
974 3204 1117 3286 corrtagio
1130 3201 1194 3286 ejm
1206 3205 1303 3278 mali,
1325 3224 1384 3280 nos

316 3293 399 3374 aqui
410 3291 687 3376 boniquesacimus.
717 3290 770 3353 Dc
783 3291 842 3353 bac
851 3311 886 3352 re
896 3309 948 3354 nos
956 3292 1087 3369 canutio,
1099 3291 1234 3354 samua
1243 3311 1288 3367 eo,
1299 3291 1382 3373 quod

311 3379 420 3460 plures
432 3378 620 3442 cenuteritis.

337 3461 492 3527 ·XXIlI.
517 3463 594 3528 Post
615 3462 789 3528 orationem
815 3461 953 3528 Romani
975 3461 1183 3548 imperatoris,
1201 3461 1381 3548 percenseri

304 3548 452 3616 'aliorum
475 3549 639 3614 sententiae
663 3562 777 3634 coeptae
797 3561 883 3615 sunt.
930 3548 1040 3623 Quum
1062 3549 1185 3698 lepptus
1202 3549 1381 3614 Athenien·
1422 3575 1427 3592 ,

318 3635 411 3712 sium,
441 3649 594 3719 quantum
632 3650 757 3719 poterat
784 3635 895 3723 gratiis
923 3635 1064 3722 agendis,
1128 3657 1316 3700 omanorum
1344 3634 1379 3698 in

319 3721 480 3786 Graecism
507 3724 617 3786 merite
645 3723 817 3798 extulisset,
848 3724 1020 3806 inploratos
1047 3724 1207 3799 ancilium,
1236 3725 1382 3787 adversus

317 3809 500 3891 Philippum
514 3809 619 3873 tulisse
633 3829 740 3892 opem·
763 3831 822 3874 nnn
837 3820 968 3894 rogatos,
984 3809 1010 3852 ⁷²
1018 3811 1100 3874 ultro
1114 3810 1259 3874 aduersus
1272 3819 1380 3894 tyran·

351 4060 379 4104 71
405 4055 651 4110 Seuatuscansultum,
677 4071 722 4119 quo
748 4056 833 4104 &llum
865 4058 936 4105 Unde
951 4057 1031 4105 minus
1046 4057 1140 4119 proprie
1156 4056 1202 4103 diei
1221 4056 1316 4104 ridetur
1331 4054 1381 4102 bel·

209 4121 211 4126 ’
317 4120 430 4166 mersus
439 4118 533 4186 Nabim]
551 4123 598 4169 Hic
614 4123 753 4182 requirimus
770 4122 834 4168 Livii
866 4124 914 4169 lum
937 4124 1047 4170 careum
1068 4122 1152 4170 Nsbin
1163 4121 1383 4169 senuutconsnlto

318 4185 473 4248 diligentiam.
507 4187 582 4246 Supra
607 4187 681 4244 euim,
705 4186 832 4235 xxxin.
865 4189 992 4246 decretum,

318 4255 357 4296 rt.
375 4253 469 4312 scripsit
485 4253 623 4312 permistum
639 4251 711 4298 fuisse
722 4264 736 4296 a
747 4258 832 4298 seurtn
898 4255 928 4301 72
948 4252 1017 4298 Ultro
1031 4253 1143 4300 adoneus
1155 4260 1287 4316 tyrannum
1298 4248 1381 4296 Nabim

317 4315 347 4361 Τ.
359 4316 470 4375 Quintio,
486 4317 548 4376 qood
565 4318 594 4363 sd
610 4317 690 4364 Nubis
710 4316 831 4372 attineret,
864 4319 945 4378 afferre
963 4315 1095 4382 mettum]
1119 4317 1271 4366 Assentimur
1286 4317 1383 4362 Grono-

318 4380 414 4440 laceret‚
427 4397 504 4443 qaue
521 4382 640 4444 republios
656 4387 762 4452 censeret
773 4393 832 4432 csse.
864 4385 904 4432 rio
916 4383 1033 4444 rejicienti
1048 4386 1157 4434 ultimum
1168 4395 1260 4441 vocem,
1272 4395 1324 4444 que
1340 4379 1381 4428 nu
