3082 4976
10 709 23 751 tl

11 799 23 840 ll

10 885 24 926 n

10 973 23 1043 l

10 1039 23 1101 l

10 1123 23 1188 l

13 1235 23 1346 l

11 1497 22 1538 r

10 1564 22 1628 l

14 1674 22 1713 r

14 1739 21 1802 i

10 1847 22 1910 l

10 1917 21 1979 l

10 2025 21 2066 l.

10 2111 20 2176 n

10 2250 20 2328 i

11 2372 19 2414 ,

416 199 511 268 rra,
531 199 678 258 xxrnx.
706 201 807 258 cnr.
829 201 930 296 xrn.
1145 169 1202 268 aar

139 358 265 435 dixerit,
298 360 363 442 ipse
397 381 456 444 pro
486 385 518 431 se
543 363 690 437 oraverit,
717 363 956 447 scripseritque:
977 364 1347 450 ‘nonagesimoucara

139 467 224 508 anno
238 444 266 482 ⁵²
273 446 340 509 Ser.
358 446 496 512 Galbam
512 447 552 511 ad
568 447 679 532 populi
694 447 863 512 adduxerit
872 448 1041 532 judicium.
1208 447 1278 534 ¹³1⁰·
1293 451 1348 506 ¹⁸⁴·

182 531 280 596 XLI.
305 531 415 610 Hunc,
433 536 513 598 sicut
534 535 623 598 omni
637 534 712 610 vita,
727 533 830 597 ⁵³tum
844 533 1022 617 petentem*
1036 534 1201 618 premebat

140 617 304 680 nobilitas:
327 623 531 704 coierantque
546 620 711 704 (⁵⁴praeter
725 619 766 683 L.
783 618 944 696 Flaccum,
961 620 1015 705 qui
1030 619 1152 707 collega
1166 623 1199 696 in

139 702 310 774 consulatu,
328 703 443 784 fuerat)
466 705 627 770 candidati
650 727 760 770 omnes
782 707 821 769 ad
843 706 1055 790 dejiciendum
1079 707 1201 772 honora

138 799 230 863 e'um;
263 811 328 856 uon
355 791 459 854 solum
485 809 519 856 ut
544 792 604 876 ipsi
629 791 1020 876 potiusadipiscerentur,
1043 794 1201 878 necquia

139 873 387 959 indignabantur
401 899 517 940 novum
533 877 695 941 hominem
708 898 872 941 censorem
882 877 1010 952 ¹videre;
1035 880 1088 941 sed
1104 882 1198 942 etiarn

138 961 222 1045 quod
238 961 359 1028 tristem
372 985 550 1040 censuram,
566 962 836 1048 periculosamque
857 963 1030 1040 multorum
1046 963 1151 1042 farnae,
1168 978 1201 1030 et

137 1046 177 1110 ab
194 1046 271 1110 laeso
285 1071 305 1110 a
320 1047 486 1134 plerisque,
502 1061 533 1114 et
554 1049 692 1113 laedendi
714 1047 841 1132 cupido,
858 1050 1096 1133 exspectabant.
1113 1121 1117 1126 ,
1142 1049 1213 1124 Ete·

136 1132 220 1196 enim
241 1145 309 1196 tum
330 1157 456 1220 quoquc
476 1135 713 1200 minitabundus
728 1135 866 1219 petebat,
882 1136 1044 1220 refragari
1063 1137 1129 1214 sihi,
1145 1139 1201 1220 qni
1208 1154 1213 1162 ·

136 1219 263 1282 liberam
278 1221 428 1303 etfirrtern
442 1244 597 1286 censerem
607 1224 762 1298 timerent,
779 1220 989 1285 criminando.
1012 1222 1145 1296 etsimul
1157 1222 1199 1288 L.

138 1303 267 1368 Valerio
287 1305 540 1392 subfragabatur.
583 1308 647 1371 Illo
670 1329 731 1370 nno
753 1309 869 1392 collega
892 1309 1046 1392 castigare
1066 1331 1098 1372 se
1118 1330 1198 1373 nona

123 1391 270 1476 flagitia,
287 1401 317 1455 et
332 1394 450 1474 priscos
468 1416 563 1458 mores
576 1415 718 1468 revocure
733 1414 832 1474 posse.
878 1391 942 1456 His
957 1394 1080 1468 accensi
1095 1392 1197 1457 homi-

135 1497 201 1552 nes,
225 1477 355 1540 adversa
383 1478 558 1556 nobilitate,
584 1501 649 1542 non
671 1478 720 1542 M.
739 1477 889 1544 Porcium
907 1480 1011 1544 rnodo
1033 1501 1195 1544 censorem
1206 1495 1241 1539 Μ.
1254 1495 1350 1542 Porcia:

86 1605 91 1617 ι
136 1561 288 1639 fecerunt,
304 1564 468 1632 sedetiam
486 1566 638 1648 collegam
655 1567 683 1629 ei
700 1564 739 1628 L.
750 1564 915 1630 Valerium
940 1565 1088 1636 Flaccum
1112 1559 1344 1652 adje·⁶.‘¹¹·v⁸¹²²

137 1661 258 1713 cerunt.
304 1650 486 1716 Secundum
502 1650 628 1715 comitia
643 1673 810 1716 censorum
825 1651 968 1716 consules
981 1664 1198 1738 praetoresque
1205 1638 1278 1737 ἓξὲξ
1279 1639 1321 1672 ‘⁰'

137 1735 169 1796 in
184 1736 364 1818 provincias
380 1736 510 1821 profecti
525 1750 607 1814 sunt,
630 1750 748 1822 praeter
770 1737 814 1812 Q.
832 1737 990 1814 Naevium,
1011 1760 1105 1824 quam
1120 1761 1198 1824 qua-

136 1832 210 1888 tuor
229 1818 295 1885 non
317 1823 423 1888 minus
438 1826 767 1908 menses„priusquam
783 1824 815 1886 in
833 1823 1012 1888 Sardiniam
1028 1825 1097 1902 iret,
1111 1847 1199 1910 quae·

138 1908 254 1970 stiones
271 1908 425 1986 veneficii,
442 1932 577 1994 quarum
595 1931 742 1996 magnam
759 1921 883 1993 partem
905 1922 998 1974 extra
1013 1910 1125 1974 urbem
1141 1933 1199 1995 per

138 1994 311 2078 municipia
339 1995 610 2081 conciliabulaque
641 1995 761 2072 habuit,
781 1997 860 2082 ,quia
889 1996 934 2059 ita
962 1997 1066 2079 aptius
1095 1997 1196 2062 visum

137 2091 411 2155 erat‚'tenuerunt.
458 2082 492 2146 si
518 2082 642 2146 Antiati
663 2080 790 2146 Valerio
817 2083 945 2146 credere
965 2081 1052 2161 libet,
1071 2083 1111 2146 ad
1133 2083 1199 2152 duo

137 2165 305 2230 hominum
320 2167 420 2230 millia
433 2167 604 2232 damnavit.
647 2165 673 2205 ⁵⁵
684 2168 727 2233 Et
742 2167 781 2232 L.
800 2167 980 2244 Postumius
1001 2183 1131 2252 praetor,
1147 2170 1201 2233 cui

137 2251 315 2316 Tarentum
330 2253 493 2334 provincia
507 2267 663 2328 evenerat,
680 2276 731 2316 ma
756 2276 815 2316 nas..
831 2267 998 2336 pastorum,
1010 2257 1202 2340 conjuratio·

132 2351 194 2402 ,nes
218 2338 398 2415 vindicarit,
423 2351 455 2404 et
484 2340 631 2425 reliquias
650 2277 897 2404 Beccianalium
921 2340 1106 2422 quaestionis
1128 2363 1202 2404 curn
1293 2411 1294 2415 ,

137 2424 226 2488 omni
237 2438 402 2489 exsecutus
415 2437 461 2488 eat
470 2447 555 2489 cura.
579 2424 708 2505 multos,
717 2425 771 2510 qui
784 2424 935 2500 autcitati
947 2445 1011 2488 non
1023 2425 1200 2505 adfuerant,

135 2512 226 2575 ⁵⁶aut
241 2512 334 2576 vades
355 2511 569 2589 deseruerant,
585 2513 619 2574 in
641 2513 830 2598 earcgione
850 2510 953 2576 Italiae
968 2510 1112 2594 latentes,
1128 2534 1201 2597 par·

137 2599 195 2662 tini
210 2598 324 2662 noxios
334 2598 499 2682 judicarit,
517 2598 633 2681 partim
649 2598 895 2682 comprehensos
908 2596 1043 2662 Romam
1055 2599 1095 2662 ad
1112 2621 1203 2664 sena·

137 2697 206 2748 tum
221 2683 314 2748 misit.
338 2684 371 2746 in
387 2706 544 2748 carcerem
554 2705 663 2747 omnes
677 2683 731 2748 ⁵⁷a
747 2682 784 2747 P.
797 2683 947 2756 Cornelio
962 2686 1096 2769 conjecti
1116 2697 1201 2752 sunt.

180 2769 293 2834 XLII.
318 2770 357 2834 ln
375 2770 536 2854 Hispania
552 2770 710 2846 ulteriore,
727 2768 832 2832 fractis
846 2769 999 2853 proximo
1013 2770 1098 2844 bello
1108 2771 1202 2834 Lusi-

137 2857 231 2932 tanis,
247 2856 363 2942 quietae
378 2879 428 2920 ras
443 2856 581 2922 fuerunt.
619 2857 658 2920 ln
670 2855 815 2919 citeriore
828 2857 868 2920 A.
880 2855 1049 2918 Terentius
1059 2856 1092 2920 in
1108 2858 1202 2922 Sues·

137 2944 253 3008 setania
278 2942 433 3025 oppidum
457 2943 650 3010 Corbionem
678 2941 778 3012 vineis
804 2954 835 3006 et
860 2940 1009 3024 operibus
1039 2964 1202 3028 expugna·

118 3029 193 3105 nit,
223 3029 363 3112 captivos
393 3029 549 3094 vendidit:
578 3028 685 3113 quieta
714 3027 829 3091 deinde
854 3026 989 3091 hiberna
1017 3040 1049 3090 et
1074 3029 1203 3098 citerior

503 3151 510 3183 ί
519 3157 672 3212 prementem
681 3151 754 3200 Gron.
769 3152 838 3199 Cras.
904 3173 908 3180 ·

135 3256 216 3310 crepat
234 3255 314 3298 nostor
325 3266 340 3297 a
351 3253 466 3299 Cicerone
483 3253 544 3298 circa
559 3257 653 3300 aetatem
688 3251 789 3309 Majore‚
807 3252 869 3298 circa
883 3251 963 3308 initia,
976 3252 1005 3297 ab
1022 3252 1068 3297 hoc
1078 3251 1105 3297 L.
1117 3251 1202 3298 Flacco

138 3315 247 3362 Catonia.
688 3317 803 3363 Catonem
825 3317 928 3376 primum
947 3318 972 3361 in
996 3316 1107 3364 notitiam
1127 3317 1204 3364 bomi-

168 3382 223 3426 61*
230 3381 333 3426 &nram
342 3382 442 3438 dicerit,
453 3385 503 3443 ipse
511 3397 556 3442 pro
566 3398 591 3428 re
601 3396 653 3442 ora7
687 3395 745 3428 num
764 3383 906 3441 productum
923 3396 983 3438 erse,
994 3387 1019 3426 ct
1034 3381 1086 3439 eiua
1103 3382 1203 3428 manime

136 3448 211 3502 uerit,-
226 3443 407 3508 scripseritque]
423 3449 485 3494 Reus
502 3449 589 3505 factus,
604 3449 655 3506 ipsa
687 3447 771 3508 opibus
783 3451 808 3492 ct
819 3447 896 3503 gratia
912 3448 1100 3494 commendatum
1113 3447 1202 3508 primos

136 3524 181 3570 pro
193 3526 218 3562 se
229 3513 322 3568 dixerit,
333 3513 502 3572 scriptamque,
519 3519 652 3572 quamtum
685 3513 786 3558 honoror
798 3512 894 3571 cepisse.

136 3573 222 3623 habuit
240 3578 303 3636 apud
322 3577 414 3634 judicas
436 3579 576 3635 orationem,
599 3579 652 3625 rell·
719 3582 750 3623 5⁵
766 3577 805 3622 Et
819 3578 850 3622 h.
863 3577 1003 3622 Postumius
1016 3573 1118 3640 praetor]
1135 3577 1201 3624 Anni

136 3642 223 3701 querit.
686 3642 787 3702 prioris:
814 3655 842 3686 ac
863 3642 963 3688 torturae
987 3641 1008 3687 ei
1032 3643 1156 3705 imperium
1176 3643 1203 3689 in

170 3714 201 3753 52
219 3708 271 3753 Ser.
283 3707 385 3753 Galbam
396 3707 515 3767 adpopnlt
527 3708 654 3754 addnrerr't
686 3708 750 3752 bunc
761 3720 850 3753 annum
862 3709 1015 3766 prorogatum
1022 3707 1105 3752 fuerat.
1130 3709 1203 3758 Quod

129 3770 266 3834 judicium]
282 3773 320 3818 De
335 3772 380 3819 hoc
397 3772 498 3829 judicio,
518 3787 565 3831 quo
577 3772 654 3818 Galba
686 3772 706 3816 si
725 3773 760 3817 ita
774 3777 845 3826 caret,
866 3775 953 3831 praetor
969 3771 1008 3819 bic
1025 3773 1142 3818 diceretur
1161 3773 1202 3832 qui

130 3837 262 3884 'absolutus
277 3843 323 3893 eat,
335 3837 410 3883 'ride
427 3837 451 3882 in
470 3838 551 3898 primis
569 3838 620 3884 Cic.
631 3837 651 3884 1.
685 3842 829 3897 propraetore
848 3841 908 3892 crat,
926 3849 955 3882 ex
974 3837 1064 3884 usitato
1082 3838 1144 3898 apud
1162 3839 1204 3883 Li·

134 3903 239 3950 deOrat.
250 3917 274 3949 n.
287 3909 343 3952 227.
355 3909 380 3948 ct
392 3909 446 3947 228.
676 3903 749 3948 'rium
761 3907 786 3948 et
796 3906 885 3948 ceteros
894 3915 966 3947 mora.

171 3974 202 4014 53
223 3968 284 4014 Turn
290 3962 452 4030 prensantem]
463 3966 653 4026 HocLipaiodc-
720 3971 751 4012 56
767 3967 820 4012 Ant
835 3967 906 4012 cades
922 3960 1083 4026 deseruerant]
1098 3965 1150 4011 nur
1163 3966 1203 4011 da-

136 4031 653 4095 batur,quumiurcriptquuibusdaurlege-
686 4033 718 4078 tis
738 4032 847 4088 vadibus,
867 4031 909 4092 qui
931 4032 1076 4091 sponderent
1098 4029 1153 4075 illos
1173 4031 1204 4076 ad

135 4098 639 4159 returproerentem,invulgatiapetentem.
684 4097 769 4155 Judicii
795 4096 857 4142 diem
884 4096 1018 4153 adiuturos,
1048 4093 1204 4140 nibilominus

171 4169 201 4210 54
219 4164 314 4210 Proerer
323 4165 355 4210 L.
366 4166 489 4218 Flaccum,
502 4165 549 4225 'qni
565 4163 656 4222 collega
682 4163 966 4220 iudiciumdcrenrcrant.

135 4233 164 4276 tn
179 4229 303 4276 cumulata
314 4228 413 4291 fuerat]
434 4229 526 4275 laeana
544 4229 654 4275 adversus
685 4267 691 4278 ,
719 4228 808 4277 ⁵7⁴⁶A
827 4227 859 4274 Ρ.
881 4219 1001 4284 Cornelio]
1028 4225 1140 4278 Praetura,
1162 4224 1203 4283 qui

136 4297 255 4342 Catonem
266 4297 330 4341 co'r'ra
346 4310 400 4342 cum
416 4296 499 4340 ceteris
517 4307 565 4340 non
585 4294 655 4340 debe·
685 4296 811 4353 utramque
832 4292 858 4339 ln
878 4290 936 4338 urbe
952 4287 1142 4350 jurisdictionem
1162 4289 1204 4336 hu·

134 4361 186 4410 bat.
218 4361 296 4408 Docet
314 4361 377 4408 enlm
397 4360 539 4407 Plutarchus
556 4359 582 4405 in
600 4359 653 4405 Cat.
686 4357 764 4404 bcbat.

721 4417 802 4484 ast
880 4511 882 4516 Α
