3126 4978
417 189 511 249 LIB.
539 186 684 248 xxxvi
711 187 814 248 CAP.
841 187 943 248 XLII.
1162 197 1218 262 271

156 352 271 456 partis,
287 363 325 420 ut
337 372 403 444 rue
417 351 559 432 victoriae
575 351 681 418 fructu
696 375 730 418 se
742 351 956 436 defraudaret,
968 373 1071 441 quum
1081 351 1299 426 diesem-mc.
1311 371 1383 427 aaut

119 447 140 528 ',
156 455 240 518 asset,
256 439 371 506 milites
384 451 604 506 exauctoratos
618 438 748 506 dimisit.
1228 443 1384 494 Marte·

202 527 299 618 XLl.
321 527 412 592 Dum
427 528 496 592 haec
511 527 544 592 in
560 525 653 592 ltalia
666 537 831 613 geruntur,
844 525 1023 592 Antiochus
1038 525 1159 612 Ephesi
1173 545 1392 594 semuncem„-¹

32 683 37 691 ,
153 635 250 680 curus
264 613 438 678 admodum
452 612 593 678 debello
609 613 757 683 Romano
771 627 850 690 erat,
860 626 1023 700 tamquam
1037 635 1104 678 non
1119 627 1221 680 traus-
1229 611 1324 663 ‘⁰⁶¹⁰-

155 701 247 766 ituria
260 700 294 764 in
310 700 421 766 Asiam
439 694 604 766 Romania.
626 719 721 786 quam
744 698 943 785 securitatem
966 701 995 764 ei
1016 721 1134 788 magna
1189 723 1221 766 re

155 787 332 854 amicorum
347 800 402 852 aut
416 807 473 872 per
486 807 638 864 errorem,
653 798 710 850 eut
723 785 919 851 adsentando
934 785 1080 853 faciebat.
1183 810 1220 853 u·
1329 791 1331 794 ’

155 873 245 938 nibal
268 895 361 951 unua,
380 872 508 938 ²⁴cu‘us
529 895 569 938 eo
591 885 735 957 tempore
756 872 807 936 vel
829 873 989 938 maximaq
1010 873 1098 958 apud
1112 897 1218 963 regem

158 959 330 1031 auctoritas
354 972 432 1038 erat,
491 961 564 1046 ogis
583 959 690 1024 ¹ruituri
712 980 754 1039 ae,
769 959 884 1040 aiebat,
907 960 990 1046 quod
1013 981 1074 1024 non
1089 960 1164 1046 jam
1188 963 1323 1052 cruentae
1352 1039 1358 1050 Ι

155 1047 234 1118 Asia
249 1057 345 1112 esrem
359 1046 608 1131 Romcrmquum
628 1054 764 1112 uenmror
778 1046 931 1111 dubitare.
974 1045 1133 1128 2‘Propius
1147 1039 1379 1130 Quantosne

154 1135 187 1198 in
202 1133 310 1198 Asiam
324 1155 363 1196 err
379 1132 514 1213 Graeciu,
524 1153 618 1218 quom
631 1155 670 1196 ec
683 1133 779 1197 Italic
793 1131 826 1204 in
839 1131 993 1198 &cctam
1004 1132 1167 1219 trajicere:
1190 1147 1221 1200 et

154 1221 248 1284 multo
262 1217 408 1304 mojorem
422 1221 563 1284 caussam
577 1219 768 1303 mucciunt,
784 1240 877 1304 quum
891 1219 1025 1301 AEtolor,
1040 1242 1111 1286 esse.
1127 1243 1222 1307 aeque
1290 1221 1291 1228 '

154 1306 236 1370 enim
250 1307 330 1371 muri
343 1306 447 1385 minua,
464 1327 554 1391 quum
576 1315 668 1382 terre,
680 1305 791 1388 pollere
806 1305 955 1370 Ronrcao
972 1327 1070 1370 arma.
1085 1306 1221 1392 jampri-

153 1395 225 1458 dem
239 1393 363 1458 classem
378 1391 612 1458 oircuMcleam
626 1412 699 1456 esre.
732 1391 933 1469 Audiresere,
950 1413 1151 1474 superuacua
1165 1417 1220 1460 uu·
1341 1456 1343 1464 .

155 1501 208 1545 oea
217 1501 379 1564 novumque
388 1479 600 1562 imperatorem
610 1478 658 1543 rei
664 1480 808 1564 gerendae
818 1498 926 1543 cuusso
937 1479 1085 1544 ecItnlr‘o
1094 1483 1220 1547 emitae.

157 1568 265 1650 ltaque
278 1567 425 1630 malumst
439 1565 604 1632 Antiochus
610 1586 716 1647 pacem
729 1565 787 1629 eibi
800 1565 864 1648 ipse
884 1585 938 1646 spe
951 1585 1033 1630 nonu
1039 1563 1158 1648 facere.
1179 1570 1221 1633 In

154 1653 246 1729 Aac,
262 1662 292 1717 et
305 1655 344 1718 de
356 1653 425 1735 ipsc
440 1652 526 1729 Asta,
542 1653 624 1716 breui
634 1662 715 1716 terro
736 1651 874 1737 marique
893 1651 1094 1718 dimicandum
1107 1655 1139 1740 ¹ei
1153 1676 1221 1718 cnm

154 1740 306 1806 Romanis
326 1754 405 1803 ester
427 1749 457 1802 et
480 1749 536 1804 out
557 1739 712 1821 imperium
738 1739 929 1802 adimendum
950 1739 1050 1802 orbem
1071 1750 1221 1805 terranem

155 1823 390 1908 adfractamibus,
411 1835 465 1890 aut
486 1824 545 1908 ipsi
560 1847 691 1910 regnum
713 1825 922 1890 omittendum.
969 1823 1063 1890 Unus
1089 1849 1164 1892 vera
1187 1838 1221 1896 et

178 1911 334 1990 revidere,
350 1925 381 1978 et
396 1910 532 1977 fideliter
544 1910 721 1996 praedicere
734 1911 828 1976 visus.
850 1911 958 1998 itaque
972 1912 1040 1995 ipsc
1059 1933 1117 1979 rex
1132 1913 1221 1978 usari-

152 1935 224 2078 lue,
247 2021 320 2150 puae
342 2011 463 2084 paratae
488 1998 714 2084 instructaeque
737 2011 839 2075 erant,
863 1997 1096 2088 Chersonesum
1123 2001 1219 2086 petit3

152 2098 191 2156 ut
203 2107 243 2151 ea
265 2107 331 2164 oca,
348 2084 374 2149 ai
388 2083 471 2152 forte
485 2097 571 2150 terra
581 2084 726 2150 venirent
739 2085 887 2162 Romani,
895 2084 1051 2169 prmaidiis
1064 2085 1220 2154 firmaret.

145 2183 292 2238 'ceteram
300 2171 430 2238 classem
444 2170 676 2260 Polyxenidam
708 2193 799 2238 arare
809 2187 841 2237 et
851 2170 1009 2237 deducere
1018 2173 1128 2259 jussit3
1151 2196 1222 2260 spe-
1300 2233 1324 2246 ,,
1364 2167 1381 2248 ,ζ

152 2258 325 2324 colatoriae
339 2281 434 2324 naves
448 2257 490 2324 ad
505 2258 614 2324 omnia
627 2193 825 2346 exploranda
839 2257 925 2324 circa
939 2258 1058 2326 insulas
1072 2260 1216 2326 dimisit„

196 2345 309 2412 XLII.
326 2345 364 2412 C.
381 2344 491 2410 Livius
512 2343 681 2431 praefectus
701 2345 866 2410 'Romanae
891 2346 1008 2424 classis,
1030 2367 1103 2411 cum
1125 2348 1375 2434 quin-cimam

151 2432 306 2584 qpagiuta
325 2433 458 2534 navibus
480 2434 569 2498 tectis
589 2430 758 2534 proiectus,
773 2431 940 2584 ephipi:
958 2431 1139 2518 Neapolim,
1153 2439 1306 2522 quom

151 2541 333 2677 tottii?
346 2539 1220 2693 illidii&llii'lsil‘lmlllillilll

152 2707 393 2780 praetervectus‚
430 2715 508 2757 uum
523 2715 580 2758 sex
598 2691 736 2758 Punicae
758 2714 856 2758 naves
882 2693 924 2757 ad
943 2693 1097 2758 auxilium
1113 2695 1223 2760 missas

152 2780 333 2866 accepisset,
356 2715 580 2868 abthegiuis
607 2779 782 2865 Locrisque
803 2791 836 2844 et
859 2778 1000 2865 ejusdem
1020 2780 1102 2863 juria
1130 2781 1223 2845 sociis

151 2865 276 2932 debitae
290 2867 448 2954 exegisset
468 2888 575 2945 naves,
590 2864 724 2931 lustrata
745 2864 842 2930 classe
863 2863 904 2946 ad
920 2865 1103 2944 Lacinium,
1121 2865 1222 2931 altum

151 2953 243 3038 petit.
287 2953 475 3040 Campam,
498 2952 749 3039 quamprimum
770 2951 909 3016 Greciae
934 2951 1110 3018 civitatium
1133 2951 1222 3034 adiit,

151 3061 256 3127 quum
279 3039 426 3118 venisset,
450 3053 674 3124 percunctatus
694 3040 733 3104 de
754 3048 837 3103 statu
860 3037 946 3115 belli,
963 3039 1112 3190 posadum
1136 3039 1222 3104 euim

152 3127 263 3192 omnia
284 3128 316 3191 in
343 3127 472 3191 Graecia
493 3138 667 3212 perpacata
687 3126 791 3205 erant)
811 3135 843 3189 et
867 3124 923 3190 ubi
948 3125 1056 3190 cassis
1075 3125 1223 3191 Romana

152 3229 245 3291 esset,
270 3225 435 3299 postquam
462 3213 594 3289 audivit,
622 3213 707 3277 circa
732 3210 1023 3298 Thermopylarum
1047 3211 1160 3277 saltum
1187 3213 1223 3278 iu

150 3300 287 3366 statione
309 3298 471 3364 consulem
486 3321 524 3364 ac
546 3321 653 3388 regem
673 3321 751 3378 esse,
767 3298 898 3365 classem
916 3298 1032 3364 Piroeei
1046 3311 1139 3376 stare,
1154 3319 1223 3364 ma-

151 3386 326 3453 turandum
341 3397 429 3451 ratus
449 3385 592 3450 omnium
614 3406 720 3450 rerum
744 3407 863 3464 caussa,
903 3386 984 3472 ergit
1003 3385 1151 3473 protinus
1165 3408 1224 3454 ua·

150 3473 261 3563 vigere
277 3471 543 3557 Peloponnesum.
586 3471 613 3511 ²⁶
625 3473 743 3538 Samen
761 3407 961 3558 Zacyutlum
986 3496 1034 3551 ue,
1050 3473 1127 3559 quie
1148 3495 1222 3560 par-

152 3563 194 3626 tia
209 3559 396 3626 AEtolorum
411 3559 590 3624 maluerant
598 3575 674 3636 ease,
686 3562 831 3645 protinus
842 3495 1066 3644 depopulatus,
1079 3559 1222 3628 Maleam

152 3648 254 3736 petit:
277 3659 319 3726 et,
329 3667 484 3734 prospera
499 3645 701 3734 navigatione
714 3667 800 3738 usus,
812 3646 921 3732 paucis
935 3645 1054 3714 diebus
1064 3647 1222 3715 Piraeeum

513 3807 526 3848 t
542 3811 571 3851 ut
580 3804 691 3852 mima
702 3803 776 3852 Grou.
787 3804 856 3851 cres.

184 3941 216 3982 at
235 3935 311 3999 Cujus
321 3949 347 3983 eo
355 3942 457 3999 tenpore
464 3941 492 3981 ut
503 3921 622 3995 muaiiau]
632 3933 672 3982 Sic
704 3947 732 3980 ex
750 3931 819 3980 italia
830 3933 855 3980 in
867 3933 992 3994 Graeciam,
1005 3948 1075 3995 quam
1088 3949 1116 3982 cr
1131 3935 1223 3982 Gracia

150 4002 243 4049 habeut
258 4001 329 4049 MSS.
344 4006 405 4050 teste
420 4000 549 4048 Grouorio.
583 3999 671 4048 Arsen·
703 3999 831 4046 ludriam.
1045 4049 1047 4056 ‚

150 4068 213 4114 titur
230 4072 311 4114 notter
329 4067 420 4116 Victor.
438 4065 517 4128 Lege:
534 4066 573 4112 cel
590 4067 671 4112 mcci-
737 4068 769 4112 26
784 4065 872 4110 Sumen
883 4063 1086 4126 Zacynthumque,
1099 4065 1221 4125 quiapur-

150 4147 200 4180 Μ.
704 4129 736 4177 tis
747 4130 885 4177 AEtolorum
895 4131 1090 4176 malueroateme
1101 4161 1107 4175 .
1118 4159 1124 4173 .
1135 4161 1142 4175 .
1154 4130 1221 4188 depo-

184 4203 215 4244 25
233 4195 559 4258 Propiurerrer'nArr'cmer
567 4192 673 4259 Graecia]
700 4191 812 4256 palatur]
834 4195 895 4242 Haeo
916 4197 980 4241 tacte
1007 4199 1074 4247 suut,
1094 4202 1222 4254 antequam

148 4265 227 4312 Recte
249 4264 359 4311 obsemt
380 4261 492 4319 Dujatius
510 4265 611 4324 propius
632 4263 671 4309 hle
702 4261 843 4322 Zacynthus
862 4259 957 4306 Achaia
979 4259 1112 4306 traderetur
1129 4270 1144 4303 a
1163 4273 1222 4319 pre·
1291 4315 1298 4331 Ι

148 4329 261 4390 usurpari
271 4342 350 4389 proco
360 4326 422 4385 quod
432 4327 670 4389 eetprcmpttm,jir·
703 4326 766 4372 iecto
777 4325 932 4386 Amynandri.
950 4323 977 4370 ld
990 4322 1120 4384 apparebit,
1133 4324 1153 4370 ri
1164 4337 1222 4371 con·

150 4395 233 4445 cilium
260 4393 327 4441 Num
339 4391 453 4450 trajectus
465 4393 514 4452 ipse
531 4393 624 4440 brevior
634 4397 671 4439 eat
703 4392 763 4440 ierat
773 4396 880 4451 tempora
891 4391 962 4437 hicet
973 4403 994 4438 c.
1005 4394 1046 4436 ³2.
1059 4391 1150 4437 nomia.
