3136 4982
457 205 871 290 nrnxxxvurnnn
891 205 932 264 ιι.
1037 218 1039 224 s
1108 221 1111 230 ·
1173 188 1231 276 rer

169 367 321 439 traditum
341 369 550 454 Amynandro
573 371 630 448 est,
645 381 677 436 et
696 367 799 434 omnis
815 368 1010 436 Athamania
1027 369 1061 446 in
1078 381 1378 456 pretereuntes

97 508 100 517 ,
168 467 247 556 erat,
262 466 379 541 prester
394 457 586 528 Athenaeum
607 455 780 535 entellum,
797 454 915 521 linibus
937 453 1140 522 Macedoniae
1156 449 1270 527 suu*
1283 449 1311 498 ⁰·
1327 455 1380 500 ¹⁸⁹·

179 555 296 610 ectum.

163 563 180 628 J
212 627 261 698 11.
284 625 1081 722 Philippus,suditadefeetioneAthamaniae‚cum
1092 621 1365 716 mil-uum·

165 713 251 786 libus
264 727 460 788 armatorum
475 713 645 802 profectus,
661 715 781 800 ingenti
802 713 961 782 celeritate
976 714 1145 801 Gomphos
1159 709 1356 804 persimili*

166 803 263 868 venit.
286 801 332 866 ibi
354 801 465 868 relicta
488 804 608 889 majore
635 813 727 886 parte
746 801 917 880 exercitus,
941 805 1164 888 (nequeenim
1188 787 1392 889 adffimffl'

167 898 257 958 nnn
291 889 405 954 itinera
431 887 672 970 ³eubfecissent)
701 909 773 954 cum
810 888 935 955 duobus
963 889 1106 956 millibus
1129 890 1231 958 Athe·

166 995 286 1052 neum,
301 975 389 1062 quod
408 997 505 1044 unum
525 1000 545 1041 o
562 973 712 1060 praesidio
731 997 790 1040 suo
811 988 970 1043 retentum
987 974 1098 1055 tuerat,
1119 999 1230 1062 perve-

166 1063 225 1128 nit.
248 1059 332 1140 inde,
360 1061 518 1147 proximis
547 1061 685 1140 tentatis,
712 1083 810 1147 quum
835 1059 926 1128 focile
950 1062 1229 1150 animadvertisset,

164 1161 272 1217 cetere
286 1147 413 1228 hostilia
433 1171 511 1228 esse,
528 1147 694 1231 Gomphos
717 1170 886 1236 regressus.
902 1147 1049 1216 omnibus
1070 1150 1169 1236 copiis
1188 1155 1230 1218 si-

166 1236 234 1302 mul
250 1237 283 1302 in
298 1235 524 1304 Athamaniam
548 1237 649 1302 rediit.
694 1235 857 1300 Zenonem
876 1234 961 1312 inde,
980 1257 1052 1302 oum
1072 1236 1160 1303 mille
1173 1259 1229 1323 pe·
1333 1274 1338 1300 t

162 1319 285 1391 ditibus
307 1322 519 1406 premissum,
534 1321 729 1406 *Ethopiam
753 1343 910 1408 occupare
927 1321 1031 1407 jubet,
1047 1337 1229 1410 opportune
1345 1403 1347 1408 ¹

125 1465 139 1484 r
161 1407 331 1496 ,Argitheae
346 1409 568 1479 inminentem:
592 1427 687 1495 quern
702 1409 755 1484 ubi
772 1410 871 1475 teneri
893 1432 913 1473 a
934 1409 1002 1486 suis¹
1017 1409 1122 1476 locum
1137 1411 1228 1490 vidit,

165 1494 236 1578 ipae
258 1495 344 1563 circa
368 1495 521 1582 templum
545 1495 633 1562 Jovis
657 1496 763 1560 Acrrei
788 1495 897 1580 posuit
920 1507 1033 1560 cestre.
1055 1496 1100 1561 ibi
1126 1519 1227 1574 unum

163 1579 250 1652 diem
264 1581 350 1652 sceda
364 1594 548 1668 tempestate
561 1595 712 1661 retentus,
727 1593 854 1667 postero
875 1582 925 1646 die
944 1579 1061 1658 ducere
1074 1583 1114 1648 ed
1129 1585 1227 1672 Argi-

161 1667 270 1738 thesm
285 1669 429 1742 intendit.
474 1669 635 1742 Euntibus
649 1668 811 1754 extemplo
830 1668 1005 1753 adparwe
1020 1667 1227 1748 Athamanes,
1315 1710 1318 1718 ·

161 1755 198 1820 in
224 1755 363 1822 tumulos
389 1757 577 1822 inminentes
600 1756 659 1822 vioe
684 1755 904 1833 discurrentes.
926 1754 1128 1856 adquorum
1151 1779 1227 1821 con·

162 1853 306 1926 spectum
329 1843 499 1916 constitere
524 1843 627 1930 prime
652 1842 752 1928 signa,
769 1854 900 1942 totoque
924 1863 1051 1929 agmine
1074 1856 1229 1929 paveret
1329 1920 1331 1925 .

163 1927 335 2012 trepidatio
349 1941 435 2000 eret:
458 1943 491 1994 et
514 1951 572 2014 pro
594 1951 627 1996 se
647 1929 788 2015 quisque,
802 1929 954 2014 qmdnnrn
975 1927 1121 1997 futurum
1136 1942 1225 2009 esset,

161 2013 313 2102 cogitem,
330 2016 357 2080 si
378 2017 411 2083 in
432 2015 529 2085 valles
543 2016 699 2104 subjectus
720 2015 853 2100 rupibus
877 2037 991 2104 agmen
1016 2015 1228 2084 foretdemie-

161 2120 242 2174 sum·
288 2101 374 2172 Haeo
395 2103 599 2176 tumultuatio
617 2125 738 2192 negem,
753 2102 945 2188 cupientem,
967 2105 992 2171 si
1008 2125 1041 2175 ee
1059 2117 1372 2190 sequeren-ttepeuttur.
1410 2171 1413 2177 ,

161 2201 225 2266 tut,
241 2189 358 2274 raptim
381 2189 515 2259 eredere
538 2191 710 2278 augustior,
726 2209 874 2256 revocure
896 2190 1027 2274 primos,
1050 2203 1082 2264 et
1103 2189 1226 2271 endem,

159 2297 228 2362 qus
240 2289 379 2354 venerat,
396 2278 446 2346 vis
459 2275 578 2345 referre
591 2277 696 2364 eregit
710 2275 811 2367 sigua.
859 2274 1054 2351 Athamanes
1067 2277 1174 2361 ptlmt)
1186 2301 1227 2354 ex

160 2361 331 2432 intervallo
352 2363 452 2450 quieti
472 2364 701 2449 sequebantur:
723 2374 896 2448 postquem·
917 2361 1021 2438 AEtoli
1042 2383 1077 2429 se
1091 2365 1227 2449 conjun-

159 2460 289 2526 xerunt,
304 2447 373 2528 bos,
390 2463 425 2518 ut
439 2448 481 2514 ab
496 2461 601 2538 tergo·
612 2449 733 2539 sgmiui
748 2447 1142 2534 instarent,‘raliquerunt;
1164 2451 1226 2534 ipsi

159 2535 342 2608 abstritus
355 2551 389 2604 se
402 2535 687 2608 circumfuderunt.
708 2535 850 2623 quidam,
865 2557 922 2621 per
936 2548 1030 2611 notos
1044 2535 1138 2603 colles
1153 2537 1226 2602 bre·

157 2621 248 2694 viere
260 2623 311 2692 via
324 2625 506 2723 ptoegresei„
515 2624 667 2694 transitus
682 2622 843 2691 insedere:
867 2634 1055 2710 tentumque
1069 2623 1225 2693 tumultus

159 2707 394 2782 Mocsdcnrbus
408 2722 455 2780 est
469 2710 629 2797 injectum,
645 2719 682 2780 nt
701 2708 787 2812 lupe
805 2709 907 2794 megin
918 2709 1038 2787 effusm
1054 2731 1150 2796 quam
1172 2711 1225 2777 iti·
1243 2747 1246 2752 -

158 2795 249 2864 neris·
259 2796 398 2868 ordinati
413 2797 521 2874 mode,
544 2797 651 2870 meltis
673 2816 771 2866 nunu
786 2795 860 2862 viris
883 2817 923 2864 ue
936 2795 1065 2874 relictis,
1080 2796 1223 2872 ⁵tiumen

158 2883 348 2970 trajecerint
374 2883 428 2956 bic
449 2884 522 2954 finis
543 2883 693 2970 mouendi
714 2881 784 2949 fuit.
827 2818 910 2950 Inde
935 2894 1006 2948 tuto
1028 2881 1224 2958 Macedones

157 2967 590 3054 GomphtsuetaGomphle
604 2971 636 3037 in
661 2968 886 3052 medonem
904 2969 1076 3039 redierunt.
1120 2966 1224 3038 Athe·

66 3097 72 3108 ·
157 3078 270 3125 manes
284 3055 454 3142 AEtolique
468 3057 555 3128 Fnho
578 3058 654 3140 iam,
668 3056 710 3126 sd
733 3055 895 3131 Zenonem
910 3075 948 3123 sc
962 3055 1050 3120 mille
1070 3054 1223 3122 Macedo-

158 3164 217 3216 nes
239 3140 477 3246 obprimendos,
499 3079 644 3246 undique
661 3155 899 3244 conspurcarunt.
945 3141 1151 3246 Macedones,
1166 3161 1234 3242 pes·

158 3251 230 3298 runs
245 3229 317 3298 loeo
331 3229 413 3311 sretr,
428 3231 469 3299 ab
482 3231 621 3316 Ethopia
634 3253 668 3298 ιιι
682 3229 825 3330 altiorem
834 3228 1115 3332 deruptioremque
1131 3228 1224 3296 undr-
1282 3268 1285 3274 ·

156 3339 222 3404 que
245 3316 403 3388 tumulum
424 3339 618 3385 concessere.
640 3339 706 3471 {po
720 3316 866 3402 plumbus
878 3316 956 3387 lours
978 3315 1066 3388 ndrtu
1082 3327 1222 3394 invento.
1297 3385 1301 3398 k

158 3401 315 3489 expulere
335 3425 389 3471 eos
407 3405 621 3490 Athamanes:
678 3425 874 3490 apertosque,
890 3417 922 3468 et
942 3425 1000 3488 per
1012 3403 1114 3468 invias
1129 3415 1224 3490 atque

158 3489 285 3576 ignotos
303 3511 398 3575 rupes
413 3492 472 3559 iter
491 3490 578 3578 iugae
599 3511 664 3556 non
688 3489 903 3575 expedientes,
919 3491 1036 3574 partim
1057 3502 1223 3573 ceperunt,

159 3576 276 3662 purtim
298 3577 541 3647 interfecerunt:
565 3577 657 3643 multi
671 3598 790 3663 pavore
811 3577 845 3640 in
866 3575 1001 3662 derupta
1022 3576 1223 3664 precipitati,

191 3782 390 3850 usrffeirrent]
411 3785 513 3848 Aliquot
537 3785 605 3836 MSS.
633 3786 675 3832 hs-
708 3792 815 3834 tument.
841 3786 937 3833 lllodius
954 3789 1056 3834 testetur
1072 3787 1097 3832 in
1109 3786 1225 3844 membre·

157 3851 365 3908 bertunense
383 3854 515 3910 Gronovio,
534 3853 676 3916 sufficerent.
709 3853 747 3900 nis
764 3852 813 3903 suia
831 3852 876 3898 sub
892 3851 965 3904 finem
985 3852 1056 3911 hujus
1075 3852 1159 3913 eapitis
1180 3851 1226 3908 legi

156 3915 257 3964 Accedit
273 3920 303 3967 iis
320 3923 403 3966 noster
417 3919 564 3968 Victorinus.
595 3918 676 3978 Atque
706 3915 824 3980 Atopam:
842 3917 910 3978 eujus
931 3918 1034 3965 nominis
1054 3917 1133 3979 plures
1155 3917 1225 3965 urbes

158 3985 183 4035 id
203 3983 296 4031 videtur
313 3986 374 4032 mule
394 3991 512 4034 mutatum
531 3984 561 4031 ab
578 3983 617 4040 iis,
635 3984 676 4044 qui
708 3979 1024 4040 memorantnrnStrnbone,
1032 3983 1046 4027 l.
1056 3980 1103 4027 lXt
1113 3979 1227 4027 Meminit

157 4055 278 4104 nescirent
295 4056 338 4104 has
354 4059 488 4116 temporum
504 4053 530 4098 in
546 4049 624 4097 verbis
635 4064 675 4095 va·
708 4063 802 4114 quoque
813 4047 908 4094 Plinius
917 4049 1004 4109 Alopes
1015 4049 1041 4093 iu
1052 4047 1143 4102 Locris,
1156 4043 1225 4092 tw.

156 4122 272 4176 medones
291 4121 321 4169 ab
338 4120 435 4182 optimis
454 4119 586 4179 quinosque
601 4116 676 4178 serip-
709 4132 729 4163 e.
753 4123 774 4165 7·
811 4115 838 4160 lu
857 4113 1047 4162 metonomice
1069 4111 1226 4156 deformatum

155 4187 249 4242 toribus
261 4182 342 4237 crebro
353 4185 469 4246 usurpari.
707 4189 809 4242 utroque
833 4180 884 4225 loco
902 4179 992 4236 hornen
1015 4175 1132 4224 occurrit:
1148 4175 1226 4236 primo

189 4261 205 4302 4
222 4253 355 4314 Ethopiam
369 4245 494 4314 occupare]
508 4243 621 4298 Similiter
639 4246 677 4293 in·
707 4247 849 4308 Ethirpam
862 4243 917 4290 dein
929 4243 1031 4304 Eopam.

155 4321 193 4368 tra
214 4319 364 4366 Athamanes
389 4317 515 4377 AEtote'que
535 4313 676 4374 Ethopiam.
741 4311 875 4358 5Ftumea
889 4302 1038 4369 trajecerint]
1054 4303 1228 4356 Quodnemstt

153 4386 201 4435 Sed
222 4385 270 4432 hoc
289 4396 378 4430 nomen
400 4381 548 4444 Generaplsis
569 4378 679 4440 incogni-
708 4377 876 4430 llludllumeu‚
888 4374 993 4422 indicare
1009 4371 1121 4422 debuerat
1137 4369 1227 4440 Livius.

198 4468 274 4527 YOL·
291 4466 348 4510 111.
751 4461 770 4504 Z
