3082 4976
431 199 529 259 ΗΒ.
557 178 626 258 xa'
652 175 907 260 cAr.'xx1n.
1142 204 1199 265 ur

134 363 273 429 maxime
298 370 449 441 metuens,
474 385 546 450 quae
575 364 730 428 caniculae
753 377 832 428 ortu
863 359 976 428 similia
1005 361 1350 433 brurnalibusu.c.sn.

134 461 245 514 erant'
256 450 362 515 multis
384 472 441 535 per
463 473 517 513 eos
537 451 603 514 dies
617 449 856 514 difficultatibus
877 447 1086 530 conflictatus,
1102 449 1350 513 undose-1⁸¹·

133 536 256 600 laetiora
268 537 300 600 in
316 539 427 601 castris
442 536 581 600 invenit:
605 537 660 600 ubi
676 558 799 600 summa
813 539 949 622 penuria
964 551 1041 612 erat,
1057 550 1093 600 ut
1108 537 1140 599 ln
1156 557 1206 600 re·

133 623 239 708 gione,
255 645 348 708 quam
366 623 406 686 ab
428 624 515 686 omni
540 635 629 705 parte
649 621 833 686 solitudines
855 623 1049 688 clauderent.
1094 622 1208 708 Itaque

136 731 234 772 unum
252 721 375 773 tantum
391 719 532 772 moratus
547 709 642 784 diem,
659 709 772 794 quietis
791 730 899 773 eorum
917 731 1036 786 caussa,
1053 731 1134 794 quos
1150 705 1207 772 hass

135 795 248 859 buerat
262 801 380 873 secum,
393 796 505 859 itinere
520 794 596 858 inde
608 794 705 856 simili
720 793 805 882 fugae
820 795 852 857 in
865 793 1091 859 Dentheletos*
1105 807 1207 858 trans·
1243 863 1246 874 ,

135 882 243 945 currit.
290 881 375 947 Socii
391 895 496 944 erant:
521 882 573 944 sed
595 895 728 964 propter
748 881 887 965 inopiam
906 881 991 946 haud
1008 903 1096 945 secus
1112 903 1207 966 quarn

134 967 275 1031 hostium
310 967 389 1030 fines
422 967 617 1030 Macedones
647 967 789 1052 populati
822 980 902 1031 sunt.
940 968 1094 1054 rapiendo
1123 969 1208 1030 enirn

136 1054 251 1137 passim
268 1053 356 1117 villas
379 1054 528 1137 primum,
545 1053 618 1117 dein
633 1053 787 1140 quosdam
805 1053 889 1118 vicos
905 1055 999 1116 etiam
1017 1067 1207 1131 evastarunt,

137 1161 201 1204 non
229 1141 297 1204 sine
321 1161 440 1226 magno
465 1139 587 1224 pudore
611 1141 704 1224 regis,
721 1137 818 1226 quum
845 1140 1003 1203 sociorum
1032 1161 1133 1217 voces,
1154 1161 1209 1207 ne·

137 1226 310 1312 quidquam
328 1227 414 1289 Deos
430 1226 559 1288 sociales
578 1247 759 1311 nomenque
779 1247 871 1290 suum
896 1225 1101 1312 inplorantes
1118 1217 1209 1291 audiss
1283 1224 1290 1232 ’

137 1327 195 1376 ret.
242 1312 419 1376 Frumento
435 1311 509 1375 inde
523 1313 658 1392 sublat0‚
674 1313 706 1374 in
723 1311 893 1376 Maedicam
911 1335 1070 1400 regressus
1086 1317 1208 1394 urbem,¹

135 1421 229 1485 quam
251 1398 378 1462 Petram
395 1397 566 1482 adpellant,
583 1399 769 1486 obpugnare
785 1413 830 1461 est
845 1399 985 1464 adortus.
1009 1399 1076 1484 ipse
1091 1422 1108 1462 a
1125 1421 1209 1462 cam-

135 1486 233 1569 pestri
249 1485 337 1549 aditu
353 1498 456 1548 castra
470 1486 585 1569 posuit.
632 1484 782 1549 Perseum
799 1485 899 1548 filium
916 1507 986 1550 cum
1003 1486 1128 1550 modica
1144 1507 1210 1548 ma-

137 1571 419 1650 uu.oIrcumnrisit,
443 1581 479 1634 ut
503 1594 521 1634 a
545 1571 760 1656 superioribus
782 1570 860 1634 Iocis
887 1573 997 1635 urbem
1021 1571 1210 1652 adgredere-

137 1669 200 1722 tur.
239 1657 412 1741 Oppidani,
430 1677 527 1742 quum
546 1671 648 1720 terror
664 1656 804 1742 undique
818 1658 961 1734 instaret,
978 1657 1140 1722 obsidibus
1155 1657 1211 1721 da·

137 1745 189 1819 tis,
208 1743 240 1806 in
264 1744 436 1826 praesentia
457 1741 649 1806 dediderunt
671 1766 746 1806 sese.
770 1742 876 1818 iidem,
899 1743 1066 1830 postquam
1090 1744 1211 1808 exerci·
1292 1737 1298 1746 ’
1366 1807 1370 1815 ,

138 1843 190 1894 tus
210 1830 346 1904 recessit,
364 1830 453 1892 obliti
478 1829 634 1906 obsidum,
653 1828 761 1893 relicta
774 1829 871 1907 urbe,
888 1830 921 1892 in
943 1830 1015 1894 loca
1036 1831 1158 1894 munita
1172 1840 1212 1894 'et
1270 1905 1273 1912 ,

139 1932 264 1979 montes
291 1914 496 2000 refugerunt·
535 1915 712 2000 Philippus,
740 1916 826 1978 omni
857 1937 974 2002 genere
999 1915 1212 1981 laborissine

138 2001 205 2066 ullo
220 2001 333 2065 effectu
348 2001 486 2086 fatigatis
502 2002 665 2078 militibus,
682 2015 713 2065 et
733 2001 844 2066 fraude
866 2003 1011 2086 praetoris
1026 2002 1124 2067 Didae
1139 2025 1212 2067 auc·

140 2089 181 2152 tis
197 2091 228 2150 in
245 2088 345 2152 filium
363 2087 604 2172 suspicionibus,
622 2089 654 2151 in
672 2087 898 2152 Macedoniarn
915 2085 1019 2154 rediit.
1209 2093 1212 2106 ¹

185 2175 317 2239 XXIII.
336 2175 463 2237 Missus
490 2174 542 2236 bic
569 2196 683 2250 comes,
712 2179 760 2257 (ut
786 2189 859 2238 ante
885 2175 1004 2239 dictum
1031 2177 1090 2257 est)
1114 2199 1213 2262 quum

141 2261 376 2345 simplicitatem
395 2261 520 2345 juvenis
537 2259 665 2337 incauti,
683 2273 713 2322 et
729 2261 792 2323 suis
811 2260 896 2324 haud
921 2263 1069 2325 inmerito
1085 2263 1214 2327 succan-⁴

141 2347 249 2426 sentis,
265 2347 460 2411 adsentando
475 2344 738 2432 indignandoque
755 2357 787 2409 et
809 2347 875 2430 ipse
891 2347 989 2410 vicem
1013 2350 1089 2434 ejus,
1106 2361 1214 2433 capta·

141 2447 200 2510 ret,
217 2434 250 2496 in
266 2435 375 2497 omnia
398 2432 481 2496 ultro
502 2453 589 2494 suam
612 2431 759 2495 obferens
779 2453 920 2516 operam,
938 2433 1001 2496 fide
1025 2433 1109 2511 data,
1126 2430 1213 2498 arca·

144 2543 185 2584 na
207 2521 273 2606 ejus
293 2519 409 2584 elicuit.
455 2518 579 2604 Fugam
596 2518 636 2581 ad
654 2518 817 2582 Romanos
832 2519 1016 2583 Demetrius
1039 2521 1214 2585 meditabass

143 2619 206 2670 tur.
229 2605 288 2670 cui·
304 2603 438 2688 consilio
461 2604 589 2689 adjutor
604 2605 714 2669 Derim
739 2604 892 2669 beneficio
910 2605 1034 2670 oblatus
1049 2607 1215 2672 ridebatur
1238 2605 1242 2612 '

143 2692 286 2756 Paeoniae
308 2705 439 2776 praetor,
462 2711 518 2776 per
541 2691 630 2775 cujus
654 2691 848 2774 provinciam
873 2713 959 2776 spem
983 2708 1110 2778 ceperat
1132 2693 1214 2758 elabi

143 2791 215 2844 tuto
235 2801 339 2863 posse.
387 2779 463 2842 Hoc
478 2777 643 2840 consilium
661 2777 821 2862 externplo
836 2791 867 2842 et
888 2776 974 2842 fratri
997 2779 1155 2863 proditur,
1172 2792 1213 2856 et,

141 2877 273 2930 auctore
287 2887 336 2940 eo,
353 2864 512 2928 indicatur
526 2864 621 2947 patri.
668 2863 787 2926 Literae
807 2865 944 2947 primum
961 2865 1000 2927 ad
1017 2865 1214 2930 obsidentem

145 2951 272 3016 Petram
297 2950 410 3014 adlatae
431 2965 513 3014 sunt.
535 2950 611 3013 inde
632 2949 821 3014 Herodorus
837 2951 998 3036 (princeps
1021 2951 1074 3016 hic
1097 2952 1214 3016 arnico-

143 3059 215 3102 rum
232 3036 390 3101 Demetrii
405 3037 486 3118 erat)
503 3037 534 3098 in
548 3035 721 3100 custodiam
736 3051 781 3099 est
797 3038 968 3123 conjectus,
981 3049 1013 3101 et
1030 3037 1360 3105 Demetriusnemetuut

143 3123 377 3189 dissimulanter
399 3122 557 3186 adservari
578 3123 693 3209 jussus.
722 3122 827 3187 *Haec
849 3145 944 3208 super
965 3138 1070 3189 cetera
1091 3125 1213 3189 tristem
1223 3125 1301 3178 utam
1314 3125 1344 3170 *ἅ

143 3211 313 3275 adventurn
336 3210 369 3272 in
387 3209 611 3273 Macedonium
636 3209 702 3296 regi
726 3208 877 3274 fecerunt.
901 3211 1072 3276 movebant
1094 3235 1165 3276 eum
1183 3190 1360 3300 etss‘ssffifffi·

144 3297 313 3380 praesentia
328 3295 481 3359 crimina:
505 3296 732 3379 exspectandos
752 3307 869 3374 tamen,
887 3319 966 3382 quos
981 3299 1020 3361 ed
1043 3297 1214 3383 exploran-

143 3383 187 3447 da
215 3383 322 3446 omnia
350 3383 487 3446 Romam
517 3383 654 3458 miserat,
686 3383 844 3448 censebat.
891 3382 957 3448 His
987 3385 1101 3449 anxius
1131 3385 1215 3450 curis

145 3491 243 3555 quum
258 3469 389 3554 aliquot
410 3489 534 3532 menses
553 3469 674 3555 egisset,
692 3470 819 3532 tandeni
836 3469 942 3556 legati,
954 3472 1020 3559 jam
1037 3484 1110 3535 ante
1131 3493 1214 3556 prae-

145 3555 304 3620 meditatis
324 3559 355 3618 In
373 3553 576 3632 Macedonia,
591 3577 665 3641 quae
687 3555 733 3635 ab,
750 3556 852 3620 Roma
871 3557 1106 3635 renunciarent,
1122 3580 1216 3623 vene·

146 3654 233 3704 runt.
255 3641 320 3724 qui,
347 3661 441 3723 super
467 3653 570 3704 cetera
595 3641 722 3718 scelera,
745 3641 838 3706 falsas
860 3642 955 3706 etiam
981 3643 1098 3722 literas,
1125 3645 1149 3707 si
1196 3667 1217 3709 o

145 3727 325 3792 adulterino
351 3725 391 3792 T.
409 3725 553 3802 Quinctii
580 3728 727 3813 signatas,
756 3727 964 3794 reddiderunt
990 3733 1069 3814 regi.
1112 3666 1217 3796 ⁷⁹Dne·

145 3816 289 3900 precatio
310 3825 379 3879 erat
400 3813 434 3876 iu
459 3811 569 3889 literis,
584 3817 608 3877 si
624 3814 700 3900 quid
724 3814 917 3893 adolescens,
931 3815 1106 3902 cupiditate
1127 3818 1218 3905 regni

422 3969 434 3998 ⁶
445 3966 601 4016 Dentheletos
612 3969 686 4016 Grau.
699 3968 860 4015 Dentheletos
872 3968 939 4014 Crer.

182 4125 212 4168 79
230 4119 376 4179 Deprecatio
394 4129 446 4168 erat
466 4124 492 4168 tn
512 4117 615 4184 titteris]
639 4122 669 4169 ln
701 4121 741 4168 do.
773 4117 935 4180 Apposuimus
963 4119 1141 4166 distinctionem
1167 4135 1220 4180 qua

145 4185 177 4230 iis
197 4185 284 4230 litterb
302 4187 442 4245 precabatur
456 4187 486 4232 Τ.
499 4187 615 4237 Quintius
634 4201 668 4232 re·
702 4186 781 4231 finiret
801 4199 895 4231 sensum
915 4191 971 4244 post
991 4185 1041 4230 Irae
1058 4185 1128 4231 rerba
1143 4200 1222 4232 recum

145 4263 210 4310 geru,
231 4253 259 4294 ut
275 4249 406 4306 ignosceret
423 4253 556 4309 Demetri0,
574 4251 593 4297 si
612 4253 669 4312 quid
701 4253 803 4312 egisset:
823 4249 878 4308 qula
895 4249 963 4308 nobit
983 4249 1109 4298 hoc'modo
1124 4251 1223 4297 concin-

146 4315 283 4362 edolesrens
306 4317 435 4376 cupiditate
455 4319 522 4378 regni
545 4318 668 4378 prolapsus
701 4317 754 4364 nior
766 4313 903 4362 toreoratlu
915 4314 1046 4362 ridebatur.
1207 4319 1211 4326 “

144 4393 225 4427 aecum
237 4381 324 4444 egisset
335 4381 363 4428 de
377 4395 449 4444 reguo
465 4383 521 4431 olim
537 4382 669 4445 adipiscen-
