<?xml version="1.0" encoding="UTF-8"?>
<!DOCTYPE html PUBLIC "-//W3C//DTD XHTML 1.0 Transitional//EN"
    "http://www.w3.org/TR/xhtml1/DTD/xhtml1-transitional.dtd">
<html xmlns="http://www.w3.org/1999/xhtml" xml:lang="en" lang="en">
 <head>
  <title>
</title>
<meta http-equiv="Content-Type" content="text/html;charset=utf-8" />
  <meta name='ocr-system' content='tesseract 3.04.00' />
  <meta name='ocr-capabilities' content='ocr_page ocr_carea ocr_par ocr_line ocrx_word'/>
</head>
<body>
  <div class='ocr_page' id='page_1' title='image "./tliviipatavinih04crevgoog_0108.png"; bbox 0 0 3104 4976; ppageno 0'>
   <div class='ocr_carea' id='block_1_1' title="bbox 290 174 1204 258">
    <p class='ocr_par' dir='ltr' id='par_1_1' title="bbox 290 174 1204 258">
     <span class='ocr_line' id='line_1_1' title="bbox 290 174 1204 258; baseline 0.01 -23"><span class='ocrx_word' id='word_1_1' title='bbox 290 253 293 258; x_wconf 25' lang='grc' dir='ltr'>Ι</span> <span class='ocrx_word' id='word_1_2' title='bbox 423 175 519 236; x_wconf 86' lang='lat' dir='ltr'>LIB.</span> <span class='ocrx_word' id='word_1_3' title='bbox 537 174 689 237; x_wconf 87' lang='lat' dir='ltr'>XXXIII.</span> <span class='ocrx_word' id='word_1_4' title='bbox 716 177 824 238; x_wconf 83' lang='lat' dir='ltr'><strong>CAP.</strong></span> <span class='ocrx_word' id='word_1_5' title='bbox 841 177 927 239; x_wconf 86' lang='lat' dir='ltr'>XVI.</span> <span class='ocrx_word' id='word_1_6' title='bbox 1150 187 1204 244; x_wconf 88' lang='lat'><strong>101</strong></span> 
     </span>
    </p>
   </div>
   <div class='ocr_carea' id='block_1_2' title="bbox 135 323 1357 3450">
    <p class='ocr_par' dir='ltr' id='par_1_2' title="bbox 135 323 1357 1552">
     <span class='ocr_line' id='line_1_2' title="bbox 140 323 1350 428; baseline 0.007 -30"><span class='ocrx_word' id='word_1_7' title='bbox 140 331 310 401; x_wconf 72' lang='lat' dir='ltr'><strong>ansteum</strong></span> <span class='ocrx_word' id='word_1_8' title='bbox 336 337 464 426; x_wconf 84' lang='lat' dir='ltr'><strong>agmine</strong></span> <span class='ocrx_word' id='word_1_9' title='bbox 486 339 607 427; x_wconf 73' lang='lat' dir='ltr'><strong>duplici</strong></span> <span class='ocrx_word' id='word_1_10' title='bbox 632 341 783 428; x_wconf 89' lang='lat' dir='ltr'><strong>sequitur.</strong></span> <span class='ocrx_word' id='word_1_11' title='bbox 820 341 915 408; x_wconf 87' lang='lat' dir='ltr'><strong>Parte</strong></span> <span class='ocrx_word' id='word_1_12' title='bbox 934 363 999 408; x_wconf 90' lang='lat' dir='ltr'><strong>una</strong></span> <span class='ocrx_word' id='word_1_13' title='bbox 1020 323 1204 410; x_wconf 82' lang='lat' dir='ltr'><strong>mercenarii</strong></span> <span class='ocrx_word' id='word_1_14' title='bbox 1213 357 1245 406; x_wconf 78' lang='lat' dir='ltr'><strong>tt.</strong></span> <span class='ocrx_word' id='word_1_15' title='bbox 1257 355 1284 405; x_wconf 90' lang='lat' dir='ltr'><strong>c.</strong></span> <span class='ocrx_word' id='word_1_16' title='bbox 1294 361 1350 406; x_wconf 87' lang='lat' dir='ltr'><strong>sss.</strong></span> 
     </span>
     <span class='ocr_line' id='line_1_3' title="bbox 141 419 1357 514; baseline 0.012 -31"><span class='ocrx_word' id='word_1_17' title='bbox 141 419 259 486; x_wconf 80' lang='lat' dir='ltr'><strong>milites</strong></span> <span class='ocrx_word' id='word_1_18' title='bbox 273 422 366 489; x_wconf 83' lang='lat' dir='ltr'>ibant</span> <span class='ocrx_word' id='word_1_19' title='bbox 380 447 454 492; x_wconf 89' lang='lat' dir='ltr'><strong>cum</strong></span> <span class='ocrx_word' id='word_1_20' title='bbox 469 426 530 492; x_wconf 86' lang='lat' dir='ltr'><strong>levi</strong></span> <span class='ocrx_word' id='word_1_21' title='bbox 544 439 716 510; x_wconf 87' lang='lat' dir='ltr'><strong>armatura,</strong></span> <span class='ocrx_word' id='word_1_22' title='bbox 730 427 863 494; x_wconf 71' lang='lat' dir='ltr'><strong>⁸⁸altera</strong></span> <span class='ocrx_word' id='word_1_23' title='bbox 882 429 1017 514; x_wconf 75' lang='lat' dir='ltr'><strong>clipeati,</strong></span> <span class='ocrx_word' id='word_1_24' title='bbox 1033 429 1106 494; x_wconf 89' lang='lat' dir='ltr'><strong>dein</strong></span> <span class='ocrx_word' id='word_1_25' title='bbox 1128 423 1243 497; x_wconf 69' lang='lat' dir='ltr'><strong>alia-⁴·</strong></span> <span class='ocrx_word' id='word_1_26' title='bbox 1256 423 1284 470; x_wconf 78' lang='lat'><strong>⁰·</strong></span> <span class='ocrx_word' id='word_1_27' title='bbox 1296 425 1357 472; x_wconf 58' lang='lat'><strong>¹⁹⁷¹*</strong></span> 
     </span>
     <span class='ocr_line' id='line_1_4' title="bbox 144 511 1207 600; baseline 0.016 -33"><span class='ocrx_word' id='word_1_28' title='bbox 144 525 220 570; x_wconf 90' lang='lat' dir='ltr'><strong>rum</strong></span> <span class='ocrx_word' id='word_1_29' title='bbox 273 511 377 575; x_wconf 88' lang='lat' dir='ltr'><strong>ntium</strong></span> <span class='ocrx_word' id='word_1_30' title='bbox 399 514 555 580; x_wconf 87' lang='lat' dir='ltr'><strong>exercitus</strong></span> <span class='ocrx_word' id='word_1_31' title='bbox 576 513 674 580; x_wconf 77' lang='lat' dir='ltr'><strong>robu‘r</strong></span> <span class='ocrx_word' id='word_1_32' title='bbox 694 527 771 580; x_wconf 87' lang='lat' dir='ltr'><strong>erat.</strong></span> <span class='ocrx_word' id='word_1_33' title='bbox 815 515 888 580; x_wconf 82' lang='lat' dir='ltr'><strong>Iam</strong></span> <span class='ocrx_word' id='word_1_34' title='bbox 907 515 993 581; x_wconf 91' lang='lat' dir='ltr'><strong>haud</strong></span> <span class='ocrx_word' id='word_1_35' title='bbox 1013 515 1125 600; x_wconf 91' lang='lat' dir='ltr'><strong>procul</strong></span> <span class='ocrx_word' id='word_1_36' title='bbox 1139 539 1207 584; x_wconf 84' lang='lat' dir='ltr'><strong>cee-</strong></span> 
     </span>
     <span class='ocr_line' id='line_1_5' title="bbox 145 531 1273 688; baseline 0.011 -30"><span class='ocrx_word' id='word_1_37' title='bbox 145 593 205 658; x_wconf 84' lang='lat' dir='ltr'><strong>tris</strong></span> <span class='ocrx_word' id='word_1_38' title='bbox 224 531 356 662; x_wconf 43' lang='lat' dir='ltr'><strong>dferam</strong></span> <span class='ocrx_word' id='word_1_39' title='bbox 377 599 498 684; x_wconf 87' lang='lat' dir='ltr'><strong>pedites</strong></span> <span class='ocrx_word' id='word_1_40' title='bbox 521 601 713 688; x_wconf 81' lang='lat' dir='ltr'><strong>equitesque,</strong></span> <span class='ocrx_word' id='word_1_41' title='bbox 728 613 760 666; x_wconf 93' lang='lat' dir='ltr'><strong>et</strong></span> <span class='ocrx_word' id='word_1_42' title='bbox 774 599 937 666; x_wconf 88' lang='lat' dir='ltr'><strong>Thracum</strong></span> <span class='ocrx_word' id='word_1_43' title='bbox 959 602 1087 688; x_wconf 88' lang='lat' dir='ltr'><strong>quidam</strong></span> <span class='ocrx_word' id='word_1_44' title='bbox 1101 603 1136 667; x_wconf 88' lang='lat' dir='ltr'><strong>iu</strong></span> <span class='ocrx_word' id='word_1_45' title='bbox 1151 627 1206 669; x_wconf 86' lang='lat' dir='ltr'><strong>va·</strong></span> <span class='ocrx_word' id='word_1_46' title='bbox 1266 649 1273 659; x_wconf 89' lang='lat'><em>-</em></span> 
     </span>
     <span class='ocr_line' id='line_1_6' title="bbox 144 681 1207 788; baseline 0.012 -45"><span class='ocrx_word' id='word_1_47' title='bbox 144 701 204 766; x_wconf 82' lang='lat' dir='ltr'><strong>gos</strong></span> <span class='ocrx_word' id='word_1_48' title='bbox 223 681 410 771; x_wconf 82' lang='lat' dir='ltr'><strong>palatosque</strong></span> <span class='ocrx_word' id='word_1_49' title='bbox 425 707 485 771; x_wconf 88' lang='lat' dir='ltr'><strong>per</strong></span> <span class='ocrx_word' id='word_1_50' title='bbox 505 707 598 772; x_wconf 79' lang='lat' dir='ltr'><strong>agros</strong></span> <span class='ocrx_word' id='word_1_51' title='bbox 620 687 725 752; x_wconf 86' lang='lat' dir='ltr'><strong>hostes</strong></span> <span class='ocrx_word' id='word_1_52' title='bbox 738 687 917 788; x_wconf 59' lang='lat' dir='ltr'><strong>“inpetum</strong></span> <span class='ocrx_word' id='word_1_53' title='bbox 940 687 1091 768; x_wconf 82' lang='lat' dir='ltr'><strong>lecerunt,</strong></span> <span class='ocrx_word' id='word_1_54' title='bbox 1107 711 1207 776; x_wconf 88' lang='lat' dir='ltr'><strong>quum</strong></span> 
     </span>
     <span class='ocr_line' id='line_1_7' title="bbox 142 771 1208 862; baseline 0.01 -32"><span class='ocrx_word' id='word_1_55' title='bbox 142 787 258 852; x_wconf 89' lang='lat' dir='ltr'><strong>repens</strong></span> <span class='ocrx_word' id='word_1_56' title='bbox 272 782 376 834; x_wconf 87' lang='lat' dir='ltr'><strong>terror</strong></span> <span class='ocrx_word' id='word_1_57' title='bbox 397 773 507 838; x_wconf 87' lang='lat' dir='ltr'><strong>castris</strong></span> <span class='ocrx_word' id='word_1_58' title='bbox 530 771 672 838; x_wconf 80' lang='lat' dir='ltr'><strong>infertur.</strong></span> <span class='ocrx_word' id='word_1_59' title='bbox 716 773 893 860; x_wconf 87' lang='lat' dir='ltr'><strong>Treprdare</strong></span> <span class='ocrx_word' id='word_1_60' title='bbox 914 776 991 856; x_wconf 85' lang='lat' dir='ltr'><strong>dux,</strong></span> <span class='ocrx_word' id='word_1_61' title='bbox 1008 788 1043 840; x_wconf 93' lang='lat' dir='ltr'><strong>ut</strong></span> <span class='ocrx_word' id='word_1_62' title='bbox 1064 777 1118 862; x_wconf 93' lang='lat' dir='ltr'><strong>qui</strong></span> <span class='ocrx_word' id='word_1_63' title='bbox 1134 778 1208 842; x_wconf 88' lang='lat' dir='ltr'><strong>hos·</strong></span> 
     </span>
     <span class='ocr_line' id='line_1_8' title="bbox 141 859 1206 948; baseline 0.011 -32"><span class='ocrx_word' id='word_1_64' title='bbox 141 863 188 917; x_wconf 82' lang='lat' dir='ltr'><strong>tes</strong></span> <span class='ocrx_word' id='word_1_65' title='bbox 217 875 389 943; x_wconf 79' lang='lat' dir='ltr'><strong>nusquam,</strong></span> <span class='ocrx_word' id='word_1_66' title='bbox 416 859 476 922; x_wconf 92' lang='lat' dir='ltr'><strong>nisi</strong></span> <span class='ocrx_word' id='word_1_67' title='bbox 500 880 574 923; x_wconf 89' lang='lat' dir='ltr'><strong>raro</strong></span> <span class='ocrx_word' id='word_1_68' title='bbox 602 859 636 923; x_wconf 92' lang='lat' dir='ltr'><strong>in</strong></span> <span class='ocrx_word' id='word_1_69' title='bbox 665 859 797 926; x_wconf 89' lang='lat' dir='ltr'><strong>collibus</strong></span> <span class='ocrx_word' id='word_1_70' title='bbox 833 873 906 926; x_wconf 87' lang='lat' dir='ltr'><strong>ante</strong></span> <span class='ocrx_word' id='word_1_71' title='bbox 934 861 1112 948; x_wconf 85' lang='lat' dir='ltr'><strong>Sicyonem,</strong></span> <span class='ocrx_word' id='word_1_72' title='bbox 1139 883 1206 928; x_wconf 91' lang='lat' dir='ltr'><strong>nou</strong></span> 
     </span>
     <span class='ocr_line' id='line_1_9' title="bbox 141 939 1206 1033; baseline 0.009 -29"><span class='ocrx_word' id='word_1_73' title='bbox 141 939 296 1006; x_wconf 85' lang='lat' dir='ltr'><strong>audentes</strong></span> <span class='ocrx_word' id='word_1_74' title='bbox 326 967 440 1033; x_wconf 81' lang='lat' dir='ltr'><strong>agmen</strong></span> <span class='ocrx_word' id='word_1_75' title='bbox 468 945 631 1011; x_wconf 85' lang='lat' dir='ltr'><strong>demittere</strong></span> <span class='ocrx_word' id='word_1_76' title='bbox 654 948 688 1010; x_wconf 89' lang='lat' dir='ltr'><strong>in</strong></span> <span class='ocrx_word' id='word_1_77' title='bbox 710 967 849 1032; x_wconf 89' lang='lat' dir='ltr'><strong>campos,</strong></span> <span class='ocrx_word' id='word_1_78' title='bbox 875 947 1001 1012; x_wconf 90' lang='lat' dir='ltr'><strong>vidisset</strong></span> <span class='ocrx_word' id='word_1_79' title='bbox 1008 971 1018 1023; x_wconf 83' lang='lat'><em>3</em></span> <span class='ocrx_word' id='word_1_80' title='bbox 1040 947 1081 1011; x_wconf 92' lang='lat' dir='ltr'><strong>ad</strong></span> <span class='ocrx_word' id='word_1_81' title='bbox 1112 947 1206 1014; x_wconf 90' lang='lat' dir='ltr'><strong>Cleo-</strong></span> 
     </span>
     <span class='ocr_line' id='line_1_10' title="bbox 143 1028 1207 1118; baseline 0.01 -29"><span class='ocrx_word' id='word_1_82' title='bbox 143 1048 199 1090; x_wconf 89' lang='lat' dir='ltr'><strong>nas</strong></span> <span class='ocrx_word' id='word_1_83' title='bbox 214 1028 346 1114; x_wconf 88' lang='lat' dir='ltr'><strong>quidem</strong></span> <span class='ocrx_word' id='word_1_84' title='bbox 360 1053 540 1096; x_wconf 85' lang='lat' dir='ltr'><strong>accessuros</strong></span> <span class='ocrx_word' id='word_1_85' title='bbox 564 1053 734 1118; x_wconf 90' lang='lat' dir='ltr'><strong>numquam</strong></span> <span class='ocrx_word' id='word_1_86' title='bbox 755 1031 948 1111; x_wconf 85' lang='lat' dir='ltr'><strong>credidisset,</strong></span> <span class='ocrx_word' id='word_1_87' title='bbox 972 1034 1114 1099; x_wconf 89' lang='lat' dir='ltr'><strong>revocari</strong></span> <span class='ocrx_word' id='word_1_88' title='bbox 1128 1035 1207 1100; x_wconf 85' lang='lat' dir='ltr'><strong>tube</strong></span> 
     </span>
     <span class='ocr_line' id='line_1_11' title="bbox 136 1113 1206 1218; baseline 0.008 -41"><span class='ocrx_word' id='word_1_89' title='bbox 136 1113 230 1197; x_wconf 86' lang='lat' dir='ltr'><strong>jubet</strong></span> <span class='ocrx_word' id='word_1_90' title='bbox 251 1137 348 1218; x_wconf 73' lang='lat' dir='ltr'><strong>vagos</strong></span> <span class='ocrx_word' id='word_1_91' title='bbox 370 1141 390 1182; x_wconf 88' lang='lat' dir='ltr'><strong>a</strong></span> <span class='ocrx_word' id='word_1_92' title='bbox 409 1118 521 1182; x_wconf 90' lang='lat' dir='ltr'><strong>castris</strong></span> <span class='ocrx_word' id='word_1_93' title='bbox 545 1117 694 1204; x_wconf 84' lang='lat' dir='ltr'><strong>dilapsos.</strong></span> <span class='ocrx_word' id='word_1_94' title='bbox 740 1119 823 1204; x_wconf 89' lang='lat' dir='ltr'><strong>Ipse,</strong></span> <span class='ocrx_word' id='word_1_95' title='bbox 838 1119 954 1204; x_wconf 88' lang='lat' dir='ltr'><strong>raptim</strong></span> <span class='ocrx_word' id='word_1_96' title='bbox 978 1141 1093 1205; x_wconf 88' lang='lat' dir='ltr'><strong>capere</strong></span> <span class='ocrx_word' id='word_1_97' title='bbox 1116 1141 1206 1186; x_wconf 89' lang='lat' dir='ltr'><strong>arma</strong></span> 
     </span>
     <span class='ocr_line' id='line_1_12' title="bbox 135 1199 1206 1294; baseline 0.01 -31"><span class='ocrx_word' id='word_1_98' title='bbox 135 1199 235 1284; x_wconf 80' lang='lat' dir='ltr'><strong>jussis</strong></span> <span class='ocrx_word' id='word_1_99' title='bbox 265 1203 428 1282; x_wconf 88' lang='lat' dir='ltr'><strong>rurlitibus,</strong></span> <span class='ocrx_word' id='word_1_100' title='bbox 458 1203 650 1292; x_wconf 85' lang='lat' dir='ltr'><strong>iufrequenti</strong></span> <span class='ocrx_word' id='word_1_101' title='bbox 677 1205 804 1292; x_wconf 82' lang='lat' dir='ltr'><strong>agmine</strong></span> <span class='ocrx_word' id='word_1_102' title='bbox 827 1220 922 1291; x_wconf 86' lang='lat' dir='ltr'><strong>porta</strong></span> <span class='ocrx_word' id='word_1_103' title='bbox 945 1229 1100 1294; x_wconf 83' lang='lat' dir='ltr'><strong>egressus,</strong></span> <span class='ocrx_word' id='word_1_104' title='bbox 1118 1205 1206 1273; x_wconf 84' lang='lat' dir='ltr'><strong>⁷⁰su·</strong></span> 
     </span>
     <span class='ocr_line' id='line_1_13' title="bbox 141 1287 1206 1382; baseline 0.008 -33"><span class='ocrx_word' id='word_1_105' title='bbox 141 1307 200 1369; x_wconf 91' lang='lat' dir='ltr'><strong>per</strong></span> <span class='ocrx_word' id='word_1_106' title='bbox 228 1287 351 1354; x_wconf 85' lang='lat' dir='ltr'><strong>Ilumen</strong></span> <span class='ocrx_word' id='word_1_107' title='bbox 379 1290 507 1356; x_wconf 87' lang='lat' dir='ltr'><strong>instruit</strong></span> <span class='ocrx_word' id='word_1_108' title='bbox 534 1291 646 1356; x_wconf 89' lang='lat' dir='ltr'><strong>aciem.</strong></span> <span class='ocrx_word' id='word_1_109' title='bbox 701 1291 826 1356; x_wconf 76' lang='lat' dir='ltr'><strong>Ceterae</strong></span> <span class='ocrx_word' id='word_1_110' title='bbox 855 1293 969 1378; x_wconf 88' lang='lat' dir='ltr'><strong>copiae,</strong></span> <span class='ocrx_word' id='word_1_111' title='bbox 995 1294 1051 1358; x_wconf 87' lang='lat' dir='ltr'><strong>vix</strong></span> <span class='ocrx_word' id='word_1_112' title='bbox 1079 1293 1206 1382; x_wconf 84' lang='lat' dir='ltr'><strong>conlegi</strong></span> 
     </span>
     <span class='ocr_line' id='line_1_14' title="bbox 142 1375 1205 1465; baseline 0.009 -29"><span class='ocrx_word' id='word_1_113' title='bbox 142 1385 242 1459; x_wconf 86' lang='lat' dir='ltr'><strong>atque</strong></span> <span class='ocrx_word' id='word_1_114' title='bbox 264 1375 378 1440; x_wconf 89' lang='lat' dir='ltr'><strong>instrui</strong></span> <span class='ocrx_word' id='word_1_115' title='bbox 403 1399 501 1464; x_wconf 93' lang='lat' dir='ltr'><strong>quum</strong></span> <span class='ocrx_word' id='word_1_116' title='bbox 525 1379 710 1462; x_wconf 86' lang='lat' dir='ltr'><strong>potuissent,</strong></span> <span class='ocrx_word' id='word_1_117' title='bbox 734 1377 874 1462; x_wconf 86' lang='lat' dir='ltr'><strong>primum</strong></span> <span class='ocrx_word' id='word_1_118' title='bbox 905 1379 1039 1444; x_wconf 86' lang='lat' dir='ltr'><strong>hortium</strong></span> <span class='ocrx_word' id='word_1_119' title='bbox 1061 1381 1205 1465; x_wconf 89' lang='lat' dir='ltr'><strong>inpetum</strong></span> 
     </span>
     <span class='ocr_line' id='line_1_15' title="bbox 140 1459 1206 1552; baseline 0.008 -30"><span class='ocrx_word' id='word_1_120' title='bbox 140 1479 208 1522; x_wconf 90' lang='lat' dir='ltr'><strong>uon</strong></span> <span class='ocrx_word' id='word_1_121' title='bbox 231 1459 384 1528; x_wconf 89' lang='lat' dir='ltr'><strong>tulerunt.</strong></span> <span class='ocrx_word' id='word_1_122' title='bbox 429 1463 624 1529; x_wconf 84' lang='lat' dir='ltr'><strong>Macedones</strong></span> <span class='ocrx_word' id='word_1_123' title='bbox 648 1475 680 1528; x_wconf 92' lang='lat' dir='ltr'><strong>et</strong></span> <span class='ocrx_word' id='word_1_124' title='bbox 705 1463 842 1528; x_wconf 86' lang='lat' dir='ltr'><strong>maxime</strong></span> <span class='ocrx_word' id='word_1_125' title='bbox 862 1464 1005 1529; x_wconf 90' lang='lat' dir='ltr'><strong>omnium</strong></span> <span class='ocrx_word' id='word_1_126' title='bbox 1026 1465 1206 1552; x_wconf 85' lang='lat' dir='ltr'><strong>frequentes</strong></span> 
     </span>
    </p>

    <p class='ocr_par' dir='ltr' id='par_1_3' title="bbox 137 1546 1296 3018">
     <span class='ocr_line' id='line_1_16' title="bbox 141 1546 1204 1636; baseline 0.008 -27"><span class='ocrx_word' id='word_1_127' title='bbox 141 1546 182 1609; x_wconf 89' lang='lat' dir='ltr'><strong>ad</strong></span> <span class='ocrx_word' id='word_1_128' title='bbox 197 1546 291 1634; x_wconf 81' lang='lat' dir='ltr'><strong>signa</strong></span> <span class='ocrx_word' id='word_1_129' title='bbox 304 1547 439 1627; x_wconf 88' lang='lat' dir='ltr'><strong>fueraut,</strong></span> <span class='ocrx_word' id='word_1_130' title='bbox 455 1562 487 1615; x_wconf 88' lang='lat' dir='ltr'><strong>et</strong></span> <span class='ocrx_word' id='word_1_131' title='bbox 506 1549 562 1614; x_wconf 91' lang='lat' dir='ltr'><strong>diu</strong></span> <span class='ocrx_word' id='word_1_132' title='bbox 585 1550 755 1634; x_wconf 86' lang='lat' dir='ltr'><strong>ancipitem</strong></span> <span class='ocrx_word' id='word_1_133' title='bbox 772 1549 915 1615; x_wconf 84' lang='lat' dir='ltr'><strong>victoriae</strong></span> <span class='ocrx_word' id='word_1_134' title='bbox 936 1573 1025 1636; x_wconf 90' lang='lat' dir='ltr'><strong>spem</strong></span> <span class='ocrx_word' id='word_1_135' title='bbox 1043 1551 1204 1618; x_wconf 81' lang='lat' dir='ltr'><strong>fecerunt:</strong></span> 
     </span>
     <span class='ocr_line' id='line_1_17' title="bbox 138 1633 1206 1726; baseline 0.004 -29"><span class='ocrx_word' id='word_1_136' title='bbox 138 1645 306 1718; x_wconf 88' lang='lat' dir='ltr'><strong>postremo</strong></span> <span class='ocrx_word' id='word_1_137' title='bbox 319 1633 395 1724; x_wconf 81' lang='lat' dir='ltr'><strong>luga</strong></span> <span class='ocrx_word' id='word_1_138' title='bbox 409 1647 588 1701; x_wconf 91' lang='lat' dir='ltr'><strong>ceterorum</strong></span> <span class='ocrx_word' id='word_1_139' title='bbox 603 1635 725 1714; x_wconf 89' lang='lat' dir='ltr'><strong>nudati,</strong></span> <span class='ocrx_word' id='word_1_140' title='bbox 742 1657 840 1720; x_wconf 90' lang='lat' dir='ltr'><strong>quum</strong></span> <span class='ocrx_word' id='word_1_141' title='bbox 863 1636 937 1701; x_wconf 83' lang='lat' dir='ltr'><strong>duae</strong></span> <span class='ocrx_word' id='word_1_142' title='bbox 951 1639 1020 1726; x_wconf 89' lang='lat' dir='ltr'><strong>jam</strong></span> <span class='ocrx_word' id='word_1_143' title='bbox 1035 1637 1116 1702; x_wconf 87' lang='lat' dir='ltr'><strong>scies</strong></span> <span class='ocrx_word' id='word_1_144' title='bbox 1131 1637 1206 1701; x_wconf 90' lang='lat' dir='ltr'><strong>hos·</strong></span> 
     </span>
     <span class='ocr_line' id='line_1_18' title="bbox 144 1719 1206 1808; baseline 0.002 -25"><span class='ocrx_word' id='word_1_145' title='bbox 144 1719 224 1785; x_wconf 83' lang='lat' dir='ltr'><strong>rium</strong></span> <span class='ocrx_word' id='word_1_146' title='bbox 239 1742 282 1785; x_wconf 83' lang='lat' dir='ltr'><strong>ex</strong></span> <span class='ocrx_word' id='word_1_147' title='bbox 303 1720 441 1802; x_wconf 78' lang='lat' dir='ltr'><strong>diuerso,</strong></span> <span class='ocrx_word' id='word_1_148' title='bbox 455 1722 532 1787; x_wconf 85' lang='lat' dir='ltr'><strong>levis</strong></span> <span class='ocrx_word' id='word_1_149' title='bbox 553 1735 715 1787; x_wconf 86' lang='lat' dir='ltr'><strong>armatura</strong></span> <span class='ocrx_word' id='word_1_150' title='bbox 736 1725 776 1786; x_wconf 90' lang='lat' dir='ltr'><strong>ab</strong></span> <span class='ocrx_word' id='word_1_151' title='bbox 798 1721 905 1800; x_wconf 89' lang='lat' dir='ltr'><strong>latere,</strong></span> <span class='ocrx_word' id='word_1_152' title='bbox 921 1722 1047 1808; x_wconf 83' lang='lat' dir='ltr'><strong>clipeati</strong></span> <span class='ocrx_word' id='word_1_153' title='bbox 1068 1723 1206 1787; x_wconf 74' lang='lat' dir='ltr'><strong>caetrati-</strong></span> 
     </span>
     <span class='ocr_line' id='line_1_19' title="bbox 141 1805 1206 1897; baseline 0.004 -27"><span class='ocrx_word' id='word_1_154' title='bbox 141 1828 204 1890; x_wconf 89' lang='lat' dir='ltr'><strong>que</strong></span> <span class='ocrx_word' id='word_1_155' title='bbox 218 1829 238 1870; x_wconf 91' lang='lat' dir='ltr'><strong>a</strong></span> <span class='ocrx_word' id='word_1_156' title='bbox 252 1805 359 1874; x_wconf 88' lang='lat' dir='ltr'><strong>fronte</strong></span> <span class='ocrx_word' id='word_1_157' title='bbox 374 1821 564 1897; x_wconf 80' lang='lat' dir='ltr'><strong>arguerent3</strong></span> <span class='ocrx_word' id='word_1_158' title='bbox 586 1822 618 1874; x_wconf 93' lang='lat' dir='ltr'><strong>et</strong></span> <span class='ocrx_word' id='word_1_159' title='bbox 633 1808 702 1894; x_wconf 91' lang='lat' dir='ltr'><strong>ipsi,</strong></span> <span class='ocrx_word' id='word_1_160' title='bbox 719 1829 755 1872; x_wconf 91' lang='lat' dir='ltr'><strong>re</strong></span> <span class='ocrx_word' id='word_1_161' title='bbox 768 1808 929 1885; x_wconf 89' lang='lat' dir='ltr'><strong>inclinata,</strong></span> <span class='ocrx_word' id='word_1_162' title='bbox 944 1810 1049 1896; x_wconf 88' lang='lat' dir='ltr'><strong>primo</strong></span> <span class='ocrx_word' id='word_1_163' title='bbox 1068 1807 1206 1874; x_wconf 81' lang='lat' dir='ltr'><strong>retulere</strong></span> 
     </span>
     <span class='ocr_line' id='line_1_20' title="bbox 141 1892 1207 1982; baseline 0.003 -25"><span class='ocrx_word' id='word_1_164' title='bbox 141 1892 279 1978; x_wconf 87' lang='lat' dir='ltr'><strong>pedem:</strong></span> <span class='ocrx_word' id='word_1_165' title='bbox 302 1893 418 1959; x_wconf 90' lang='lat' dir='ltr'><strong>deinde</strong></span> <span class='ocrx_word' id='word_1_166' title='bbox 443 1895 558 1979; x_wconf 90' lang='lat' dir='ltr'><strong>inpulsi</strong></span> <span class='ocrx_word' id='word_1_167' title='bbox 581 1908 671 1981; x_wconf 80' lang='lat' dir='ltr'><strong>terga</strong></span> <span class='ocrx_word' id='word_1_168' title='bbox 692 1907 829 1973; x_wconf 83' lang='lat' dir='ltr'><strong>vertunt,</strong></span> <span class='ocrx_word' id='word_1_169' title='bbox 850 1907 882 1960; x_wconf 91' lang='lat' dir='ltr'><strong>et</strong></span> <span class='ocrx_word' id='word_1_170' title='bbox 905 1894 1058 1981; x_wconf 82' lang='lat' dir='ltr'><strong>plerique,</strong></span> <span class='ocrx_word' id='word_1_171' title='bbox 1077 1895 1207 1982; x_wconf 87' lang='lat' dir='ltr'><strong>abjectis</strong></span> 
     </span>
     <span class='ocr_line' id='line_1_21' title="bbox 141 1979 1207 2065; baseline 0.003 -22"><span class='ocrx_word' id='word_1_172' title='bbox 141 1981 248 2058; x_wconf 87' lang='lat' dir='ltr'><strong>armis,</strong></span> <span class='ocrx_word' id='word_1_173' title='bbox 265 1979 356 2046; x_wconf 92' lang='lat' dir='ltr'><strong>nulla</strong></span> <span class='ocrx_word' id='word_1_174' title='bbox 370 2003 427 2065; x_wconf 88' lang='lat' dir='ltr'><strong>spe</strong></span> <span class='ocrx_word' id='word_1_175' title='bbox 440 1993 614 2046; x_wconf 88' lang='lat' dir='ltr'><strong>castrorum</strong></span> <span class='ocrx_word' id='word_1_176' title='bbox 636 1980 866 2046; x_wconf 67' lang='lat' dir='ltr'><strong>tenendorumq</strong></span> <span class='ocrx_word' id='word_1_177' title='bbox 879 1981 997 2056; x_wconf 89' lang='lat' dir='ltr'><strong>relicta,</strong></span> <span class='ocrx_word' id='word_1_178' title='bbox 1014 1980 1207 2046; x_wconf 89' lang='lat' dir='ltr'><strong>Corinthum</strong></span> 
     </span>
     <span class='ocr_line' id='line_1_22' title="bbox 140 2066 1207 2154; baseline 0 -24"><span class='ocrx_word' id='word_1_179' title='bbox 140 2070 314 2152; x_wconf 86' lang='lat' dir='ltr'><strong>petierunt.</strong></span> <span class='ocrx_word' id='word_1_180' title='bbox 360 2067 568 2144; x_wconf 86' lang='lat' dir='ltr'><strong>Nicostratus,</strong></span> <span class='ocrx_word' id='word_1_181' title='bbox 592 2067 793 2132; x_wconf 86' lang='lat' dir='ltr'><strong>mercenariis</strong></span> <span class='ocrx_word' id='word_1_182' title='bbox 817 2066 968 2132; x_wconf 89' lang='lat' dir='ltr'><strong>militibus</strong></span> <span class='ocrx_word' id='word_1_183' title='bbox 989 2068 1030 2131; x_wconf 89' lang='lat' dir='ltr'><strong>ad</strong></span> <span class='ocrx_word' id='word_1_184' title='bbox 1053 2066 1113 2132; x_wconf 92' lang='lat' dir='ltr'><strong>hos</strong></span> <span class='ocrx_word' id='word_1_185' title='bbox 1133 2087 1207 2154; x_wconf 90' lang='lat' dir='ltr'><strong>per·</strong></span> 
     </span>
     <span class='ocr_line' id='line_1_23' title="bbox 141 2151 1232 2240; baseline 0 -22"><span class='ocrx_word' id='word_1_186' title='bbox 141 2155 332 2239; x_wconf 90' lang='lat' dir='ltr'><strong>sequendos,</strong></span> <span class='ocrx_word' id='word_1_187' title='bbox 355 2154 515 2240; x_wconf 89' lang='lat' dir='ltr'><strong>equitibus</strong></span> <span class='ocrx_word' id='word_1_188' title='bbox 539 2153 766 2240; x_wconf 89' lang='lat' dir='ltr'><strong>Thracumque</strong></span> <span class='ocrx_word' id='word_1_189' title='bbox 789 2153 914 2218; x_wconf 85' lang='lat' dir='ltr'><strong>auxiliis</strong></span> <span class='ocrx_word' id='word_1_190' title='bbox 938 2153 972 2217; x_wconf 89' lang='lat' dir='ltr'><strong>in</strong></span> <span class='ocrx_word' id='word_1_191' title='bbox 1002 2151 1208 2238; x_wconf 86' lang='lat' dir='ltr'><strong>populatores</strong></span> <span class='ocrx_word' id='word_1_192' title='bbox 1228 2161 1232 2178; x_wconf 91' lang='lat'>&#39;</span> 
     </span>
     <span class='ocr_line' id='line_1_24' title="bbox 142 2238 1208 2328; baseline 0.001 -24"><span class='ocrx_word' id='word_1_193' title='bbox 142 2243 211 2328; x_wconf 85' lang='lat' dir='ltr'><strong>agri</strong></span> <span class='ocrx_word' id='word_1_194' title='bbox 228 2241 369 2325; x_wconf 90' lang='lat' dir='ltr'><strong>Sicyonii</strong></span> <span class='ocrx_word' id='word_1_195' title='bbox 384 2241 496 2319; x_wconf 90' lang='lat' dir='ltr'><strong>missis,</strong></span> <span class='ocrx_word' id='word_1_196' title='bbox 511 2240 537 2284; x_wconf 83' lang='lat'><strong>⁷¹</strong></span> <span class='ocrx_word' id='word_1_197' title='bbox 549 2261 696 2328; x_wconf 84' lang='lat' dir='ltr'><strong>magnam</strong></span> <span class='ocrx_word' id='word_1_198' title='bbox 717 2238 835 2326; x_wconf 92' lang='lat' dir='ltr'><strong>ubique</strong></span> <span class='ocrx_word' id='word_1_199' title='bbox 856 2239 975 2304; x_wconf 80' lang='lat' dir='ltr'><strong>caedem</strong></span> <span class='ocrx_word' id='word_1_200' title='bbox 999 2239 1118 2305; x_wconf 82' lang='lat' dir='ltr'><strong>edidit:</strong></span> <span class='ocrx_word' id='word_1_201' title='bbox 1140 2263 1208 2305; x_wconf 89' lang='lat' dir='ltr'><strong>ma-</strong></span> 
     </span>
     <span class='ocr_line' id='line_1_25' title="bbox 137 2325 1208 2426; baseline 0 -36"><span class='ocrx_word' id='word_1_202' title='bbox 137 2329 242 2413; x_wconf 88' lang='lat' dir='ltr'><strong>jorem</strong></span> <span class='ocrx_word' id='word_1_203' title='bbox 256 2347 381 2412; x_wconf 84' lang='lat' dir='ltr'><strong>prope,</strong></span> <span class='ocrx_word' id='word_1_204' title='bbox 407 2348 503 2414; x_wconf 92' lang='lat' dir='ltr'><strong>quam</strong></span> <span class='ocrx_word' id='word_1_205' title='bbox 526 2326 699 2412; x_wconf 86' lang='lat' dir='ltr'><strong>inproelio</strong></span> <span class='ocrx_word' id='word_1_206' title='bbox 715 2327 804 2412; x_wconf 83' lang='lat' dir='ltr'><strong>ipso.</strong></span> <span class='ocrx_word' id='word_1_207' title='bbox 849 2325 902 2390; x_wconf 87' lang='lat' dir='ltr'><strong>Ex</strong></span> <span class='ocrx_word' id='word_1_208' title='bbox 930 2327 968 2390; x_wconf 84' lang='lat' dir='ltr'><strong>iis</strong></span> <span class='ocrx_word' id='word_1_209' title='bbox 992 2347 1130 2412; x_wconf 91' lang='lat' dir='ltr'><strong>quoque,</strong></span> <span class='ocrx_word' id='word_1_210' title='bbox 1150 2326 1208 2426; x_wconf 89' lang='lat' dir='ltr'><strong>qui</strong></span> 
     </span>
     <span class='ocr_line' id='line_1_26' title="bbox 143 2411 1206 2500; baseline 0 -22"><span class='ocrx_word' id='word_1_211' title='bbox 143 2413 297 2479; x_wconf 89' lang='lat' dir='ltr'><strong>Pellenen</strong></span> <span class='ocrx_word' id='word_1_212' title='bbox 316 2413 531 2500; x_wconf 85' lang='lat' dir='ltr'><strong>Phliuntaque</strong></span> <span class='ocrx_word' id='word_1_213' title='bbox 551 2412 735 2498; x_wconf 87' lang='lat' dir='ltr'><strong>depopulati</strong></span> <span class='ocrx_word' id='word_1_214' title='bbox 757 2422 856 2492; x_wconf 89' lang='lat' dir='ltr'><strong>erant,</strong></span> <span class='ocrx_word' id='word_1_215' title='bbox 871 2411 1073 2496; x_wconf 86' lang='lat' dir='ltr'><strong>incompositi</strong></span> <span class='ocrx_word' id='word_1_216' title='bbox 1090 2424 1206 2497; x_wconf 87' lang='lat' dir='ltr'><strong>parum</strong></span> 
     </span>
     <span class='ocr_line' id='line_1_27' title="bbox 142 2497 1208 2588; baseline 0 -24"><span class='ocrx_word' id='word_1_217' title='bbox 142 2501 353 2588; x_wconf 90' lang='lat' dir='ltr'><strong>omniumque</strong></span> <span class='ocrx_word' id='word_1_218' title='bbox 376 2499 490 2588; x_wconf 79' lang='lat' dir='ltr'><strong>ignari,</strong></span> <span class='ocrx_word' id='word_1_219' title='bbox 511 2498 552 2565; x_wconf 90' lang='lat' dir='ltr'><strong>ad</strong></span> <span class='ocrx_word' id='word_1_220' title='bbox 573 2514 678 2564; x_wconf 88' lang='lat' dir='ltr'><strong>castra</strong></span> <span class='ocrx_word' id='word_1_221' title='bbox 696 2511 897 2580; x_wconf 86' lang='lat' dir='ltr'><strong>revertentes,</strong></span> <span class='ocrx_word' id='word_1_222' title='bbox 919 2499 953 2563; x_wconf 91' lang='lat' dir='ltr'><strong>in</strong></span> <span class='ocrx_word' id='word_1_223' title='bbox 975 2497 1116 2564; x_wconf 88' lang='lat' dir='ltr'><strong>hostium</strong></span> <span class='ocrx_word' id='word_1_224' title='bbox 1142 2509 1208 2564; x_wconf 87' lang='lat' dir='ltr'><strong>sta-</strong></span> 
     </span>
     <span class='ocr_line' id='line_1_28' title="bbox 140 2584 1209 2673; baseline -0.001 -22"><span class='ocrx_word' id='word_1_225' title='bbox 140 2588 255 2667; x_wconf 87' lang='lat' dir='ltr'><strong>tiones,</strong></span> <span class='ocrx_word' id='word_1_226' title='bbox 279 2601 442 2673; x_wconf 86' lang='lat' dir='ltr'><strong>tamquam</strong></span> <span class='ocrx_word' id='word_1_227' title='bbox 467 2586 501 2649; x_wconf 90' lang='lat' dir='ltr'><strong>iu</strong></span> <span class='ocrx_word' id='word_1_228' title='bbox 524 2607 604 2660; x_wconf 86' lang='lat' dir='ltr'><strong>suas,</strong></span> <span class='ocrx_word' id='word_1_229' title='bbox 620 2584 711 2650; x_wconf 90' lang='lat' dir='ltr'><strong>inlati</strong></span> <span class='ocrx_word' id='word_1_230' title='bbox 736 2599 827 2662; x_wconf 84' lang='lat' dir='ltr'><strong>sunt3</strong></span> <span class='ocrx_word' id='word_1_231' title='bbox 849 2585 975 2670; x_wconf 85' lang='lat' dir='ltr'><strong>partim,</strong></span> <span class='ocrx_word' id='word_1_232' title='bbox 999 2607 1040 2651; x_wconf 85' lang='lat' dir='ltr'><strong>ex</strong></span> <span class='ocrx_word' id='word_1_233' title='bbox 1063 2586 1209 2651; x_wconf 85' lang='lat' dir='ltr'><strong>discursu</strong></span> 
     </span>
     <span class='ocr_line' id='line_1_29' title="bbox 141 2671 1296 2759; baseline -0.003 -21"><span class='ocrx_word' id='word_1_234' title='bbox 141 2674 186 2751; x_wconf 90' lang='lat' dir='ltr'><strong>id,</strong></span> <span class='ocrx_word' id='word_1_235' title='bbox 203 2674 292 2758; x_wconf 91' lang='lat' dir='ltr'><strong>quod</strong></span> <span class='ocrx_word' id='word_1_236' title='bbox 307 2685 386 2754; x_wconf 88' lang='lat' dir='ltr'><strong>erat,</strong></span> <span class='ocrx_word' id='word_1_237' title='bbox 402 2672 563 2759; x_wconf 88' lang='lat' dir='ltr'><strong>suspicati,</strong></span> <span class='ocrx_word' id='word_1_238' title='bbox 578 2671 657 2736; x_wconf 70' lang='lat' dir='ltr'><strong>”ita</strong></span> <span class='ocrx_word' id='word_1_239' title='bbox 670 2694 703 2736; x_wconf 87' lang='lat' dir='ltr'><strong>se</strong></span> <span class='ocrx_word' id='word_1_240' title='bbox 717 2671 750 2735; x_wconf 90' lang='lat' dir='ltr'><strong>in</strong></span> <span class='ocrx_word' id='word_1_241' title='bbox 764 2671 873 2758; x_wconf 79' lang='lat' dir='ltr'><strong>sugam</strong></span> <span class='ocrx_word' id='word_1_242' title='bbox 886 2671 1001 2758; x_wconf 79' lang='lat' dir='ltr'><strong>paseIm</strong></span> <span class='ocrx_word' id='word_1_243' title='bbox 1017 2684 1207 2758; x_wconf 77' lang='lat' dir='ltr'><strong>sparserant,</strong></span> <span class='ocrx_word' id='word_1_244' title='bbox 1294 2699 1296 2704; x_wconf 96' lang='lat'>·</span> 
     </span>
     <span class='ocr_line' id='line_1_30' title="bbox 141 2756 1209 2848; baseline -0.006 -22"><span class='ocrx_word' id='word_1_245' title='bbox 141 2777 180 2826; x_wconf 87' lang='lat' dir='ltr'><strong>ut</strong></span> <span class='ocrx_word' id='word_1_246' title='bbox 198 2763 240 2825; x_wconf 91' lang='lat' dir='ltr'><strong>ab</strong></span> <span class='ocrx_word' id='word_1_247' title='bbox 262 2761 341 2846; x_wconf 88' lang='lat' dir='ltr'><strong>ipsis</strong></span> <span class='ocrx_word' id='word_1_248' title='bbox 360 2760 536 2848; x_wconf 82' lang='lat' dir='ltr'><strong>agrestibus</strong></span> <span class='ocrx_word' id='word_1_249' title='bbox 554 2769 694 2823; x_wconf 88' lang='lat' dir='ltr'><strong>errantes</strong></span> <span class='ocrx_word' id='word_1_250' title='bbox 716 2757 1028 2822; x_wconf 85' lang='lat' dir='ltr'><strong>circumvenirentur.</strong></span> <span class='ocrx_word' id='word_1_251' title='bbox 1075 2756 1209 2821; x_wconf 88' lang='lat' dir='ltr'><strong>Cecide-</strong></span> 
     </span>
     <span class='ocr_line' id='line_1_31' title="bbox 141 2841 1209 2932; baseline -0.005 -21"><span class='ocrx_word' id='word_1_252' title='bbox 141 2860 218 2912; x_wconf 90' lang='lat' dir='ltr'><strong>runt</strong></span> <span class='ocrx_word' id='word_1_253' title='bbox 232 2871 273 2913; x_wconf 90' lang='lat' dir='ltr'><strong>eo</strong></span> <span class='ocrx_word' id='word_1_254' title='bbox 287 2847 340 2912; x_wconf 91' lang='lat' dir='ltr'><strong>die</strong></span> <span class='ocrx_word' id='word_1_255' title='bbox 359 2846 445 2911; x_wconf 91' lang='lat' dir='ltr'><strong>mille</strong></span> <span class='ocrx_word' id='word_1_256' title='bbox 464 2859 497 2912; x_wconf 92' lang='lat' dir='ltr'><strong>et</strong></span> <span class='ocrx_word' id='word_1_257' title='bbox 515 2845 690 2932; x_wconf 85' lang='lat' dir='ltr'><strong>quingenti,</strong></span> <span class='ocrx_word' id='word_1_258' title='bbox 706 2843 793 2929; x_wconf 85' lang='lat' dir='ltr'><strong>capti</strong></span> <span class='ocrx_word' id='word_1_259' title='bbox 811 2842 956 2908; x_wconf 90' lang='lat' dir='ltr'><strong>trecenti.</strong></span> <span class='ocrx_word' id='word_1_260' title='bbox 1000 2841 1124 2908; x_wconf 80' lang='lat' dir='ltr'><strong>Achaia</strong></span> <span class='ocrx_word' id='word_1_261' title='bbox 1138 2863 1209 2906; x_wconf 87' lang='lat' dir='ltr'><strong>om·</strong></span> 
     </span>
     <span class='ocr_line' id='line_1_32' title="bbox 140 2934 584 3018; baseline -0.002 -19"><span class='ocrx_word' id='word_1_262' title='bbox 140 2937 190 2999; x_wconf 88' lang='lat' dir='ltr'><strong>nis</strong></span> <span class='ocrx_word' id='word_1_263' title='bbox 205 2955 324 3018; x_wconf 75' lang='lat' dir='ltr'><strong>magno</strong></span> <span class='ocrx_word' id='word_1_264' title='bbox 337 2934 471 2998; x_wconf 87' lang='lat' dir='ltr'><strong>liberata</strong></span> <span class='ocrx_word' id='word_1_265' title='bbox 486 2946 584 2998; x_wconf 89' lang='lat' dir='ltr'><strong>metu.</strong></span> 
     </span>
    </p>

    <p class='ocr_par' dir='ltr' id='par_1_4' title="bbox 142 3011 1353 3450">
     <span class='ocr_line' id='line_1_33' title="bbox 186 3011 1322 3106; baseline -0.007 -21"><span class='ocrx_word' id='word_1_266' title='bbox 186 3021 287 3086; x_wconf 89' lang='lat' dir='ltr'>XVI.</span> <span class='ocrx_word' id='word_1_267' title='bbox 325 3021 513 3106; x_wconf 89' lang='lat' dir='ltr'><strong>Priusquam</strong></span> <span class='ocrx_word' id='word_1_268' title='bbox 546 3018 752 3082; x_wconf 87' lang='lat' dir='ltr'><strong>dimicaretur</strong></span> <span class='ocrx_word' id='word_1_269' title='bbox 786 3013 829 3080; x_wconf 91' lang='lat' dir='ltr'><strong>ad</strong></span> <span class='ocrx_word' id='word_1_270' title='bbox 859 3012 1127 3102; x_wconf 83' lang='lat' dir='ltr'><strong>Cynoscephalas,</strong></span> <span class='ocrx_word' id='word_1_271' title='bbox 1164 3011 1206 3080; x_wconf 91' lang='lat' dir='ltr'><strong>L.</strong></span> <span class='ocrx_word' id='word_1_272' title='bbox 1216 3023 1322 3070; x_wconf 65' lang='lat' dir='ltr'><strong>earne</strong></span> 
     </span>
     <span class='ocr_line' id='line_1_34' title="bbox 143 3099 1345 3192; baseline -0.002 -21"><span class='ocrx_word' id='word_1_273' title='bbox 143 3107 328 3183; x_wconf 85' lang='lat' dir='ltr'><strong>Quinctius,</strong></span> <span class='ocrx_word' id='word_1_274' title='bbox 354 3105 527 3192; x_wconf 85' lang='lat' dir='ltr'><strong>Corcyram</strong></span> <span class='ocrx_word' id='word_1_275' title='bbox 550 3105 659 3170; x_wconf 87' lang='lat' dir='ltr'><strong>excitis</strong></span> <span class='ocrx_word' id='word_1_276' title='bbox 681 3104 888 3169; x_wconf 87' lang='lat' dir='ltr'><strong>Acarnanum</strong></span> <span class='ocrx_word' id='word_1_277' title='bbox 912 3099 1119 3188; x_wconf 84' lang='lat' dir='ltr'><strong>prIucipibus,</strong></span> <span class='ocrx_word' id='word_1_278' title='bbox 1135 3103 1276 3186; x_wconf 61' lang='lat' dir='ltr'><strong>quaem?</strong></span> <span class='ocrx_word' id='word_1_279' title='bbox 1286 3103 1345 3152; x_wconf 69' lang='lat'><strong>⁸²²⁸</strong></span> 
     </span>
     <span class='ocr_line' id='line_1_35' title="bbox 142 3160 1353 3278; baseline -0.005 -20"><span class='ocrx_word' id='word_1_280' title='bbox 142 3195 209 3258; x_wconf 86' lang='lat' dir='ltr'><strong>sola</strong></span> <span class='ocrx_word' id='word_1_281' title='bbox 231 3195 372 3259; x_wconf 78' lang='lat' dir='ltr'><strong>Graeciae</strong></span> <span class='ocrx_word' id='word_1_282' title='bbox 392 3193 536 3278; x_wconf 79' lang='lat' dir='ltr'><strong>gentium</strong></span> <span class='ocrx_word' id='word_1_283' title='bbox 561 3191 595 3255; x_wconf 92' lang='lat' dir='ltr'><strong>in</strong></span> <span class='ocrx_word' id='word_1_284' title='bbox 620 3190 771 3254; x_wconf 89' lang='lat' dir='ltr'><strong>societate</strong></span> <span class='ocrx_word' id='word_1_285' title='bbox 793 3187 1010 3253; x_wconf 90' lang='lat' dir='ltr'><strong>Macedonum</strong></span> <span class='ocrx_word' id='word_1_286' title='bbox 1036 3197 1207 3265; x_wconf 86' lang='lat' dir='ltr'><strong>manserat,</strong></span> <span class='ocrx_word' id='word_1_287' title='bbox 1217 3160 1353 3270; x_wconf 49' lang='lat' dir='ltr'><strong>mm</strong></span> 
     </span>
     <span class='ocr_line' id='line_1_36' title="bbox 143 3273 1316 3364; baseline -0.009 -19"><span class='ocrx_word' id='word_1_288' title='bbox 143 3281 270 3346; x_wconf 89' lang='lat' dir='ltr'><strong>initium</strong></span> <span class='ocrx_word' id='word_1_289' title='bbox 301 3278 462 3364; x_wconf 87' lang='lat' dir='ltr'><strong>quoddam</strong></span> <span class='ocrx_word' id='word_1_290' title='bbox 490 3277 534 3343; x_wconf 95' lang='lat' dir='ltr'><strong>ibi</strong></span> <span class='ocrx_word' id='word_1_291' title='bbox 564 3288 669 3341; x_wconf 91' lang='lat' dir='ltr'><strong>motus</strong></span> <span class='ocrx_word' id='word_1_292' title='bbox 698 3275 783 3340; x_wconf 85' lang='lat' dir='ltr'><strong>fecit.</strong></span> <span class='ocrx_word' id='word_1_293' title='bbox 827 3274 915 3340; x_wconf 87' lang='lat' dir='ltr'><strong>Duae</strong></span> <span class='ocrx_word' id='word_1_294' title='bbox 940 3284 1045 3339; x_wconf 90' lang='lat' dir='ltr'><strong>autem</strong></span> <span class='ocrx_word' id='word_1_295' title='bbox 1069 3273 1316 3352; x_wconf 68' lang='lat' dir='ltr'><strong>maximempert</strong></span> 
     </span>
     <span class='ocr_line' id='line_1_37' title="bbox 142 3359 1212 3450; baseline -0.007 -17"><span class='ocrx_word' id='word_1_296' title='bbox 142 3389 263 3433; x_wconf 83' lang='lat' dir='ltr'><strong>caussae</strong></span> <span class='ocrx_word' id='word_1_297' title='bbox 292 3389 349 3432; x_wconf 90' lang='lat' dir='ltr'><strong>eos</strong></span> <span class='ocrx_word' id='word_1_298' title='bbox 377 3377 545 3432; x_wconf 86' lang='lat' dir='ltr'><strong>tenuerant</strong></span> <span class='ocrx_word' id='word_1_299' title='bbox 569 3365 603 3428; x_wconf 93' lang='lat' dir='ltr'><strong>iu</strong></span> <span class='ocrx_word' id='word_1_300' title='bbox 628 3361 768 3427; x_wconf 87' lang='lat' dir='ltr'><strong>amicitia</strong></span> <span class='ocrx_word' id='word_1_301' title='bbox 795 3362 896 3450; x_wconf 84' lang='lat' dir='ltr'><strong>regis3</strong></span> <span class='ocrx_word' id='word_1_302' title='bbox 919 3383 983 3426; x_wconf 93' lang='lat' dir='ltr'><strong>una</strong></span> <span class='ocrx_word' id='word_1_303' title='bbox 1011 3359 1090 3426; x_wconf 85' lang='lat' dir='ltr'><strong>fides</strong></span> <span class='ocrx_word' id='word_1_304' title='bbox 1114 3360 1212 3427; x_wconf 87' lang='lat' dir='ltr'><strong>insite</strong></span> 
     </span>
    </p>
   </div>
   <div class='ocr_carea' id='block_1_3' title="bbox 511 3499 846 3552">
    <p class='ocr_par' dir='ltr' id='par_1_5' title="bbox 511 3499 846 3552">
     <span class='ocr_line' id='line_1_38' title="bbox 511 3499 846 3552; baseline 0 -4"><span class='ocrx_word' id='word_1_305' title='bbox 511 3508 525 3548; x_wconf 76' lang='lat' dir='ltr'><strong>u</strong></span> <span class='ocrx_word' id='word_1_306' title='bbox 540 3504 680 3552; x_wconf 66' lang='lat' dir='ltr'><strong>emensa</strong></span> <span class='ocrx_word' id='word_1_307' title='bbox 689 3503 766 3552; x_wconf 75' lang='lat' dir='ltr'><strong>Grau</strong></span> <span class='ocrx_word' id='word_1_308' title='bbox 778 3499 846 3550; x_wconf 80' lang='lat' dir='ltr'><strong>Cres.</strong></span> 
     </span>
    </p>
   </div>
   <div class='ocr_carea' id='block_1_4' title="bbox 37 3615 1215 4418">
    <p class='ocr_par' dir='ltr' id='par_1_6' title="bbox 140 3615 1215 4153">
     <span class='ocr_line' id='line_1_39' title="bbox 174 3615 1214 3688; baseline -0.013 -12"><span class='ocrx_word' id='word_1_309' title='bbox 174 3633 206 3676; x_wconf 73' lang='lat'><strong>88</strong></span> <span class='ocrx_word' id='word_1_310' title='bbox 221 3627 313 3675; x_wconf 67' lang='lat' dir='ltr'><strong>lAltera</strong></span> <span class='ocrx_word' id='word_1_311' title='bbox 335 3625 450 3688; x_wconf 75' lang='lat' dir='ltr'><strong>clypeati,</strong></span> <span class='ocrx_word' id='word_1_312' title='bbox 475 3623 531 3670; x_wconf 67' lang='lat' dir='ltr'><strong>aas</strong></span> <span class='ocrx_word' id='word_1_313' title='bbox 558 3622 664 3670; x_wconf 68' lang='lat' dir='ltr'><strong>altem</strong></span> <span class='ocrx_word' id='word_1_314' title='bbox 695 3619 897 3668; x_wconf 68' lang='lat' dir='ltr'><strong>aesimedes·</strong></span> <span class='ocrx_word' id='word_1_315' title='bbox 912 3617 1061 3680; x_wconf 72' lang='lat' dir='ltr'><strong>intelligetur</strong></span> <span class='ocrx_word' id='word_1_316' title='bbox 1076 3615 1166 3664; x_wconf 63' lang='lat' dir='ltr'><strong>Mum</strong></span> <span class='ocrx_word' id='word_1_317' title='bbox 1182 3615 1214 3664; x_wconf 83' lang='lat' dir='ltr'><strong>de</strong></span> 
     </span>
     <span class='ocr_line' id='line_1_40' title="bbox 142 3682 1213 3756; baseline -0.014 -12"><span class='ocrx_word' id='word_1_318' title='bbox 142 3697 256 3756; x_wconf 69' lang='lat' dir='ltr'><strong>gestiens</strong></span> <span class='ocrx_word' id='word_1_319' title='bbox 266 3693 386 3742; x_wconf 65' lang='lat' dir='ltr'><strong>werden</strong></span> <span class='ocrx_word' id='word_1_320' title='bbox 395 3690 466 3737; x_wconf 76' lang='lat' dir='ltr'><strong>rotae</strong></span> <span class='ocrx_word' id='word_1_321' title='bbox 476 3682 541 3750; x_wconf 84' lang='lat' dir='ltr'><strong>erat]</strong></span> <span class='ocrx_word' id='word_1_322' title='bbox 564 3687 663 3748; x_wconf 77' lang='lat' dir='ltr'><strong>Adquid</strong></span> <span class='ocrx_word' id='word_1_323' title='bbox 695 3685 808 3748; x_wconf 75' lang='lat' dir='ltr'><strong>clypeatis</strong></span> <span class='ocrx_word' id='word_1_324' title='bbox 818 3693 872 3732; x_wconf 86' lang='lat' dir='ltr'><strong>tum</strong></span> <span class='ocrx_word' id='word_1_325' title='bbox 887 3685 1040 3744; x_wconf 73' lang='lat' dir='ltr'><strong>Acheorum,</strong></span> <span class='ocrx_word' id='word_1_326' title='bbox 1049 3687 1102 3730; x_wconf 82' lang='lat' dir='ltr'><strong>tum</strong></span> <span class='ocrx_word' id='word_1_327' title='bbox 1113 3682 1213 3730; x_wconf 72' lang='lat' dir='ltr'><strong>ellurum</strong></span> 
     </span>
     <span class='ocr_line' id='line_1_41' title="bbox 140 3751 811 3820; baseline -0.016 -12"><span class='ocrx_word' id='word_1_328' title='bbox 140 3767 181 3810; x_wconf 84' lang='lat' dir='ltr'><strong>eet</strong></span> <span class='ocrx_word' id='word_1_329' title='bbox 200 3762 251 3815; x_wconf 86' lang='lat' dir='ltr'><strong>hic,</strong></span> <span class='ocrx_word' id='word_1_330' title='bbox 267 3758 332 3820; x_wconf 89' lang='lat' dir='ltr'><strong>quod</strong></span> <span class='ocrx_word' id='word_1_331' title='bbox 348 3761 468 3804; x_wconf 73' lang='lat' dir='ltr'><strong>sanatam</strong></span> <span class='ocrx_word' id='word_1_332' title='bbox 484 3755 595 3801; x_wconf 84' lang='lat' dir='ltr'><strong>lectorem</strong></span> <span class='ocrx_word' id='word_1_333' title='bbox 610 3766 662 3800; x_wconf 90' lang='lat' dir='ltr'><strong>mo·</strong></span> <span class='ocrx_word' id='word_1_334' title='bbox 695 3751 811 3810; x_wconf 69' lang='lat' dir='ltr'><strong>nentium.</strong></span> 
     </span>
     <span class='ocr_line' id='line_1_42' title="bbox 142 3809 1215 3878; baseline -0.015 -2"><span class='ocrx_word' id='word_1_335' title='bbox 142 3830 188 3876; x_wconf 81' lang='lat' dir='ltr'><strong>nri</strong></span> <span class='ocrx_word' id='word_1_336' title='bbox 205 3825 301 3874; x_wconf 74' lang='lat' dir='ltr'><strong>‹lebret-</strong></span> <span class='ocrx_word' id='word_1_337' title='bbox 333 3822 450 3874; x_wconf 65' lang='lat' dir='ltr'><strong>Quem</strong></span> <span class='ocrx_word' id='word_1_338' title='bbox 467 3825 525 3866; x_wconf 80' lang='lat' dir='ltr'><strong>suut</strong></span> <span class='ocrx_word' id='word_1_339' title='bbox 540 3817 605 3866; x_wconf 89' lang='lat' dir='ltr'><strong>euim</strong></span> <span class='ocrx_word' id='word_1_340' title='bbox 616 3817 664 3865; x_wconf 81' lang='lat' dir='ltr'><strong>ille</strong></span> <span class='ocrx_word' id='word_1_341' title='bbox 729 3821 761 3868; x_wconf 82' lang='grc'><strong>69</strong></span> <span class='ocrx_word' id='word_1_342' title='bbox 778 3816 898 3878; x_wconf 64' lang='lat' dir='ltr'><strong>Impetum</strong></span> <span class='ocrx_word' id='word_1_343' title='bbox 908 3809 1033 3877; x_wconf 72' lang='lat' dir='ltr'><strong>stamar]</strong></span> <span class='ocrx_word' id='word_1_344' title='bbox 1054 3811 1135 3862; x_wconf 80' lang='lat' dir='ltr'><strong>Scrllte</strong></span> <span class='ocrx_word' id='word_1_345' title='bbox 1145 3811 1215 3873; x_wconf 82' lang='lat' dir='ltr'><strong>sece-</strong></span> 
     </span>
     <span class='ocr_line' id='line_1_43' title="bbox 143 3883 764 3956; baseline -0.024 -13"><span class='ocrx_word' id='word_1_346' title='bbox 143 3895 194 3942; x_wconf 79' lang='lat' dir='ltr'><strong>elie</strong></span> <span class='ocrx_word' id='word_1_347' title='bbox 202 3894 301 3956; x_wconf 71' lang='lat' dir='ltr'><strong>gentes,</strong></span> <span class='ocrx_word' id='word_1_348' title='bbox 313 3901 386 3948; x_wconf 84' lang='lat' dir='ltr'><strong>quoru</strong></span> <span class='ocrx_word' id='word_1_349' title='bbox 399 3885 480 3932; x_wconf 82' lang='lat' dir='ltr'><strong>nullm</strong></span> <span class='ocrx_word' id='word_1_350' title='bbox 496 3889 552 3932; x_wconf 83' lang='lat' dir='ltr'><strong>ente</strong></span> <span class='ocrx_word' id='word_1_351' title='bbox 562 3883 665 3944; x_wconf 84' lang='lat' dir='ltr'><strong>populus</strong></span> <span class='ocrx_word' id='word_1_352' title='bbox 696 3887 764 3929; x_wconf 79' lang='lat' dir='ltr'><strong>raet.</strong></span> 
     </span>
     <span class='ocr_line' id='line_1_44' title="bbox 143 3939 1215 4022; baseline -0.015 -17"><span class='ocrx_word' id='word_1_353' title='bbox 143 3959 276 4022; x_wconf 75' lang='lat' dir='ltr'><strong>appellatur</strong></span> <span class='ocrx_word' id='word_1_354' title='bbox 296 3954 339 4011; x_wconf 83' lang='lat' dir='ltr'><strong>sit,</strong></span> <span class='ocrx_word' id='word_1_355' title='bbox 358 3952 399 4000; x_wconf 82' lang='lat' dir='ltr'><strong>sed</strong></span> <span class='ocrx_word' id='word_1_356' title='bbox 413 3949 506 3997; x_wconf 81' lang='lat' dir='ltr'><strong>diverse</strong></span> <span class='ocrx_word' id='word_1_357' title='bbox 521 3953 665 3997; x_wconf 75' lang='lat' dir='ltr'><strong>armatorum</strong></span> <span class='ocrx_word' id='word_1_358' title='bbox 729 3953 762 3997; x_wconf 86' lang='lat'><strong>70</strong></span> <span class='ocrx_word' id='word_1_359' title='bbox 777 3947 855 4010; x_wconf 73' lang='lat' dir='ltr'><strong>Super</strong></span> <span class='ocrx_word' id='word_1_360' title='bbox 862 3939 968 4007; x_wconf 71' lang='lat' dir='ltr'><strong>flumen]</strong></span> <span class='ocrx_word' id='word_1_361' title='bbox 982 3945 1021 3992; x_wconf 84' lang='lat' dir='ltr'><strong>Sle</strong></span> <span class='ocrx_word' id='word_1_362' title='bbox 1038 3948 1103 3991; x_wconf 85' lang='lat' dir='ltr'><strong>reete</strong></span> <span class='ocrx_word' id='word_1_363' title='bbox 1119 3944 1215 3990; x_wconf 83' lang='lat' dir='ltr'><strong>Grono-</strong></span> 
     </span>
     <span class='ocr_line' id='line_1_45' title="bbox 143 4010 1141 4082; baseline -0.018 -9"><span class='ocrx_word' id='word_1_364' title='bbox 143 4021 250 4082; x_wconf 74' lang='lat' dir='ltr'><strong>reaere?</strong></span> <span class='ocrx_word' id='word_1_365' title='bbox 276 4019 374 4070; x_wconf 82' lang='lat' dir='ltr'><strong>Deinde</strong></span> <span class='ocrx_word' id='word_1_366' title='bbox 391 4015 452 4064; x_wconf 87' lang='lat' dir='ltr'><strong>nihil</strong></span> <span class='ocrx_word' id='word_1_367' title='bbox 475 4014 665 4077; x_wconf 65' lang='lat' dir='ltr'><strong>appareamus</strong></span> <span class='ocrx_word' id='word_1_368' title='bbox 697 4012 757 4060; x_wconf 72' lang='lat' dir='ltr'><strong>rius</strong></span> <span class='ocrx_word' id='word_1_369' title='bbox 791 4010 1141 4072; x_wconf 72' lang='lat' dir='ltr'><strong>Codexhebebetperflme·</strong></span> 
     </span>
     <span class='ocr_line' id='line_1_46' title="bbox 143 4072 1214 4153; baseline -0.021 -16"><span class='ocrx_word' id='word_1_370' title='bbox 143 4092 192 4153; x_wconf 72' lang='lat' dir='ltr'><strong>regi</strong></span> <span class='ocrx_word' id='word_1_371' title='bbox 203 4083 321 4152; x_wconf 69' lang='lat' dir='ltr'><strong>penitet</strong></span> <span class='ocrx_word' id='word_1_372' title='bbox 337 4082 574 4143; x_wconf 62' lang='lat' dir='ltr'><strong>armogastem.</strong></span> <span class='ocrx_word' id='word_1_373' title='bbox 607 4079 666 4126; x_wconf 73' lang='lat' dir='ltr'><strong>For·</strong></span> <span class='ocrx_word' id='word_1_374' title='bbox 730 4081 760 4127; x_wconf 83' lang='lat' dir='ltr'><strong>rt</strong></span> <span class='ocrx_word' id='word_1_375' title='bbox 777 4076 898 4138; x_wconf 67' lang='lat' dir='ltr'><strong>Magnae</strong></span> <span class='ocrx_word' id='word_1_376' title='bbox 913 4074 1008 4138; x_wconf 71' lang='lat' dir='ltr'><strong>utique]</strong></span> <span class='ocrx_word' id='word_1_377' title='bbox 1023 4072 1145 4122; x_wconf 80' lang='lat' dir='ltr'><strong>Gmaorle</strong></span> <span class='ocrx_word' id='word_1_378' title='bbox 1163 4079 1214 4117; x_wconf 82' lang='lat' dir='ltr'><strong>rue-</strong></span> 
     </span>
    </p>

    <p class='ocr_par' dir='ltr' id='par_1_7' title="bbox 37 4142 1215 4418">
     <span class='ocr_line' id='line_1_47' title="bbox 37 4142 996 4206; baseline -0.019 0"><span class='ocrx_word' id='word_1_379' title='bbox 37 4165 38 4170; x_wconf 78' lang='grc'>’</span> <span class='ocrx_word' id='word_1_380' title='bbox 144 4153 307 4204; x_wconf 67' lang='grc' dir='ltr'><strong>ωιοαοὶἀίί</strong></span> <span class='ocrx_word' id='word_1_381' title='bbox 320 4149 464 4198; x_wconf 76' lang='lat' dir='ltr'><strong>Actaeorum</strong></span> <span class='ocrx_word' id='word_1_382' title='bbox 478 4159 576 4204; x_wconf 84' lang='lat' dir='ltr'><strong>nomen,</strong></span> <span class='ocrx_word' id='word_1_383' title='bbox 586 4157 614 4192; x_wconf 76' lang='lat' dir='ltr'><strong>ee</strong></span> <span class='ocrx_word' id='word_1_384' title='bbox 624 4145 664 4191; x_wconf 85' lang='lat' dir='ltr'><strong>de-</strong></span> <span class='ocrx_word' id='word_1_385' title='bbox 697 4143 733 4206; x_wconf 75' lang='lat' dir='ltr'><strong>gis</strong></span> <span class='ocrx_word' id='word_1_386' title='bbox 743 4142 856 4204; x_wconf 77' lang='lat' dir='ltr'><strong>placeret,</strong></span> <span class='ocrx_word' id='word_1_387' title='bbox 866 4143 996 4204; x_wconf 71' lang='lat' dir='ltr'><strong>emaque.</strong></span> 
     </span>
     <span class='ocr_line' id='line_1_48' title="bbox 144 4201 1215 4276; baseline -0.026 -5"><span class='ocrx_word' id='word_1_388' title='bbox 144 4223 209 4270; x_wconf 81' lang='lat' dir='ltr'><strong>deret</strong></span> <span class='ocrx_word' id='word_1_389' title='bbox 225 4220 326 4267; x_wconf 72' lang='lat' dir='ltr'><strong>lirim:</strong></span> <span class='ocrx_word' id='word_1_390' title='bbox 345 4215 433 4264; x_wconf 69' lang='lat' dir='ltr'><strong>Aleae</strong></span> <span class='ocrx_word' id='word_1_391' title='bbox 450 4212 552 4276; x_wconf 71' lang='lat' dir='ltr'><strong>clypeati</strong></span> <span class='ocrx_word' id='word_1_392' title='bbox 565 4210 664 4258; x_wconf 63' lang='grc' dir='ltr'><em>Λώου·</em></span> <span class='ocrx_word' id='word_1_393' title='bbox 729 4214 761 4266; x_wconf 63' lang='grc'><strong>79</strong></span> <span class='ocrx_word' id='word_1_394' title='bbox 778 4209 821 4254; x_wconf 85' lang='lat' dir='ltr'><strong>Ita</strong></span> <span class='ocrx_word' id='word_1_395' title='bbox 831 4222 857 4254; x_wconf 84' lang='lat' dir='ltr'><strong>ee</strong></span> <span class='ocrx_word' id='word_1_396' title='bbox 873 4209 899 4254; x_wconf 77' lang='lat' dir='ltr'><strong>ie</strong></span> <span class='ocrx_word' id='word_1_397' title='bbox 912 4209 1006 4268; x_wconf 74' lang='lat' dir='ltr'><strong>segem</strong></span> <span class='ocrx_word' id='word_1_398' title='bbox 1019 4201 1112 4264; x_wconf 74' lang='lat' dir='ltr'><strong>passim</strong></span> <span class='ocrx_word' id='word_1_399' title='bbox 1121 4211 1215 4260; x_wconf 62' lang='lat' dir='ltr'><strong>marre,</strong></span> 
     </span>
     <span class='ocr_line' id='line_1_49' title="bbox 142 4269 1204 4347; baseline -0.013 -17"><span class='ocrx_word' id='word_1_400' title='bbox 142 4303 206 4347; x_wconf 67' lang='lat' dir='ltr'><strong>resa,</strong></span> <span class='ocrx_word' id='word_1_401' title='bbox 228 4288 285 4335; x_wconf 63' lang='lat' dir='ltr'><strong>uin</strong></span> <span class='ocrx_word' id='word_1_402' title='bbox 313 4282 419 4328; x_wconf 75' lang='lat' dir='ltr'><strong>altam</strong></span> <span class='ocrx_word' id='word_1_403' title='bbox 437 4280 558 4340; x_wconf 60' lang='lat' dir='ltr'><strong>guttum,</strong></span> <span class='ocrx_word' id='word_1_404' title='bbox 581 4289 665 4338; x_wconf 86' lang='lat' dir='ltr'><strong>nempe</strong></span> <span class='ocrx_word' id='word_1_405' title='bbox 697 4270 964 4336; x_wconf 81' lang='lat' dir='ltr'><strong>raat]courcuieotius</strong></span> <span class='ocrx_word' id='word_1_406' title='bbox 979 4269 1108 4324; x_wconf 74' lang='lat' dir='ltr'><strong>rideretur,</strong></span> <span class='ocrx_word' id='word_1_407' title='bbox 1122 4277 1204 4326; x_wconf 64' lang='lat' dir='ltr'><strong>eperat</strong></span> 
     </span>
     <span class='ocr_line' id='line_1_50' title="bbox 143 4343 762 4418; baseline -0.026 -18"><span class='ocrx_word' id='word_1_408' title='bbox 143 4353 258 4418; x_wconf 73' lang='lat' dir='ltr'><strong>clypeati,</strong></span> <span class='ocrx_word' id='word_1_409' title='bbox 277 4347 398 4398; x_wconf 66' lang='lat' dir='ltr'><strong>aeritur</strong></span> <span class='ocrx_word' id='word_1_410' title='bbox 414 4346 485 4394; x_wconf 81' lang='lat' dir='ltr'><strong>retur</strong></span> <span class='ocrx_word' id='word_1_411' title='bbox 503 4347 572 4392; x_wconf 72' lang='lat' dir='ltr'><strong>nat.-</strong></span> <span class='ocrx_word' id='word_1_412' title='bbox 589 4343 624 4390; x_wconf 76' lang='lat' dir='ltr'><strong>ita</strong></span> <span class='ocrx_word' id='word_1_413' title='bbox 638 4346 667 4389; x_wconf 88' lang='lat' dir='ltr'><strong>ut</strong></span> <span class='ocrx_word' id='word_1_414' title='bbox 697 4348 762 4390; x_wconf 68' lang='lat' dir='ltr'><strong>met.</strong></span> 
     </span>
    </p>
   </div>
   <div class='ocr_carea' id='block_1_5' title="bbox 0 0 1561 4976">
    <p class='ocr_par' dir='ltr' id='par_1_8' title="bbox 0 0 1561 4976">
     <span class='ocr_line' id='line_1_51' title="bbox 0 0 1561 4976; baseline 0 0"><span class='ocrx_word' id='word_1_415' title='bbox 0 0 1561 4976; x_wconf 95' lang='lat' dir='ltr'><strong> </strong></span> 
     </span>
    </p>
   </div>
  </div>
 </body>
</html>
