3136 4982
416 153 509 214 LlB.
537 155 698 216 xxxvss.
725 157 827 234 ctu.
854 157 1002 217 XXXIX.
1174 165 1229 218 311

172 315 423 404 qaitaastiooe
436 330 538 398 eraut,
550 317 615 384 duo
625 325 752 384 tamena
766 317 864 386 millia
878 341 937 406 per
951 336 1013 399 ιε’,
1027 319 1117 389 nullo
1131 340 1270 390 amu-u.
1280 338 1309 386 tt
1321 337 1377 383 rsa.

169 405 314 468 nimenta
327 415 505 470 castrorum
519 405 617 470 milite
627 418 769 487 avocato,
782 417 814 472 et
824 406 929 493 primo
939 429 1067 494 aequnrn
1081 408 1231 495 proelium
1239 407 1270 456 A.
1281 405 1309 452 0
1325 405 1379 452 ¹⁹⁰·

171 492 359 568 sustinuere,
373 503 414 568 et,
431 507 588 558 crescente
610 494 793 570 certamine,
815 493 1007 580 peptderunt
1028 493 1144 576 hostes,
1158 515 1232 562 cen·

172 589 240 642 turn
256 597 297 641 ex
312 575 362 642 his
380 577 501 655 occisis,
516 591 644 644 centurn
669 577 767 644 ferme
788 580 898 667 captis.
934 580 1007 646 ·Per
1027 582 1232 668 quatriduum

168 663 202 726 in
261 685 337 726 nens
357 664 519 730 instructoe
540 666 796 750 utrimqueacies
811 665 966 752 provallo
981 681 1105 732 stetere.
1120 669 1233 758 quinto
1316 719 1319 746 ,

167 749 222 814 die
269 750 377 814 omani
398 771 578 836 processere
591 751 626 816 in
640 751 780 816 medium
800 755 917 837 campi.
960 752 1139 820 Antiochus
1153 753 1233 821 nihil

170 836 332 986 muravit
349 835 450 924 signa,
465 837 510 902 ita
532 850 570 903 ut
592 838 728 904 extremi
752 841 859 904 minus
882 838 969 904 mille
991 840 1087 925 pedes
1108 865 1128 906 a
1150 842 1233 908 vello

134 955 138 960 ,
234 933 329 988 ssent.

174 1051 178 1060 ·
213 1007 381 1074 XXXIX.
405 1007 535 1086 Consul,
564 1021 636 1096 post
658 1033 732 1076 uam
760 1011 925 1077 detrectari
954 1026 1112 1078 certamen
1142 1013 1231 1097 vidit,

167 1107 296 1180 postero
310 1095 409 1160 disin
425 1096 592 1162 consilium
614 1033 790 1176 advocavit,
809 1097 896 1175 Quid
914 1097 975 1163 ribi
985 1099 1169 1183 factendam
1185 1125 1231 1168 es·
1320 1128 1323 1144 ι

168 1183 264 1261 aet,si
278 1183 446 1247 Antiochus
460 1185 629 1268 pugnandi
641 1186 760 1266 copiam
781 1206 843 1250 non
851 1185 1005 1269 firmet?
1027 1187 1152 1252 Instare
1165 1189 1231 1254 tie-

168 1289 253 1334 mem.
276 1278 331 1332 aut
343 1269 398 1339 sud
405 1270 540 1352 pallidus
559 1270 713 1336 habendos
726 1271 926 1354 militesfore,
942 1283 1007 1348 out,
1023 1274 1052 1338 ri
1070 1277 1232 1339 concedere

164 1354 338 1420 irthiberrta
348 1355 1058 1444 vellent,dffereadumesseinoestatcmbellum.
1098 1359 1231 1426 Nullum

169 1461 321 1527 umquam
350 1439 476 1506 hostem
504 1442 640 1507 Romani
665 1465 756 1530 teque
777 1456 1023 1509 contemserunt.
1051 1445 1231 1512 conclama·

166 1539 236 1592 tum
248 1527 390 1614 undique
398 1543 457 1606 est,
468 1531 590 1593 duceret
602 1532 760 1613 extemplo,
772 1539 803 1594 et
811 1539 947 1596 uteretur
956 1533 1068 1595 ardore
1078 1533 1229 1598 militum.-

168 1614 234 1699 qui,
250 1626 412 1701 tamquam
434 1637 500 1680 non
522 1615 729 1702 pugnandum
756 1637 828 1680 cunr
850 1627 900 1680 tot
919 1614 1058 1681 millibus
1079 1617 1229 1697 hostium,

168 1699 223 1764 sed
239 1721 297 1784 par
312 1723 461 1768 numerus
483 1721 633 1784 pecorum
654 1701 859 1769 trucidandus
874 1715 963 1781 esset,
978 1725 1035 1788 per
1048 1702 1157 1782 fossas,
1172 1723 1231 1790 per

167 1785 286 1851 uallum
301 1801 406 1852 castra
416 1787 563 1852 invadere
573 1789 675 1873 parati
687 1802 790 1866 erant,
801 1787 826 1852 si
841 1788 873 1852 in
888 1787 1035 1874 proelium
1051 1787 1149 1855 hostis
1163 1812 1229 1856 non

169 1873 281 1938 exiret.
325 1873 351 1914 ¹⁰
361 1873 423 1938 Cn.
438 1873 612 1953 Domitius,
626 1874 669 1940 sd
683 1874 911 1960 explorandum
930 1875 1001 1954 iter,
1018 1887 1049 1942 et
1063 1899 1126 1963 qua
1139 1891 1231 1970 parte

168 1957 251 2024 adiri
266 1959 383 2026 vallum
405 1960 543 2026 hostiurn
565 1974 682 2046 posset,
697 1961 822 2039 missus,
837 1974 1006 2050 postquam
1021 1965 1129 2028 omnia
1146 1977 1231 2030 certa

167 2044 286 2124 retulit,
301 2059 430 2131 postero
454 2046 507 2112 die
530 2048 661 2133 propius
682 2061 785 2114 castra
804 2047 965 2114 admoveri
985 2049 1113 2134 placuit.
1135 2051 1231 2116 tertio

109 2178 116 2206 ,
167 2133 193 2196 si
239 2135 306 2197 ain
322 2133 462 2198 medium
480 2134 585 2219 campi
607 2133 740 2220 prolata,
755 2147 787 2199 et
807 2135 924 2200 instrui
944 2139 1027 2204 acies
1049 2149 1154 2223 coepta
1173 2152 1230 2204 est.

204 2240 240 2284 ec
261 2218 440 2286 Antiochus
460 2220 545 2285 ultra
565 2220 835 2306 tergiversandum
861 2236 958 2302 ratus,
975 2243 1015 2288 ne
1040 2235 1072 2287 et
1097 2246 1226 2290 suorum

165 2305 289 2372 anhnos
320 2307 476 2372 minueret
499 2306 706 2376 detrectando
734 2319 903 2385 certamen,
918 2322 950 2372 et
975 2307 1112 2373 hostiurn
1138 2333 1226 2395 spem
1237 2321 1306 2370 teta
1315 2337 1343 2371 a·

166 2404 307 2496 augeret,
322 2405 355 2458 et
375 2394 442 2479 ipse
463 2393 570 2478 copias
591 2392 721 2470 eduxit3
744 2391 900 2458 utantum
922 2415 1106 2482 progressus
1121 2409 1162 2460 a¹
1176 2389 1338 2499 ca·.‘¹¹¹}¹‘¹¹.¹⁸

167 2489 251 2556 stris,
262 2489 299 2544 ut
309 2479 533 2545 dimicaturum
549 2479 728 2567 adpareret.
763 2479 909 2546 Romana
922 2481 1005 2546 acies
1020 2482 1114 2548 unius
1128 2465 1274 2569 propem'
1286 2461 1370 2502 ’Μ

164 2562 278 2634 torma
291 2564 360 2644 suit,
375 2579 408 2632 et
421 2566 588 2632 hominum
603 2578 636 2631 et
648 2587 808 2632 armorum
824 2589 950 2654 genere.
973 2567 998 2608 ¹²
1006 2568 1080 2633 duae
1089 2568 1229 2658 legiones
1236 2584 1352 2634 ιιοιιιιιι

168 2651 337 2732 Romanae,
354 2653 428 2718 duoe
447 2651 568 2718 socihm
584 2651 742 2718 ocLstini
757 2653 896 2718 nominis
911 2667 1020 2719 erant:
1043 2658 1141 2740 quina
1158 2657 1228 2721 mil·

165 2737 210 2802 lia
234 2751 267 2803 et
289 2738 422 2826 qnadrin
456 2761 524 2804 ¹noa
548 2738 684 2827 singulas
712 2737 881 2804 habebant.
929 2740 1068 2805 Romani
1090 2743 1226 2806 mediam

164 2825 276 2904 aciem,
299 2847 421 2892 cornua
484 2825 545 2891 tini
567 2837 753 2890 tenuerunt:
776 2825 974 2890 hastatorum
999 2827 1103 2911 prima
1127 2829 1151 2892 si
1197 2852 1227 2906 a,

165 2910 283 2976 deiude
293 2913 475 2997 principum
490 2925 598 2980 erant:
621 2911 721 2978 triarii
730 2924 907 2998 postremos
921 2911 1122 2979 claudebant.
1191 2937 1228 2978 ιι-

167 3010 218 3062 tra
232 2995 314 3062 hanc
328 2998 426 3064 veluti
442 3001 561 3084 justam
576 2999 687 3073 aciem,
703 3021 722 3062 a
736 3013 826 3082 parte
840 2995 971 3062 dextera
985 2998 1096 3063 consul
1112 2999 1228 3064 Achae-

165 3105 257 3148 orum
279 3085 416 3149 caetmtis
437 3085 589 3150 inmixtos
608 3084 776 3150 auxiliares
792 3084 955 3160 Eumenis,
972 3085 1032 3150 tria
1047 3084 1148 3150 millia
1169 3085 1228 3150 fer-

167 3189 218 3234 me
241 3170 397 3256 peditum,
421 3187 547 3258 aequata
568 3171 673 3236 fronte
698 3170 862 3236 instruxit:
895 3169 979 3236 ultra
1003 3194 1057 3238 eos
1087 3173 1226 3258 equiturn

165 3255 270 3332 minus
285 3258 346 3324 tria
368 3255 466 3324 millia
488 3257 652 3344 obposuit;
678 3279 717 3322 ex
738 3257 853 3344 quibus
869 3257 1022 3325 Eumenis
1044 3259 1228 3346 octingenti,

164 3344 221 3408 rel'
247 3367 306 3408 uus
328 3345 431 3409 omnis
451 3345 611 3432 equitatus
635 3346 798 3409 Romanus
812 3357 898 3409 erat:
922 3357 1080 3409 extremos
1103 3344 1228 3410 Tralles

164 3447 195 3522 et
250 3443 386 3496 retenses
412 3432 671 3522 (quingentorum
694 3432 823 3517 utrique
844 3451 1012 3498 numerum
1041 3431 1226 3517 explebant)

197 3595 210 3624 ¹¹
221 3599 317 3642 tantum
329 3595 397 3642 Cres.
468 3593 614 3656 {aliquanto
629 3593 754 3654 puriores
774 3593 800 3638 r'a
814 3591 918 3638 statione
933 3597 1011 3650 erant,
1023 3598 1046 3640 ct
1061 3598 1140 3640 tomen
1148 3608 1193 3655 per
1202 3608 1228 3641 ae

164 3659 230 3706 sallo
239 3661 314 3710 Grau.
379 3661 394 3690 ¹
405 3657 418 3710 't
428 3657 487 3721 Eud»

159 3810 287 3870 ponam
303 3811 330 3872 ‚io
349 3811 453 3858 rtatim
471 3813 583 3867 cantat
598 3813 679 3856 tonora
710 3820 879 3868 prostratura
899 3806 992 3864 castris,
1012 3820 1084 3867 quarn
1107 3811 1225 3868 quantun

158 3888 245 3936 perse.
710 3885 805 3920 nocens
820 3879 880 3929 erat,
899 3880 926 3922 ot
943 3873 1109 3920 dimicaturum
1129 3886 1225 3933 sapue-

167 3971 171 3978 -
197 3945 228 3986 ιο
246 3937 437 4000 Gennaes]
455 3938 530 3992 Hunc
543 3937 678 3986 Domitium
709 3943 753 3986 rat.
787 3939 947 3990 Grouoriana
966 3938 1082 3986 editiones
1103 3937 1226 3989 habenta

161 4004 290 4054 Mnaseus
299 4004 361 4052 ricae
369 4020 424 4055 sus
429 4005 498 4054 obire
508 4003 571 4064 apud
581 4003 677 4052 tratrem
709 4004 811 4052 castris:
824 4003 947 4064 ,merdosa

159 4071 274 4130 iuerat
284 4084 385 4132 amque
401 4070 501 4118 oonsilio
514 4071 608 4130 joram,
619 4069 676 4118 dum
743 4073 772 4116 19
788 4069 854 4116 Dsae
869 4069 974 4129 legiones
984 4067 1110 4122 Roaronae,
1122 4065 1176 4113 duo·
1185 4079 1224 4112 ro-

161 4136 340 4196 ien-dmm,
358 4137 459 4184 ustos·
481 4136 544 4186 rtet
567 4136 592 4184 'ur
611 4135 677 4198 Apo·
709 4130 1079 4196 ctae]1egertaaeatacrctrtn
1106 4130 1224 4191 Legionis

162 4201 285 4264 phthegm.
297 4206 322 4248 et
332 4203 443 4264 Appiano
454 4202 479 4248 in
492 4201 543 4262 Syr.
709 4199 773 4248 enim
789 4213 877 4250 tronea
893 4200 923 4246 ad
940 4199 1003 4247 solos
1015 4199 1135 4246 &manos
1151 4196 1225 4256 pcrti-

195 4274 224 4314 tr
244 4269 352 4316 Pastum
365 4281 505 4328 praetensa
514 4283 531 4314 a
542 4266 639 4318 oretria„
649 4270 677 4310 ut
710 4271 766 4330 oeta
782 4265 877 4320 olmd
886 4263 969 4316 todo·-

161 4334 334 4382 dimicaturum
352 4327 488 4394 oppotmt]
506 4333 562 4394 Non
582 4330 676 4394 lougius

775 4401 832 4454 xt
