3042 4954
412 241 507 301 LIB.
529 235 647 298 XXXI.
673 237 777 298 CAP.
798 236 930 299 xxvn.
1149 248 1188 302 25

20 355 23 466 l
125 399 364 492 obpugnatione
394 401 494 482 urbis,
514 401 619 470 diviso
639 403 712 468 cuin
737 401 882 468 Philocle
906 421 1018 468 rursus
1037 391 1189 484 exercitu,
1199 428 1231 478 u.
1241 427 1272 477 o,
1283 423 1348 476 aaa:

20 539 21 544 η
125 490 351 556 adrastandos
371 509 465 578 agros
487 489 655 578 profectus,
671 509 770 576 quum
791 489 930 574 priorem
953 488 1338 576 populationemofflm

126 577 274 662 sepulcris
287 577 375 642 circa
389 578 503 642 urbem
517 575 681 641 diruendis
695 575 895 654 exercuisset,
911 597 952 640 ne
967 575 1043 662 quid
1059 575 1192 640 inviola-

126 680 192 729 tum
207 664 414 750 relinqueret,
429 663 582 749 utempla
601 661 718 740 Derim,
734 685 809 749 quse
853 663 970 750 agatim
992 674 1115 728 sacrata
1135 661 1353 742 hamma.

127 751 254 828 bebant,
278 751 365 815 dirui
394 763 490 837 atque
518 749 645 814 incendi
669 749 772 835 jussit.
818 685 986 814 llxornata
1010 771 1049 814 eo
1077 747 1350 838 genetefffflw

124 859 258 923 ‘ll’erum
274 837 390 902 ‘xlm
412 847 498 903 iem
519 838 637 912 Attico,
652 849 687 901 et
709 836 803 922 copis
822 835 988 901 domestici
1013 837 1193 916 marmoris,
1201 817 1283 864 ‘hm‘

123 938 154 990 et
166 924 308 1012 ingeniis
328 921 499 1003 artificum,
515 922 655 1008 ptaebuit
674 921 751 987 haic
768 921 870 988 furori
892 923 1068 988 materiam.
1089 945 1195 1011 neque

122 1011 209 1076 cuim
225 1009 355 1076 diruere
370 1010 467 1076 modo
480 1012 549 1097 ipsa
563 1009 692 1096 templa,
707 1031 746 1074 ac
767 1008 935 1075 simulacra
956 1021 1097 1086 evertere
1119 1009 1195 1076 satis

122 1097 260 1174 habuit:
287 1097 343 1162 sed
365 1097 487 1183 lapides
509 1117 645 1184 quoque,
668 1095 743 1162 ¹²ne
768 1095 884 1183 integri
903 1096 1103 1162 cumularent
1128 1097 1195 1162 rui-

120 1205 191 1263 nas,
207 1183 315 1272 frangi
331 1185 442 1270 jussit:
466 1198 509 1265 et,
524 1197 691 1270 postquam
713 1203 779 1248 non
800 1196 867 1248 tam
889 1183 938 1248 ira
960 1184 1081 1261 satiata,
1120 1203 1196 1248 uam

122 1272 181 1336 ira
196 1271 388 1336 exercendae
409 1274 542 1336 materia
564 1269 635 1335 hoec
656 1269 774 1347 deerat,
790 1291 870 1358 agro
890 1269 1032 1334 hortium
1047 1270 1081 1334 in
1097 1205 1195 1335 loo

122 1355 202 1423 tiam
213 1359 363 1436 excessit,
375 1379 436 1424 nec
450 1357 536 1424 aliud
551 1357 723 1444 quidquam
736 1356 869 1447 dignum
885 1357 1039 1422 memoria
1053 1357 1087 1422 in
1100 1357 1196 1424 Gra·

124 1446 176 1510 cia
234 1444 269 1509 ἰ.

169 1467 328 1596 ΧθῗνΙΙ.
349 1531 472 1596 Consul
490 1529 649 1616 Sulpicius
663 1549 702 1594 eo
724 1541 868 1614 tempore
889 1530 973 1594 iuter
988 1528 1196 1616 Apolloniam

123 1639 163 1683 ac
177 1616 400 1703 Dyrrachium
418 1617 460 1682 ad
475 1618 599 1702 Apsum
621 1616 740 1680 flumen
762 1614 900 1680 habebnt
921 1628 1042 1681 caemar
1065 1637 1130 1702 quo
1144 1637 1196 1681 ar·

123 1705 277 1770 ceseitum
293 1704 333 1768 L.
350 1705 523 1790 Apustium
545 1703 696 1792 legatum,
712 1723 785 1768 cum
800 1713 892 1788 parta
906 1702 1069 1786 copiarum
1085 1701 1127 1768 ad
1141 1702 1196 1766 de-
1204 1724 1306 1772 nommt
1317 1737 1359 1785 po-

124 1789 330 1876 populandos
351 1789 491 1856 hostium
513 1791 597 1855 fines
614 1788 722 1856 mittit.
766 1789 933 1874 Apustius,
957 1800 1099 1857 extrema
1121 1785 1328 1866 Mffipuunmr·

124 1877 272 1942 cedoniae
296 1877 479 1964 populatus,
496 1877 652 1962 Corrago,
669 1889 701 1942 et
717 1875 892 1954 Gerrunio,
915 1887 947 1940 ct
963 1875 1104 1963 Orgesso
1129 1856 1351 1969 casffim'*

20 2019 21 2030 ,
125 1963 210 2030 tellis
231 1965 339 2050 primo
360 1965 471 2050 inpetu
490 1964 602 2050 captis,
618 1963 658 2028 ad
675 1963 890 2047 Antipatriam
912 1963 947 2026 in
971 1961 1116 2028 faucibus
1138 1983 1216 2026 an·—

125 2051 229 2137 gustis
251 2051 344 2136 sitam
367 2053 489 2128 urbem,
512 2051 607 2116 venit.
629 2071 668 2114 ac
688 2047 794 2134 primo
815 2061 962 2136 evocatos
983 2050 1143 2136 principes
1157 2047 1198 2114 ad

126 2137 348 2224 conloquium,
365 2153 403 2203 ut
415 2137 492 2202 fidei
507 2139 728 2204 Rornanorum
742 2157 776 2199 se
790 2135 1033 2215 committerent,
1046 2137 1200 2223 perlicere

126 2239 175 2291 est
188 2238 341 2290 conatus:
365 2223 490 2304 deinde,
511 2223 578 2302 ubi,
599 2222 821 2310 magnitudine
841 2243 878 2288 ac
899 2223 1057 2290 moenibus
1074 2223 1200 2310 situque

127 2311 220 2376 urbis
241 2310 325 2389 freti,
349 2311 435 2376 dicta
460 2310 740 2397 adspernabantur,
760 2309 790 2373 vi
815 2321 912 2395 atque
936 2311 1032 2374 armis
1057 2305 1198 2388 adortus,

127 2398 330 2486 expugnavit
337 2421 346 2476 3
373 2397 610 2484 puberibusque
634 2395 815 2474 interfectis,
842 2396 952 2481 praeda
980 2395 1068 2460 omni
1092 2396 1200 2461 militi·

128 2485 190 2548 bns
215 2505 377 2562 concessa,
404 2484 503 2550 diruit
527 2504 646 2558 muros,
676 2493 772 2570 atque
798 2483 909 2548 urbem
934 2483 1085 2549 incendit.
1131 2481 1200 2549 Hic

128 2583 236 2637 metus
251 2571 458 2650 Codrionem,
475 2571 550 2636 satis
564 2569 704 2634 validum
726 2581 759 2635 et
777 2571 935 2638 munitum
950 2570 1116 2658 oppidum,
1133 2570 1201 2636 sine

131 2658 307 2723 certamine
328 2671 364 2724 ut
383 2657 552 2723 dederetur
577 2657 741 2738 Romanis,
755 2655 868 2722 effecit.
914 2655 1069 2722 Praesidio
1090 2657 1136 2722 ibi
1150 2679 1201 2722 re-

131 2745 220 2822 licto,
235 2743 356 2809 ¹'ilion
372 2751 502 2830 (nornen
523 2755 655 2830 propter
668 2743 800 2808 alteram
822 2743 856 2807 in
871 2742 947 2808 Asia
963 2743 1087 2820 urbem,
1103 2763 1201 2830 quam

131 2830 302 2920 oppidum,
331 2832 452 2913 notius)
484 2831 515 2895 vi
543 2827 679 2916 capitur.
725 2829 946 2895 Revertentem
983 2831 1122 2918 legatum
1160 2827 1201 2892 ad

131 2918 298 2983 consulem
313 2939 387 2982 cnm
403 2917 477 2984 satis
491 2935 609 3006 magna
629 2914 750 3002 praeda,
767 2915 989 3002 Athenagoras
1004 2917 1134 3000 quidam
1151 2933 1202 2978 re·

134 3005 206 3094 gius
234 3003 403 3090 proefectus
431 3005 465 3070 in
493 3005 628 3070 transitu
656 3002 797 3068 fluminis
827 3023 847 3067 a
875 3001 1046 3066 novissimo
1074 2999 1202 3090 agmine

132 3093 277 3168 adortus
292 3102 472 3178 postremus
491 3093 638 3157 turbavit.
661 3089 854 3174 adquorum
875 3087 1046 3154 clamorem
1061 3101 1093 3154 et
1105 3087 1202 3173 trepi-
1261 3111 1263 3116 ·
1336 3113 1339 3124 ·

133 3179 296 3244 dationem
319 3199 418 3264 quum
437 3189 582 3244 revectus
607 3199 690 3264 equo
714 3195 852 3261 propere
871 3175 993 3264 legatus
1015 3175 1106 3278 signa
1125 3195 1202 3240 con·

135 3267 290 3342 vertisset,
306 3263 518 3352 conjectisque
533 3267 565 3329 in
589 3263 728 3329 medium
750 3262 881 3328 sarcinis
903 3263 1001 3328 aciem
1017 3261 1200 3340 direxissem

134 3373 201 3416 non
229 3351 331 3440 tulere
354 3353 500 3437 inpetum
525 3352 746 3417 Romanorum
771 3349 906 3415 militum
931 3349 1021 3436 regii.
1047 3349 1139 3414 multi
1161 3369 1202 3414 ex

135 3438 173 3503 iis
188 3438 298 3518 occisi,
313 3437 420 3523 plures
434 3439 529 3523 capti.
574 3437 725 3524 Legatus,
740 3436 894 3501 incolumi
915 3437 1056 3503 exercitu
1070 3437 1203 3503 reducto

135 3524 175 3590 ad
191 3528 368 3605 consulem,
378 3525 551 3590 remittitur
565 3525 639 3588 inde
653 3523 815 3609 extemplo
830 3523 870 3588 ad
884 3522 1025 3588 classem.

171 3801 199 3841 ιι
222 3787 420 3856 Temptanda,
431 3793 607 3855 propagatim
616 3807 656 3838 aa·
686 3787 745 3856 †ln
759 3791 862 3840 Andreoe
877 3793 982 3841 editione
997 3791 1085 3857 legitur
1099 3792 1202 3840 Nudus.-

138 3869 208 3907 crota
222 3856 349 3922 Ιιαόεόακε]
382 3859 437 3906 Hoc
453 3857 539 3906 clarius
555 3859 656 3918 explica·
688 3861 715 3906 in
730 3858 854 3905 Thuanaeo
870 3859 959 3916 codice,
974 3861 1098 3907 terte-lac.
1109 3860 1204 3906 Grono·

135 3931 179 3975 tur
195 3924 341 3974 infracto.
356 3924 384 3971 in
399 3924 507 3971 oratione
522 3923 656 3970 Athenien·
688 3923 1098 3985 rio‚in⁴.Dissert.cpitt.Nt'dua:
1114 3923 1204 3970 iniste-

139 3992 210 4038 dnm.
305 4003 310 4012 ·
688 3991 769 4038 torino
780 3989 870 4036 Indua.-
888 4004 932 4036 nec
943 3991 1013 4052 lange
1025 3992 1116 4039 abeunt
1131 3987 1204 4035 catari

173 4063 204 4102 12
220 4055 262 4112 Ne
277 4056 372 4118 integra·
393 4055 543 4102 cumularem
560 4049 657 4115 nrm]
689 4057 740 4104 sire
757 4055 849 4116 scripti,
869 4054 918 4102 sire
935 4057 1024 4104 venusti
1039 4057 1107 4114 editi,
1123 4055 1158 4100 ita
1174 4057 1204 4098 nt

140 4121 179 4167 Ns
197 4121 297 4184 lapides,
314 4121 335 4168 si
354 4121 441 4184 integri
456 4123 615 4172 remanerent,
631 4119 657 4166 in
691 4121 757 4170 Ilion
776 4121 808 4168 sit
825 4121 931 4182 protecto
948 4123 978 4170 ab
996 4124 1076 4183 aliquo
1093 4117 1205 4167 emenda·

143 4188 264 4234 mulum
282 4185 411 4247 quemdam
434 4187 555 4233 minarum
578 4197 656 4232 artur·
689 4191 750 4236 tore.
774 4187 826 4234 Jac-
836 4189 972 4235 Gronovius
983 4188 1079 4251 propius
1090 4183 1204 4229 insistens

145 4259 234 4312 guent,
248 4252 288 4313 qut
302 4252 405 4314 speciem
415 4253 540 4311 quamdam
557 4251 657 4316 tempto.
689 4254 801 4313 satique·
817 4253 926 4300 rectionis
947 4253 1052 4314 vestiga·
1076 4245 1203 4309 tegendum

147 4327 195 4364 rma
205 4319 339 4365 dirutorum
351 4317 454 4364 reforma
690 4323 770 4367 cantet
792 4319 893 4376 Cnidus,
912 4331 982 4380 quem
1001 4316 1084 4378 urbem
1114 4311 1204 4371 lllyrici

180 4379 314 4446 samaa]
330 4383 361 4430 la
375 4381 422 4429 hoc
437 4382 658 4430 nominemenrlum
689 4383 762 4432 fuisse
777 4385 879 4431 adatmit
896 4399 924 4432 cx
938 4380 1092 4436 callimacho,
1109 4378 1203 4427 Plutus·

146 4445 214 4497 latere
231 4450 336 4514 probant
350 4452 441 4496 veteres
457 4448 514 4497 editi
528 4452 553 4496 et
568 4447 661 4511 scriptu
690 4451 746 4511 cho,
755 4449 884 4512 Stephano.
