3082 4976
374 169 432 224 tat
754 161 866 222 TlTl
899 163 1037 222 L1v11

212 349 244 399 u.
255 351 281 398 c
294 353 362 400 aaa·
374 325 414 392 ad
428 323 718 411 praeoccupandam
735 323 884 390 Coronen
900 325 1104 410 [profectus]
1119 349 1212 412 quarn
1229 329 1333 392 hostes
1346 343 1417 414 pete·

212 418 243 462 b
253 418 281 463 ⁰·
296 423 350 464 ¹⁸³·
374 413 462 489 bant,
478 412 511 476 in
527 410 608 474 valle
621 409 730 495 iniqua
741 432 813 474 cum
826 413 984 498 equitibus
999 415 1108 495 paucis
1118 413 1293 498 obpressus.
1324 409 1418 499 Ipsum

373 500 515 585 potuisse
535 496 672 582 effugere
688 495 851 562 Thracum
871 498 1132 584 Cretensiumque
1153 499 1272 564 auxilio
1294 502 1417 565 tradunt.

373 585 427 650 sed
450 583 555 670 pudor
576 583 773 666 relinquendi
795 585 925 668 equites,
943 585 1152 650 nobilissimos
1174 587 1287 672 gentis,
1303 587 1341 650 ab
1362 590 1418 670 ipso

372 693 475 755 nuper
499 669 605 743 lectos,
621 671 730 732 tenuit.
754 669 965 754 quibusdum
990 671 1095 736 locum
1119 671 1159 735 ad
1180 671 1353 736 eradendas
1372 695 1418 736 an-

164 769 167 776 ⁴
260 793 263 798 ·
371 759 491 843 gestias
506 755 649 905 coqendo
672 755 738 839 ipse
755 775 869 841 agmen
890 757 1023 841 praebet,
1039 757 1194 821 sustinens
1215 758 1340 842 inpetus
1359 757 1419 822 hos-

371 845 470 918 tium3
493 857 554 926 pr'o
566 861 643 924 apso
697 864 747 917 uo,
761 853 792 906 et
807 864 866 907 suo
887 842 954 926 ipse
975 867 1059 919 casu,
1074 856 1107 907 et
1128 865 1224 908 onere
1245 845 1320 930 equi
1340 867 1419 928 super

372 949 445 994 eum
467 927 598 1005 ruentis,
614 863 699 992 ballii
722 928 858 992 multum
882 927 990 1004 abfuit,
1007 930 1084 1015 quin
1106 930 1349 1008 exanimaretur,
1363 953 1420 1013 sep

372 1014 516 1102 tuaginta
540 1035 640 1078 annos
660 1015 727 1098 jam
751 1027 857 1090 natus,
873 1029 904 1078 et
930 1015 1053 1079 diutino
1076 1014 1198 1091 morbo,
1215 1037 1255 1078 ex
1278 1039 1341 1103 quo
1363 1029 1419 1080 turn

371 1102 511 1186 primum
527 1099 737 1176 reficiebatur,
752 1100 871 1164 viribus
885 1101 1053 1165 admodum
1070 1102 1258 1167 adtenuatis.
1276 1103 1419 1186 jacentem

372 1187 477 1252 hostes
501 1185 656 1270 superfusi
679 1186 918 1269 obpresserunt:
941 1189 1167 1273 cognitumque
1188 1188 1327 1271 primum
1350 1210 1421 1251 ave·

371 1272 527 1338 ¹secundia
548 1272 699 1336 memoria
722 1293 761 1335 ue
782 1273 980 1348 meritorum,
996 1271 1081 1337 haud
1106 1295 1306 1358 sequaquam
1323 1272 1420 1337 ducent

372 1379 479 1438 suum,
493 1357 651 1422 adtollunt
666 1294 883 1443 relatumque,
900 1374 984 1430 etex
1000 1358 1080 1423 velie
1095 1359 1186 1422 devia
1207 1361 1241 1422 iu
1257 1361 1340 1424 viam
1360 1382 1421 1444 por·

373 1458 451 1522 tant,
476 1446 530 1508 vix
558 1443 683 1508 sibimet
712 1444 772 1528 ipsi
802 1466 869 1527 prae
899 1445 1088 1526 necopinato
1111 1446 1231 1530 gaudio
1257 1445 1420 1519 credentem

372 1553 446 1615 pars
461 1529 594 1594 nuncios
611 1528 778 1594 Messenen
799 1532 1009 1614 praemittunt,
1025 1531 1217 1595 debellatum
1234 1553 1314 1612 esse,
1328 1530 1420 1594 lePhi·

372 1617 586 1701 lopoemenem
616 1627 761 1700 captum·
787 1616 912 1691 adduci.
960 1617 1103 1681 Primum
1133 1617 1213 1681 adeo
1242 1617 1420 1681 incredibilis
1485 1683 1486 1688 γ

354 1704 440 1770 ‘visa
453 1725 513 1779 res,
529 1714 566 1768 ut
586 1723 651 1766 uon
674 1725 733 1786 pro
748 1723 830 1766 vano
852 1703 959 1779 modo,
975 1702 1028 1766 sed
1044 1705 1100 1767 rix
1121 1725 1181 1788 pro
1203 1726 1282 1768 sano
1304 1704 1421 1768 nuncius

373 1790 546 1855 audiretur.
562 1787 685 1864 deinde,
698 1803 733 1853 ut
743 1811 838 1875 super
849 1789 946 1854 alium
959 1789 1039 1854 alius
1050 1789 1133 1852 idem
1147 1811 1260 1854 omnes
1269 1789 1421 1853 adfirman-
1485 1813 1486 1848 ς

374 1890 421 1942 tes
435 1875 613 1950 veniebant,
629 1875 756 1940 tandem
778 1874 861 1940 facta
881 1875 960 1938 fides
967 1899 976 1952 3
1000 1890 1041 1952 et,
1058 1878 1243 1962 priusquam
1266 1875 1421 1960 adpropin-
1485 1871 1486 1876 ’

374 1983 474 2046 quare
488 1960 561 2024 urbi
576 1961 651 2024 satis
666 1964 790 2036 scirent,
806 1961 848 2026 ad
865 1960 1080 2044 spectaculum
1100 1983 1221 2038 omnes,
1238 1962 1333 2026 simul
1347 1959 1421 2024 liberi

373 2069 412 2112 ac
434 2047 524 2123 servi,
554 2047 646 2130 pueri
674 2067 801 2131 quoque
826 2069 899 2111 cum
928 2046 1061 2123 feminis,
1088 2047 1307 2113 effunduntur.
1333 2049 1421 2132 itaque

375 2135 552 2198 clauserant
576 2143 700 2216 portam
727 2132 840 2210 turbae,
863 2133 975 2198 ⁸⁷dum
997 2155 1056 2219 pro
1082 2133 1275 2219 aequisque,
1290 2134 1349 2198 nisi
1369 2135 1421 2214 ipse

375 2220 475 2284 oculis
490 2220 555 2282 suis
570 2218 762 2295 credidisset,
778 2221 832 2283 vix
855 2241 914 2304 pro
929 2231 1090 2303 comperta
1112 2231 1233 2284 tantam
1257 2241 1324 2286 rem
1346 2219 1420 2282 habi·

374 2320 465 2371 turus
480 2305 649 2370 videretur.
694 2305 796 2386 AEgre
811 2305 1032 2370 submoventes
1043 2305 1153 2369 obvios
1167 2305 1289 2370 intrare
1303 2318 1420 2391 portam,

374 2391 429 2478 qui
458 2390 656 2456 adducebant
687 2390 968 2476 Philopoemenem,
999 2403 1181 2476 potuerunt,
1213 2391 1311 2479 atque
1344 2390 1421 2456 turba
1486 2435 1487 2442 .

373 2477 516 2544 conferta
527 2478 586 2542 iter
600 2476 758 2562 reliquum
774 2477 937 2544 clauserat.
959 2489 1000 2554 et,
1017 2485 1116 2562 quum
1135 2499 1209 2564 pars
1229 2479 1366 2544 maxima
1378 2497 1421 2540 ex·

374 2565 462 2630 clusa
486 2587 506 2627 a
527 2563 705 2648 spectaculo
726 2577 816 2640 esset,
833 2563 991 2628 theatrum
1016 2576 1154 2648 repente,
1177 2565 1267 2650 quod
1283 2566 1343 2628 viae
1361 2583 1420 2648 pro·

373 2651 529 2736 pinquum
544 2665 623 2729 erat,
635 2649 881 2734 compleverunt,
897 2664 938 2726 et,
955 2661 991 2714 ut
1005 2671 1043 2714 eo
1059 2649 1091 2712 in
1103 2671 1181 2714 cons
1205 2665 1313 2716 ectum
1328 2646 1420 2734 populi

373 2735 595 2813 adduceretur,
611 2757 675 2800 una
689 2757 765 2800 voce
782 2758 892 2800 omnes
912 2735 1137 2820 exposcebant.
1225 2738 1386 2821 agistratus
1397 2743 1421 2794 et

374 2824 544 2908 principes,
567 2821 668 2899 veriti,
692 2843 733 2886 ne
756 2844 850 2907 quem
879 2835 1001 2888 motum
1031 2823 1248 2887 misericordia
1273 2818 1419 2908 presentis

375 2911 455 2974 tanti
470 2910 531 2974 viri
546 2905 671 2986 faceret,
705 2930 782 2973 uum
800 2908 877 2973 alios
891 2908 1082 2972 verecundia
1103 2907 1247 2992 pristinae
1269 2904 1420 2995 majestatis

375 2996 502 3062 conlata
523 2931 835 3080 praesentilortunae‚
851 2993 928 3060 alios
949 2994 1129 3059 recordatio
1142 2995 1321 3080 ingentium
1343 2989 1420 3056 meri·

376 3097 482 3150 torum
508 3092 635 3146 motura
659 3094 748 3158 esset,
764 3081 877 3165 procul
901 3082 934 3145 in
961 3092 1131 3165 conspectu
1152 3103 1226 3146 eum
1248 3089 1419 3148 statuerunt.

375 3170 490 3234 deinde
504 3167 618 3250 raptim
630 3189 672 3231 ex
686 3168 785 3232 oculis
799 3166 965 3232 hominum
980 3167 1211 3244 abstraxerunt,
1224 3180 1360 3252 praetore
1372 3161 1420 3227 Di·

332 3289 334 3294 *
375 3269 505 3320 nocrate
519 3253 654 3329 dicente,
669 3275 743 3330 esse,
760 3276 833 3337 quae
847 3253 1038 3339 pertinentia
1050 3252 1090 3317 ad
1106 3275 1264 3318 summam
1278 3252 1350 3318 belli
1363 3268 1420 3334 per·

376 3341 518 3407 cunctari
544 3361 616 3404 aum
642 3339 845 3427 magistratus
868 3339 994 3404 vellent.
1038 3338 1155 3403 llInde
1179 3340 1318 3405 abducto
1339 3333 1419 3401 eoin

375 3427 506 3500 curiam,
522 3438 553 3489 et
568 3438 678 3490 senatu
694 3439 814 3502 vocato,
831 3425 1003 3489 consultari
1018 3436 1168 3509 coeptum.

214 3535 368 3584 tusubtsrrs-
420 3513 460 3577 L.
483 3513 556 3576 Jam
581 3511 860 3595 invesperascebat,
877 3524 909 3576 et
932 3533 997 3575 non
1021 3510 1120 3576 modo
1141 3508 1261 3594 cetera,
1273 3511 1326 3576 sed
1343 3529 1379 3572 ne
1394 3505 1420 3567 in

214 3615 283 3648 Μ
295 3601 342 3646 ⁰²¹·
375 3599 552 3686 proximam
569 3596 696 3682 quidem
712 3609 837 3662 noctem
853 3597 908 3662 ubi
923 3598 997 3661 satis
1012 3607 1083 3662 tuto
1105 3598 1328 3673 custodiretur,
1341 3613 1420 3676 expe·

214 3667 262 3778 ¹2¹²
273 3665 356 3780 Ψ
375 3686 515 3751 diebant.
560 3683 801 3768 Obstupueram
817 3683 856 3747 ad
873 3682 1125 3772 magnitudinem
1139 3684 1283 3771 pristinae
1294 3685 1357 3770 ejus
1369 3678 1420 3742 for·

780 3827 789 3854 ¹
801 3831 897 3885 captum
909 3825 954 3872 del.
966 3823 1041 3871 Gron.

397 3943 429 3986 86
438 3937 637 3998 Philopqmeaem
644 3945 740 3998 captum
746 3933 844 4000 adduct]
853 3937 892 3985 Sic
923 3938 977 3985 Nisi
987 3939 1041 3984 loco
1052 3935 1082 3984 ed
1092 3937 1149 3982 dum
1159 3937 1284 3997 legendum
1294 3940 1329 3981 ert
1339 3945 1405 3995 quun

375 4005 524 4052 oxonienses
535 4003 635 4049 Hearnii
646 4004 713 4049 codd.
725 4003 795 4049 sicet
812 4009 893 4050 noster
957 4008 987 4048 ⁸⁸
1004 3998 1222 4063 Iadcabdrsctoeo]
1252 3997 1418 4048 Taamoro-

375 4071 440 4116 Vict.
459 4072 484 4115 et
499 4069 600 4114 Andreae
618 4067 699 4114 editio.
733 4069 892 4114 Gronotiaua
925 4069 1009 4114 novior
1020 4067 1094 4114 nullis
1104 4067 1130 4112 in
1139 4067 1282 4113 membranis
1292 4061 1418 4124 aequorei&

376 4134 492 4180 editiones
504 4134 622 4178 omittant
632 4130 660 4178 ri
669 4138 773 4192 captum.
923 4133 994 4178 editis
1013 4136 1104 4178 astare
1118 4137 1163 4178 aut
1178 4133 1244 4189 tude,
1255 4136 1298 4178 aut
1307 4143 1337 4175 eo·
1365 4123 1417 4168 Vul-

410 4205 440 4248 st
457 4200 526 4246 Dum
535 4213 580 4258 pro
595 4212 620 4243 ae
636 4198 751 4259 quisque.
764 4227 770 4240 .
784 4196 892 4243 miden·
925 4211 1018 4256 quoque
1032 4197 1094 4244 liber
1110 4197 1169 4243 duas
1184 4198 1238 4244 illas
1248 4207 1315 4242 voces
1330 4191 1416 4264 it¹¹⁰f⁸l2

377 4263 430 4325 rar]
470 4263 550 4323 Magis
583 4263 695 4324 placeret,
722 4261 832 4308 adeam:
865 4275 893 4307 ac
926 4255 1404 4324 quibusssnefacilacarcrepotentorum

261 4381 264 4388 ¹
376 4327 416 4374 rix
438 4328 573 4376 dubitamus
598 4327 632 4376 sic
650 4327 770 4390 scripsisse
790 4326 892 4374 Livium.
