<?xml version="1.0" encoding="UTF-8"?>
<!DOCTYPE html PUBLIC "-//W3C//DTD XHTML 1.0 Transitional//EN"
    "http://www.w3.org/TR/xhtml1/DTD/xhtml1-transitional.dtd">
<html xmlns="http://www.w3.org/1999/xhtml" xml:lang="en" lang="en">
 <head>
  <title>
</title>
<meta http-equiv="Content-Type" content="text/html;charset=utf-8" />
  <meta name='ocr-system' content='tesseract 3.04.00' />
  <meta name='ocr-capabilities' content='ocr_page ocr_carea ocr_par ocr_line ocrx_word'/>
</head>
<body>
  <div class='ocr_page' id='page_1' title='image "./tliviipatavinih04crevgoog_0016.png"; bbox 0 0 3042 4954; ppageno 0'>
   <div class='ocr_carea' id='block_1_1' title="bbox 414 131 1175 246">
    <p class='ocr_par' dir='ltr' id='par_1_1' title="bbox 414 131 1175 246">
     <span class='ocr_line' id='line_1_1' title="bbox 414 131 1175 246; baseline 0.001 -16"><span class='ocrx_word' id='word_1_1' title='bbox 414 171 519 232; x_wconf 52' lang='lat' dir='ltr'><strong>nra„</strong></span> <span class='ocrx_word' id='word_1_2' title='bbox 536 169 654 230; x_wconf 79' lang='lat' dir='ltr'><strong>xxxi.</strong></span> <span class='ocrx_word' id='word_1_3' title='bbox 681 131 785 232; x_wconf 80' lang='lat' dir='ltr'><strong>cnr.</strong></span> <span class='ocrx_word' id='word_1_4' title='bbox 813 172 868 232; x_wconf 86' lang='lat' dir='ltr'><strong>rx.</strong></span> <span class='ocrx_word' id='word_1_5' title='bbox 1154 181 1175 246; x_wconf 80' lang='lat'><strong>9</strong></span> 
     </span>
    </p>
   </div>
   <div class='ocr_carea' id='block_1_2' title="bbox 17 333 1387 3016">
    <p class='ocr_par' dir='ltr' id='par_1_2' title="bbox 104 333 1322 660">
     <span class='ocr_line' id='line_1_2' title="bbox 111 333 1322 424; baseline 0 -20"><span class='ocrx_word' id='word_1_6' title='bbox 111 337 161 404; x_wconf 90' lang='lat' dir='ltr'><strong>M.</strong></span> <span class='ocrx_word' id='word_1_7' title='bbox 185 333 314 402; x_wconf 84' lang='lat' dir='ltr'><strong>Valerio</strong></span> <span class='ocrx_word' id='word_1_8' title='bbox 338 335 477 415; x_wconf 84' lang='lat' dir='ltr'><strong>Faltoni,</strong></span> <span class='ocrx_word' id='word_1_9' title='bbox 500 335 556 422; x_wconf 91' lang='lat' dir='ltr'><strong>qui</strong></span> <span class='ocrx_word' id='word_1_10' title='bbox 581 346 701 422; x_wconf 70' lang='lat' dir='ltr'><strong>praetor</strong></span> <span class='ocrx_word' id='word_1_11' title='bbox 726 334 832 419; x_wconf 86' lang='lat' dir='ltr'><strong>priore</strong></span> <span class='ocrx_word' id='word_1_12' title='bbox 856 355 942 400; x_wconf 90' lang='lat' dir='ltr'><strong>anno</strong></span> <span class='ocrx_word' id='word_1_13' title='bbox 965 335 1172 424; x_wconf 86' lang='lat' dir='ltr'><strong>Campaniam</strong></span> <span class='ocrx_word' id='word_1_14' title='bbox 1184 357 1322 405; x_wconf 59' lang='lat' dir='ltr'><strong>uonna.</strong></span> 
     </span>
     <span class='ocr_line' id='line_1_3' title="bbox 104 421 1321 510; baseline 0.002 -22"><span class='ocrx_word' id='word_1_15' title='bbox 104 424 304 510; x_wconf 75' lang='lat' dir='ltr'><strong>prouinciam</strong></span> <span class='ocrx_word' id='word_1_16' title='bbox 322 421 493 500; x_wconf 85' lang='lat' dir='ltr'><strong>babuerat,</strong></span> <span class='ocrx_word' id='word_1_17' title='bbox 508 436 715 510; x_wconf 81' lang='lat' dir='ltr'><strong>prorogatum</strong></span> <span class='ocrx_word' id='word_1_18' title='bbox 731 423 764 486; x_wconf 92' lang='lat' dir='ltr'><strong>in</strong></span> <span class='ocrx_word' id='word_1_19' title='bbox 785 443 904 496; x_wconf 86' lang='lat' dir='ltr'><strong>annum</strong></span> <span class='ocrx_word' id='word_1_20' title='bbox 927 423 1096 508; x_wconf 88' lang='lat' dir='ltr'><strong>imperium</strong></span> <span class='ocrx_word' id='word_1_21' title='bbox 1110 421 1253 502; x_wconf 54' lang='lat' dir='ltr'><strong>esum·</strong></span> <span class='ocrx_word' id='word_1_22' title='bbox 1264 427 1321 470; x_wconf 73' lang='lat'><strong>¹⁰⁰·</strong></span> 
     </span>
     <span class='ocr_line' id='line_1_4' title="bbox 109 507 1176 660; baseline 0.002 -86"><span class='ocrx_word' id='word_1_23' title='bbox 109 512 159 574; x_wconf 90' lang='lat' dir='ltr'><strong>uti</strong></span> <span class='ocrx_word' id='word_1_24' title='bbox 173 521 351 596; x_wconf 77' lang='lat' dir='ltr'><strong>propraetor</strong></span> <span class='ocrx_word' id='word_1_25' title='bbox 365 509 397 572; x_wconf 91' lang='lat' dir='ltr'><strong>in</strong></span> <span class='ocrx_word' id='word_1_26' title='bbox 416 509 596 575; x_wconf 77' lang='lat' dir='ltr'><strong>Sardiniam</strong></span> <span class='ocrx_word' id='word_1_27' title='bbox 611 509 779 595; x_wconf 79' lang='lat' dir='ltr'><strong>trajiceret,</strong></span> <span class='ocrx_word' id='word_1_28' title='bbox 790 523 886 660; x_wconf 62' lang='lat' dir='ltr'><strong>atppe</strong></span> <span class='ocrx_word' id='word_1_29' title='bbox 900 507 940 573; x_wconf 84' lang='lat' dir='ltr'><strong>‹le</strong></span> <span class='ocrx_word' id='word_1_30' title='bbox 954 512 1107 588; x_wconf 83' lang='lat' dir='ltr'><strong>exercitu,</strong></span> <span class='ocrx_word' id='word_1_31' title='bbox 1120 511 1176 598; x_wconf 89' lang='lat' dir='ltr'><strong>qui</strong></span> 
     </span>
    </p>

    <p class='ocr_par' dir='ltr' id='par_1_3' title="bbox 109 594 1175 682">
     <span class='ocr_line' id='line_1_5' title="bbox 109 594 1175 682; baseline 0.002 -22"><span class='ocrx_word' id='word_1_32' title='bbox 109 597 156 662; x_wconf 88' lang='lat' dir='ltr'><strong>ibi</strong></span> <span class='ocrx_word' id='word_1_33' title='bbox 171 611 256 676; x_wconf 86' lang='lat' dir='ltr'><strong>esset,</strong></span> <span class='ocrx_word' id='word_1_34' title='bbox 271 594 527 682; x_wconf 84' lang='lat' dir='ltr'><strong>quinquemillia</strong></span> <span class='ocrx_word' id='word_1_35' title='bbox 542 595 661 660; x_wconf 86' lang='lat' dir='ltr'><strong>sociinn</strong></span> <span class='ocrx_word' id='word_1_36' title='bbox 677 595 816 660; x_wconf 81' lang='lat' dir='ltr'><strong>nominis</strong></span> <span class='ocrx_word' id='word_1_37' title='bbox 860 596 949 673; x_wconf 90' lang='lat' dir='ltr'><strong>atini,</strong></span> <span class='ocrx_word' id='word_1_38' title='bbox 963 595 1049 682; x_wconf 70' lang='lat' dir='ltr'><strong>“qui</strong></span> <span class='ocrx_word' id='word_1_39' title='bbox 1064 619 1175 662; x_wconf 89' lang='lat' dir='ltr'><strong>eorum</strong></span> 
     </span>
    </p>

    <p class='ocr_par' dir='ltr' id='par_1_4' title="bbox 104 681 1175 769">
     <span class='ocr_line' id='line_1_6' title="bbox 104 681 1175 769; baseline 0 -21"><span class='ocrx_word' id='word_1_40' title='bbox 104 683 239 748; x_wconf 87' lang='lat' dir='ltr'><strong>minime</strong></span> <span class='ocrx_word' id='word_1_41' title='bbox 251 681 353 747; x_wconf 90' lang='lat' dir='ltr'><strong>multa</strong></span> <span class='ocrx_word' id='word_1_42' title='bbox 368 681 526 766; x_wconf 85' lang='lat' dir='ltr'><strong>stipendia</strong></span> <span class='ocrx_word' id='word_1_43' title='bbox 547 681 689 760; x_wconf 83' lang='lat' dir='ltr'><strong>haberet,</strong></span> <span class='ocrx_word' id='word_1_44' title='bbox 705 681 831 769; x_wconf 87' lang='lat' dir='ltr'><strong>legeret.</strong></span> <span class='ocrx_word' id='word_1_45' title='bbox 877 681 921 746; x_wconf 86' lang='lat' dir='ltr'><strong>Et</strong></span> <span class='ocrx_word' id='word_1_46' title='bbox 937 683 1082 748; x_wconf 82' lang='lat' dir='ltr'><strong>consules</strong></span> <span class='ocrx_word' id='word_1_47' title='bbox 1096 681 1175 748; x_wconf 82' lang='lat' dir='ltr'><strong>(luae</strong></span> 
     </span>
    </p>

    <p class='ocr_par' dir='ltr' id='par_1_5' title="bbox 109 768 1174 855">
     <span class='ocr_line' id='line_1_7' title="bbox 109 768 1174 855; baseline 0 -20"><span class='ocrx_word' id='word_1_48' title='bbox 109 772 247 835; x_wconf 87' lang='lat' dir='ltr'><strong>urbanas</strong></span> <span class='ocrx_word' id='word_1_49' title='bbox 270 769 279 832; x_wconf 99' lang='lat' dir='ltr'><strong>l</strong></span> <span class='ocrx_word' id='word_1_50' title='bbox 324 769 411 833; x_wconf 88' lang='lat' dir='ltr'><strong>&#39;ones</strong></span> <span class='ocrx_word' id='word_1_51' title='bbox 433 768 572 834; x_wconf 86' lang='lat' dir='ltr'><strong>seribere</strong></span> <span class='ocrx_word' id='word_1_52' title='bbox 589 769 687 855; x_wconf 73' lang='lat' dir='ltr'><strong>jussit</strong></span> <span class='ocrx_word' id='word_1_53' title='bbox 710 790 794 854; x_wconf 75' lang='lat' dir='ltr'><strong>qaae,</strong></span> <span class='ocrx_word' id='word_1_54' title='bbox 810 768 836 832; x_wconf 93' lang='lat' dir='ltr'><strong>si</strong></span> <span class='ocrx_word' id='word_1_55' title='bbox 858 791 923 855; x_wconf 93' lang='lat' dir='ltr'><strong>quo</strong></span> <span class='ocrx_word' id='word_1_56' title='bbox 946 790 996 832; x_wconf 83' lang='lat' dir='ltr'><strong>res</strong></span> <span class='ocrx_word' id='word_1_57' title='bbox 1020 783 1174 854; x_wconf 84' lang='lat' dir='ltr'><strong>posceret,</strong></span> 
     </span>
    </p>

    <p class='ocr_par' dir='ltr' id='par_1_6' title="bbox 109 791 1174 942">
     <span class='ocr_line' id='line_1_8' title="bbox 109 791 1174 942; baseline 0.002 -22"><span class='ocrx_word' id='word_1_58' title='bbox 109 857 215 921; x_wconf 87' lang='lat' dir='ltr'><strong>multia</strong></span> <span class='ocrx_word' id='word_1_59' title='bbox 237 791 390 923; x_wconf 55' lang='lat' dir='ltr'><strong>ineffalia</strong></span> <span class='ocrx_word' id='word_1_60' title='bbox 410 855 599 920; x_wconf 65' lang='lat' dir='ltr'><strong>³⁷contactis</strong></span> <span class='ocrx_word' id='word_1_61' title='bbox 621 855 768 942; x_wconf 81' lang='lat' dir='ltr'><strong>gentibus</strong></span> <span class='ocrx_word' id='word_1_62' title='bbox 783 855 897 918; x_wconf 86' lang='lat' dir='ltr'><strong>Punici</strong></span> <span class='ocrx_word' id='word_1_63' title='bbox 918 853 994 920; x_wconf 88' lang='lat' dir='ltr'><strong>belli</strong></span> <span class='ocrx_word' id='word_1_64' title='bbox 1016 856 1174 936; x_wconf 85' lang='lat' dir='ltr'><strong>societate,</strong></span> 
     </span>
    </p>

    <p class='ocr_par' dir='ltr' id='par_1_7' title="bbox 108 941 1387 1114">
     <span class='ocr_line' id='line_1_9' title="bbox 108 941 1387 1030; baseline 0 -24"><span class='ocrx_word' id='word_1_65' title='bbox 108 946 217 1030; x_wconf 89' lang='lat' dir='ltr'><strong>iraque</strong></span> <span class='ocrx_word' id='word_1_66' title='bbox 232 942 308 1008; x_wconf 91' lang='lat' dir='ltr'><strong>inde</strong></span> <span class='ocrx_word' id='word_1_67' title='bbox 322 943 528 1018; x_wconf 84' lang='lat' dir='ltr'><strong>tumentibus,</strong></span> <span class='ocrx_word' id='word_1_68' title='bbox 544 942 756 1008; x_wconf 80' lang='lat' dir='ltr'><strong>mitterentur.</strong></span> <span class='ocrx_word' id='word_1_69' title='bbox 780 941 845 1007; x_wconf 86' lang='lat' dir='ltr'><strong>Sex</strong></span> <span class='ocrx_word' id='word_1_70' title='bbox 861 941 1040 1030; x_wconf 80' lang='lat' dir='ltr'><strong>legionibus</strong></span> <span class='ocrx_word' id='word_1_71' title='bbox 1056 943 1176 1009; x_wconf 85' lang='lat' dir='ltr'><strong>Roma·</strong></span> <span class='ocrx_word' id='word_1_72' title='bbox 1186 959 1332 1016; x_wconf 57' lang='lat' dir='ltr'><strong>antonne.</strong></span> <span class='ocrx_word' id='word_1_73' title='bbox 1381 951 1387 968; x_wconf 78' lang='grc'><em>“</em></span> 
     </span>
     <span class='ocr_line' id='line_1_10' title="bbox 108 1029 831 1114; baseline -0.001 -20"><span class='ocrx_word' id='word_1_74' title='bbox 108 1031 156 1095; x_wconf 92' lang='lat' dir='ltr'><strong>nis</strong></span> <span class='ocrx_word' id='word_1_75' title='bbox 172 1053 211 1094; x_wconf 85' lang='lat' dir='ltr'><strong>eo</strong></span> <span class='ocrx_word' id='word_1_76' title='bbox 227 1052 314 1094; x_wconf 86' lang='lat' dir='ltr'><strong>anno</strong></span> <span class='ocrx_word' id='word_1_77' title='bbox 330 1051 426 1094; x_wconf 89' lang='lat' dir='ltr'><strong>usura</strong></span> <span class='ocrx_word' id='word_1_78' title='bbox 439 1029 617 1114; x_wconf 84' lang='lat' dir='ltr'><strong>respublica</strong></span> <span class='ocrx_word' id='word_1_79' title='bbox 630 1042 708 1094; x_wconf 86' lang='lat' dir='ltr'><strong>erat.</strong></span> <span class='ocrx_word' id='word_1_80' title='bbox 828 1046 831 1055; x_wconf 87' lang='grc'><em>·</em></span> 
     </span>
    </p>

    <p class='ocr_par' dir='ltr' id='par_1_8' title="bbox 104 1114 1327 1980">
     <span class='ocr_line' id='line_1_11' title="bbox 150 1114 1327 1203; baseline -0.003 -21"><span class='ocrx_word' id='word_1_81' title='bbox 150 1117 218 1182; x_wconf 89' lang='grc' dir='ltr'><strong>ΙΧ.</strong></span> <span class='ocrx_word' id='word_1_82' title='bbox 242 1117 283 1181; x_wconf 90' lang='lat' dir='ltr'><strong>In</strong></span> <span class='ocrx_word' id='word_1_83' title='bbox 304 1117 375 1201; x_wconf 90' lang='lat' dir='ltr'><strong>ipso</strong></span> <span class='ocrx_word' id='word_1_84' title='bbox 396 1115 553 1199; x_wconf 87' lang='lat' dir='ltr'><strong>adparatu</strong></span> <span class='ocrx_word' id='word_1_85' title='bbox 575 1114 651 1180; x_wconf 86' lang='lat' dir='ltr'><strong>belli</strong></span> <span class='ocrx_word' id='word_1_86' title='bbox 673 1115 769 1200; x_wconf 70' lang='lat' dir='ltr'><strong>legati</strong></span> <span class='ocrx_word' id='word_1_87' title='bbox 784 1114 824 1180; x_wconf 91' lang='lat' dir='ltr'><strong>ab</strong></span> <span class='ocrx_word' id='word_1_88' title='bbox 842 1137 917 1203; x_wconf 83' lang='lat' dir='ltr'><strong>rege</strong></span> <span class='ocrx_word' id='word_1_89' title='bbox 933 1115 1109 1181; x_wconf 73' lang='lat' dir='ltr'><strong>Ptolemaeo</strong></span> <span class='ocrx_word' id='word_1_90' title='bbox 1122 1139 1176 1182; x_wconf 84' lang='lat' dir='ltr'><strong>re·</strong></span> <span class='ocrx_word' id='word_1_91' title='bbox 1184 1131 1327 1186; x_wconf 65' lang='lat' dir='ltr'><strong>horino</strong></span> 
     </span>
     <span class='ocr_line' id='line_1_12' title="bbox 109 1197 1268 1289; baseline 0 -21"><span class='ocrx_word' id='word_1_92' title='bbox 109 1215 237 1283; x_wconf 85' lang='lat' dir='ltr'><strong>nerunt,</strong></span> <span class='ocrx_word' id='word_1_93' title='bbox 257 1201 349 1289; x_wconf 74' lang='lat' dir='ltr'><strong>⁵⁸qui</strong></span> <span class='ocrx_word' id='word_1_94' title='bbox 376 1203 578 1279; x_wconf 79' lang='lat' dir='ltr'><strong>nunciarunt,</strong></span> <span class='ocrx_word' id='word_1_95' title='bbox 602 1202 803 1267; x_wconf 79' lang='lat' dir='ltr'><strong>Athenienses</strong></span> <span class='ocrx_word' id='word_1_96' title='bbox 830 1205 973 1268; x_wconf 81' lang='lat' dir='ltr'><strong>advertus</strong></span> <span class='ocrx_word' id='word_1_97' title='bbox 992 1205 1176 1288; x_wconf 79' lang='lat' dir='ltr'><strong>Philippum</strong></span> <span class='ocrx_word' id='word_1_98' title='bbox 1185 1197 1268 1244; x_wconf 40' lang='lat'>¹⁸¹⁰&amp;</span> 
     </span>
     <span class='ocr_line' id='line_1_13' title="bbox 104 1291 1178 1374; baseline 0 -20"><span class='ocrx_word' id='word_1_99' title='bbox 104 1293 219 1374; x_wconf 81' lang='lat' dir='ltr'><strong>petisse</strong></span> <span class='ocrx_word' id='word_1_100' title='bbox 233 1291 273 1354; x_wconf 87' lang='lat' dir='ltr'><strong>ab</strong></span> <span class='ocrx_word' id='word_1_101' title='bbox 287 1312 359 1374; x_wconf 86' lang='lat' dir='ltr'><strong>rege</strong></span> <span class='ocrx_word' id='word_1_102' title='bbox 373 1291 534 1354; x_wconf 71' lang='lat' dir='ltr'><strong>amilium.</strong></span> <span class='ocrx_word' id='word_1_103' title='bbox 549 1298 687 1362; x_wconf 83' lang='lat' dir='ltr'><strong>cetarum,</strong></span> <span class='ocrx_word' id='word_1_104' title='bbox 701 1293 759 1353; x_wconf 85' lang='lat' dir='ltr'><strong>etsi</strong></span> <span class='ocrx_word' id='word_1_105' title='bbox 771 1311 936 1354; x_wconf 79' lang='lat' dir='ltr'><strong>catanance</strong></span> <span class='ocrx_word' id='word_1_106' title='bbox 948 1292 1025 1354; x_wconf 84' lang='lat' dir='ltr'><strong>socii</strong></span> <span class='ocrx_word' id='word_1_107' title='bbox 1037 1292 1111 1368; x_wconf 83' lang='lat' dir='ltr'><strong>sint,</strong></span> <span class='ocrx_word' id='word_1_108' title='bbox 1127 1301 1178 1354; x_wconf 93' lang='lat' dir='ltr'><strong>ta·</strong></span> 
     </span>
     <span class='ocr_line' id='line_1_14' title="bbox 109 1376 1179 1462; baseline 0.002 -20"><span class='ocrx_word' id='word_1_109' title='bbox 109 1400 184 1454; x_wconf 86' lang='lat' dir='ltr'><strong>men,</strong></span> <span class='ocrx_word' id='word_1_110' title='bbox 201 1378 318 1440; x_wconf 79' lang='lat' dir='ltr'><strong>nisiae</strong></span> <span class='ocrx_word' id='word_1_111' title='bbox 332 1378 517 1440; x_wconf 71' lang='lat' dir='ltr'><strong>amaritate</strong></span> <span class='ocrx_word' id='word_1_112' title='bbox 531 1377 644 1460; x_wconf 81' lang='lat' dir='ltr'><strong>papati</strong></span> <span class='ocrx_word' id='word_1_113' title='bbox 657 1376 804 1453; x_wconf 66' lang='lat' dir='ltr'><strong>Roaiam,</strong></span> <span class='ocrx_word' id='word_1_114' title='bbox 820 1397 916 1460; x_wconf 85' lang='lat' dir='ltr'><strong>neque</strong></span> <span class='ocrx_word' id='word_1_115' title='bbox 934 1378 1066 1454; x_wconf 83' lang='lat' dir='ltr'><strong>classen,</strong></span> <span class='ocrx_word' id='word_1_116' title='bbox 1083 1398 1179 1462; x_wconf 82' lang='lat' dir='ltr'><strong>neque</strong></span> 
     </span>
     <span class='ocr_line' id='line_1_15' title="bbox 107 1461 1178 1549; baseline 0.001 -22"><span class='ocrx_word' id='word_1_117' title='bbox 107 1465 270 1528; x_wconf 72' lang='lat' dir='ltr'><strong>exercitum</strong></span> <span class='ocrx_word' id='word_1_118' title='bbox 293 1463 479 1546; x_wconf 63' lang='lat' dir='ltr'><strong>dffendendi</strong></span> <span class='ocrx_word' id='word_1_119' title='bbox 492 1472 548 1526; x_wconf 86' lang='lat' dir='ltr'><strong>aut</strong></span> <span class='ocrx_word' id='word_1_120' title='bbox 560 1463 760 1546; x_wconf 79' lang='lat' dir='ltr'><strong>obpugnandi</strong></span> <span class='ocrx_word' id='word_1_121' title='bbox 771 1461 944 1546; x_wconf 71' lang='lat' dir='ltr'><strong>mjasquam</strong></span> <span class='ocrx_word' id='word_1_122' title='bbox 959 1483 1065 1528; x_wconf 85' lang='lat' dir='ltr'><strong>caussa</strong></span> <span class='ocrx_word' id='word_1_123' title='bbox 1079 1485 1178 1549; x_wconf 82' lang='lat' dir='ltr'><strong>regem</strong></span> 
     </span>
     <span class='ocr_line' id='line_1_16' title="bbox 110 1549 1179 1636; baseline 0.001 -22"><span class='ocrx_word' id='word_1_124' title='bbox 110 1554 143 1614; x_wconf 84' lang='lat' dir='ltr'><strong>in</strong></span> <span class='ocrx_word' id='word_1_125' title='bbox 160 1550 319 1614; x_wconf 66' lang='lat' dir='ltr'><strong>Graeciam</strong></span> <span class='ocrx_word' id='word_1_126' title='bbox 341 1550 498 1614; x_wconf 71' lang='lat' dir='ltr'><strong>misenam</strong></span> <span class='ocrx_word' id='word_1_127' title='bbox 512 1571 582 1613; x_wconf 86' lang='lat' dir='ltr'><strong>esse.</strong></span> <span class='ocrx_word' id='word_1_128' title='bbox 631 1549 687 1612; x_wconf 86' lang='lat' dir='ltr'><strong>Vei</strong></span> <span class='ocrx_word' id='word_1_129' title='bbox 706 1550 877 1632; x_wconf 80' lang='lat' dir='ltr'><strong>quieturum</strong></span> <span class='ocrx_word' id='word_1_130' title='bbox 899 1570 965 1612; x_wconf 87' lang='lat' dir='ltr'><strong>eum</strong></span> <span class='ocrx_word' id='word_1_131' title='bbox 980 1551 1014 1612; x_wconf 86' lang='lat' dir='ltr'><strong>in</strong></span> <span class='ocrx_word' id='word_1_132' title='bbox 1029 1571 1133 1636; x_wconf 86' lang='lat' dir='ltr'><strong>regno,</strong></span> <span class='ocrx_word' id='word_1_133' title='bbox 1149 1553 1179 1615; x_wconf 84' lang='lat' dir='ltr'><strong>si</strong></span> 
     </span>
     <span class='ocr_line' id='line_1_17' title="bbox 109 1635 1178 1720; baseline 0.001 -21"><span class='ocrx_word' id='word_1_134' title='bbox 109 1639 220 1720; x_wconf 85' lang='lat' dir='ltr'><strong>populo</strong></span> <span class='ocrx_word' id='word_1_135' title='bbox 230 1637 373 1700; x_wconf 85' lang='lat' dir='ltr'><strong>Romano</strong></span> <span class='ocrx_word' id='word_1_136' title='bbox 385 1636 481 1700; x_wconf 83' lang='lat' dir='ltr'><strong>socios</strong></span> <span class='ocrx_word' id='word_1_137' title='bbox 491 1636 653 1720; x_wconf 79' lang='lat' dir='ltr'><strong>defendere</strong></span> <span class='ocrx_word' id='word_1_138' title='bbox 665 1636 757 1699; x_wconf 86' lang='lat' dir='ltr'><strong>liceat</strong></span> <span class='ocrx_word' id='word_1_139' title='bbox 763 1669 775 1707; x_wconf 87' lang='lat'><strong>‚·</strong></span> <span class='ocrx_word' id='word_1_140' title='bbox 792 1636 840 1698; x_wconf 87' lang='lat' dir='ltr'><strong>oet</strong></span> <span class='ocrx_word' id='word_1_141' title='bbox 853 1635 1006 1700; x_wconf 82' lang='lat' dir='ltr'><strong>Romanos</strong></span> <span class='ocrx_word' id='word_1_142' title='bbox 1016 1637 1178 1720; x_wconf 79' lang='lat' dir='ltr'><strong>quiescere,</strong></span> 
     </span>
     <span class='ocr_line' id='line_1_18' title="bbox 109 1721 1180 1806; baseline 0.002 -20"><span class='ocrx_word' id='word_1_143' title='bbox 109 1726 143 1787; x_wconf 79' lang='lat' dir='ltr'><strong>ri</strong></span> <span class='ocrx_word' id='word_1_144' title='bbox 149 1725 273 1799; x_wconf 85' lang='lat' dir='ltr'><strong>mutiat,</strong></span> <span class='ocrx_word' id='word_1_145' title='bbox 283 1743 457 1805; x_wconf 78' lang='lat' dir='ltr'><strong>patrumm,</strong></span> <span class='ocrx_word' id='word_1_146' title='bbox 474 1731 565 1805; x_wconf 82' lang='lat' dir='ltr'><strong>atque</strong></span> <span class='ocrx_word' id='word_1_147' title='bbox 579 1723 675 1805; x_wconf 81' lang='lat' dir='ltr'><strong>a&#39;psum</strong></span> <span class='ocrx_word' id='word_1_148' title='bbox 690 1722 822 1797; x_wconf 77' lang='lat' dir='ltr'><strong>auritio,</strong></span> <span class='ocrx_word' id='word_1_149' title='bbox 838 1741 906 1806; x_wconf 76' lang='lat' dir='ltr'><strong>quae</strong></span> <span class='ocrx_word' id='word_1_150' title='bbox 915 1721 1021 1805; x_wconf 84' lang='lat' dir='ltr'><strong>facite</strong></span> <span class='ocrx_word' id='word_1_151' title='bbox 1034 1723 1180 1788; x_wconf 70' lang='lat' dir='ltr'><strong>adoneus</strong></span> 
     </span>
     <span class='ocr_line' id='line_1_19' title="bbox 111 1807 1271 1896; baseline -0.007 -22"><span class='ocrx_word' id='word_1_152' title='bbox 111 1812 294 1894; x_wconf 73' lang='lat' dir='ltr'><strong>Philippum</strong></span> <span class='ocrx_word' id='word_1_153' title='bbox 307 1810 391 1873; x_wconf 83' lang='lat' dir='ltr'><strong>tueri</strong></span> <span class='ocrx_word' id='word_1_154' title='bbox 403 1809 542 1873; x_wconf 79' lang='lat' dir='ltr'><strong>Athenas</strong></span> <span class='ocrx_word' id='word_1_155' title='bbox 555 1818 689 1891; x_wconf 80' lang='lat' dir='ltr'><strong>possent,</strong></span> <span class='ocrx_word' id='word_1_156' title='bbox 705 1810 872 1874; x_wconf 75' lang='lat' dir='ltr'><strong>missiama-</strong></span> <span class='ocrx_word' id='word_1_157' title='bbox 917 1807 1040 1880; x_wconf 76' lang='lat' dir='ltr'><strong>Gratim</strong></span> <span class='ocrx_word' id='word_1_158' title='bbox 1055 1809 1124 1896; x_wconf 79' lang='lat' dir='ltr'><strong>regi</strong></span> <span class='ocrx_word' id='word_1_159' title='bbox 1139 1811 1179 1872; x_wconf 87' lang='lat' dir='ltr'><strong>ab</strong></span> <span class='ocrx_word' id='word_1_160' title='bbox 1269 1859 1271 1866; x_wconf 82' lang='grc'>,</span> 
     </span>
     <span class='ocr_line' id='line_1_20' title="bbox 111 1893 1180 1980; baseline 0.001 -20"><span class='ocrx_word' id='word_1_161' title='bbox 111 1910 220 1962; x_wconf 88' lang='lat' dir='ltr'><strong>senatu</strong></span> <span class='ocrx_word' id='word_1_162' title='bbox 235 1909 327 1972; x_wconf 84' lang='lat' dir='ltr'><strong>actae,</strong></span> <span class='ocrx_word' id='word_1_163' title='bbox 339 1915 608 1980; x_wconf 85' lang='lat' dir='ltr'><strong>responsumque3</strong></span> <span class='ocrx_word' id='word_1_164' title='bbox 628 1893 743 1958; x_wconf 81' lang='lat' dir='ltr'><strong>Toturt&#39;</strong></span> <span class='ocrx_word' id='word_1_165' title='bbox 755 1896 851 1959; x_wconf 80' lang='lat' dir='ltr'><strong>socios</strong></span> <span class='ocrx_word' id='word_1_166' title='bbox 859 1895 977 1978; x_wconf 80' lang='lat' dir='ltr'><strong>populo</strong></span> <span class='ocrx_word' id='word_1_167' title='bbox 988 1896 1131 1960; x_wconf 82' lang='lat' dir='ltr'><strong>Rornano</strong></span> <span class='ocrx_word' id='word_1_168' title='bbox 1145 1898 1180 1961; x_wconf 86' lang='lat' dir='ltr'><strong>in</strong></span> 
     </span>
    </p>

    <p class='ocr_par' dir='ltr' id='par_1_9' title="bbox 17 1980 1195 2674">
     <span class='ocr_line' id='line_1_21' title="bbox 17 1980 1178 2068; baseline 0.002 -22"><span class='ocrx_word' id='word_1_169' title='bbox 17 1995 18 2046; x_wconf 73' lang='lat'>1</span> <span class='ocrx_word' id='word_1_170' title='bbox 111 1985 212 2048; x_wconf 84' lang='lat' dir='ltr'><strong>animo</strong></span> <span class='ocrx_word' id='word_1_171' title='bbox 227 2005 306 2048; x_wconf 78' lang='lat' dir='ltr'><strong>esse:</strong></span> <span class='ocrx_word' id='word_1_172' title='bbox 321 1981 379 2047; x_wconf 77' lang='lat' dir='ltr'><strong>³⁹si</strong></span> <span class='ocrx_word' id='word_1_173' title='bbox 393 2003 500 2066; x_wconf 84' lang='lat' dir='ltr'><strong>quare</strong></span> <span class='ocrx_word' id='word_1_174' title='bbox 514 1984 557 2044; x_wconf 91' lang='lat' dir='ltr'><strong>od</strong></span> <span class='ocrx_word' id='word_1_175' title='bbox 571 1980 726 2044; x_wconf 86' lang='lat' dir='ltr'><strong>idbellum</strong></span> <span class='ocrx_word' id='word_1_176' title='bbox 740 1982 879 2063; x_wconf 69' lang='lat' dir='ltr'><strong>opressit,</strong></span> <span class='ocrx_word' id='word_1_177' title='bbox 895 1981 1086 2048; x_wconf 81' lang='lat' dir='ltr'><strong>indicaturos</strong></span> <span class='ocrx_word' id='word_1_178' title='bbox 1101 1986 1178 2068; x_wconf 82' lang='lat' dir='ltr'><strong>regi.</strong></span> 
     </span>
     <span class='ocr_line' id='line_1_22' title="bbox 112 2067 1181 2155; baseline 0.001 -22"><span class='ocrx_word' id='word_1_179' title='bbox 112 2073 258 2155; x_wconf 83' lang='lat' dir='ltr'><strong>regnique</strong></span> <span class='ocrx_word' id='word_1_180' title='bbox 268 2067 331 2154; x_wconf 70' lang='lat' dir='ltr'><strong>qius</strong></span> <span class='ocrx_word' id='word_1_181' title='bbox 341 2090 414 2151; x_wconf 83' lang='lat' dir='ltr'><strong>opes</strong></span> <span class='ocrx_word' id='word_1_182' title='bbox 426 2069 505 2133; x_wconf 77' lang='lat' dir='ltr'><strong>scire</strong></span> <span class='ocrx_word' id='word_1_183' title='bbox 514 2067 753 2150; x_wconf 77' lang='lat' dir='ltr'><strong>ntbsidiafirma</strong></span> <span class='ocrx_word' id='word_1_184' title='bbox 763 2069 919 2150; x_wconf 80' lang='lat' dir='ltr'><strong>acfidelia</strong></span> <span class='ocrx_word' id='word_1_185' title='bbox 929 2069 1181 2152; x_wconf 73' lang='lat' dir='ltr'><strong>naceretputttcae</strong></span> 
     </span>
     <span class='ocr_line' id='line_1_23' title="bbox 17 2153 1195 2241; baseline 0 -21"><span class='ocrx_word' id='word_1_186' title='bbox 17 2157 18 2176; x_wconf 65' lang='lat'>¹</span> <span class='ocrx_word' id='word_1_187' title='bbox 113 2179 180 2222; x_wconf 82' lang='lat' dir='ltr'><strong>esse.</strong></span> <span class='ocrx_word' id='word_1_188' title='bbox 227 2155 369 2220; x_wconf 89' lang='lat' dir='ltr'><strong>Munera</strong></span> <span class='ocrx_word' id='word_1_189' title='bbox 382 2153 498 2218; x_wconf 90' lang='lat' dir='ltr'><strong>deinde</strong></span> <span class='ocrx_word' id='word_1_190' title='bbox 518 2153 629 2241; x_wconf 83' lang='lat' dir='ltr'><strong>legatis</strong></span> <span class='ocrx_word' id='word_1_191' title='bbox 650 2154 684 2218; x_wconf 90' lang='lat' dir='ltr'><strong>in</strong></span> <span class='ocrx_word' id='word_1_192' title='bbox 705 2153 846 2241; x_wconf 85' lang='lat' dir='ltr'><strong>singulos</strong></span> <span class='ocrx_word' id='word_1_193' title='bbox 861 2153 1028 2240; x_wconf 76' lang='lat' dir='ltr'><strong>⁴⁰quinilm</strong></span> <span class='ocrx_word' id='word_1_194' title='bbox 1044 2154 1195 2228; x_wconf 86' lang='lat' dir='ltr'><strong>millium¹</strong></span> 
     </span>
     <span class='ocr_line' id='line_1_24' title="bbox 115 2239 1180 2315; baseline 0.001 -9"><span class='ocrx_word' id='word_1_195' title='bbox 115 2243 185 2308; x_wconf 85' lang='lat' dir='ltr'><strong>aeris</strong></span> <span class='ocrx_word' id='word_1_196' title='bbox 207 2265 249 2306; x_wconf 87' lang='lat' dir='ltr'><strong>ex</strong></span> <span class='ocrx_word' id='word_1_197' title='bbox 275 2239 550 2306; x_wconf 84' lang='lat' dir='ltr'><strong>senatusconsulto</strong></span> <span class='ocrx_word' id='word_1_198' title='bbox 572 2240 679 2306; x_wconf 87' lang='lat' dir='ltr'><strong>missa.</strong></span> <span class='ocrx_word' id='word_1_199' title='bbox 724 2240 834 2315; x_wconf 83' lang='lat' dir='ltr'><strong>Quum</strong></span> <span class='ocrx_word' id='word_1_200' title='bbox 855 2240 1013 2306; x_wconf 88' lang='lat' dir='ltr'><strong>delectum</strong></span> <span class='ocrx_word' id='word_1_201' title='bbox 1036 2242 1180 2308; x_wconf 88' lang='lat' dir='ltr'><strong>consules</strong></span> 
     </span>
     <span class='ocr_line' id='line_1_25' title="bbox 17 2326 1181 2413; baseline 0.003 -21"><span class='ocrx_word' id='word_1_202' title='bbox 17 2393 18 2400; x_wconf 9' lang='grc' dir='ltr'>χ</span> <span class='ocrx_word' id='word_1_203' title='bbox 113 2329 277 2408; x_wconf 89' lang='lat' dir='ltr'><strong>haberent,</strong></span> <span class='ocrx_word' id='word_1_204' title='bbox 292 2340 516 2413; x_wconf 86' lang='lat' dir='ltr'><strong>pararentque,</strong></span> <span class='ocrx_word' id='word_1_205' title='bbox 533 2349 605 2412; x_wconf 85' lang='lat' dir='ltr'><strong>quae</strong></span> <span class='ocrx_word' id='word_1_206' title='bbox 621 2326 661 2390; x_wconf 90' lang='lat' dir='ltr'><strong>ad</strong></span> <span class='ocrx_word' id='word_1_207' title='bbox 683 2326 801 2391; x_wconf 90' lang='lat' dir='ltr'><strong>bellum</strong></span> <span class='ocrx_word' id='word_1_208' title='bbox 825 2349 907 2412; x_wconf 85' lang='lat' dir='ltr'><strong>opus</strong></span> <span class='ocrx_word' id='word_1_209' title='bbox 927 2339 1047 2392; x_wconf 85' lang='lat' dir='ltr'><strong>essent:</strong></span> <span class='ocrx_word' id='word_1_210' title='bbox 1071 2328 1181 2395; x_wconf 88' lang='lat' dir='ltr'><strong>civitas</strong></span> 
     </span>
     <span class='ocr_line' id='line_1_26' title="bbox 115 2413 1182 2504; baseline 0.001 -24"><span class='ocrx_word' id='word_1_211' title='bbox 115 2415 270 2504; x_wconf 78' lang='lat' dir='ltr'><strong>religiose,</strong></span> <span class='ocrx_word' id='word_1_212' title='bbox 286 2417 318 2478; x_wconf 92' lang='lat' dir='ltr'><strong>in</strong></span> <span class='ocrx_word' id='word_1_213' title='bbox 333 2413 499 2500; x_wconf 84' lang='lat' dir='ltr'><strong>principiis</strong></span> <span class='ocrx_word' id='word_1_214' title='bbox 514 2415 652 2478; x_wconf 84' lang='lat' dir='ltr'><strong>maxime</strong></span> <span class='ocrx_word' id='word_1_215' title='bbox 665 2435 821 2478; x_wconf 87' lang='lat' dir='ltr'><strong>novorum</strong></span> <span class='ocrx_word' id='word_1_216' title='bbox 836 2413 1006 2496; x_wconf 90' lang='lat' dir='ltr'><strong>bellorum,</strong></span> <span class='ocrx_word' id='word_1_217' title='bbox 1022 2416 1182 2503; x_wconf 85' lang='lat' dir='ltr'><strong>supplica-</strong></span> 
     </span>
     <span class='ocr_line' id='line_1_27' title="bbox 116 2499 1183 2587; baseline 0.002 -21"><span class='ocrx_word' id='word_1_218' title='bbox 116 2504 252 2568; x_wconf 85' lang='lat' dir='ltr'><strong>tionibus</strong></span> <span class='ocrx_word' id='word_1_219' title='bbox 269 2501 383 2566; x_wconf 81' lang='lat' dir='ltr'><strong>ltabitis</strong></span> <span class='ocrx_word' id='word_1_220' title='bbox 395 2502 474 2587; x_wconf 88' lang='lat' dir='ltr'><strong>jam,</strong></span> <span class='ocrx_word' id='word_1_221' title='bbox 490 2511 522 2564; x_wconf 90' lang='lat' dir='ltr'><strong>et</strong></span> <span class='ocrx_word' id='word_1_222' title='bbox 536 2499 754 2565; x_wconf 87' lang='lat' dir='ltr'><strong>obsecratione</strong></span> <span class='ocrx_word' id='word_1_223' title='bbox 768 2500 853 2564; x_wconf 86' lang='lat' dir='ltr'><strong>circu</strong></span> <span class='ocrx_word' id='word_1_224' title='bbox 874 2504 983 2566; x_wconf 90' lang='lat' dir='ltr'><strong>omnia</strong></span> <span class='ocrx_word' id='word_1_225' title='bbox 1004 2503 1183 2584; x_wconf 87' lang='lat' dir='ltr'><strong>pulvinaria</strong></span> 
     </span>
     <span class='ocr_line' id='line_1_28' title="bbox 116 2586 1183 2674; baseline 0.002 -22"><span class='ocrx_word' id='word_1_226' title='bbox 116 2589 203 2666; x_wconf 85' lang='lat' dir='ltr'><strong>facta,</strong></span> <span class='ocrx_word' id='word_1_227' title='bbox 220 2587 353 2674; x_wconf 88' lang='lat' dir='ltr'><strong>nequid</strong></span> <span class='ocrx_word' id='word_1_228' title='bbox 376 2587 682 2672; x_wconf 84' lang='lat' dir='ltr'><strong>praetermittaretur,</strong></span> <span class='ocrx_word' id='word_1_229' title='bbox 699 2586 785 2673; x_wconf 91' lang='lat' dir='ltr'><strong>quod</strong></span> <span class='ocrx_word' id='word_1_230' title='bbox 807 2587 980 2674; x_wconf 85' lang='lat' dir='ltr'><strong>aliquando</strong></span> <span class='ocrx_word' id='word_1_231' title='bbox 1002 2588 1120 2656; x_wconf 86' lang='lat' dir='ltr'><strong>factum</strong></span> <span class='ocrx_word' id='word_1_232' title='bbox 1135 2613 1183 2654; x_wconf 88' lang='lat' dir='ltr'><strong>es-</strong></span> 
     </span>
    </p>

    <p class='ocr_par' dir='ltr' id='par_1_10' title="bbox 84 2673 1218 3016">
     <span class='ocr_line' id='line_1_29' title="bbox 84 2673 1218 2761; baseline 0 -21"><span class='ocrx_word' id='word_1_233' title='bbox 84 2709 89 2720; x_wconf 94' lang='lat'><em>·</em></span> <span class='ocrx_word' id='word_1_234' title='bbox 117 2689 169 2756; x_wconf 87' lang='lat' dir='ltr'><strong>set,</strong></span> <span class='ocrx_word' id='word_1_235' title='bbox 185 2675 281 2740; x_wconf 88' lang='lat' dir='ltr'><strong>ludos</strong></span> <span class='ocrx_word' id='word_1_236' title='bbox 302 2675 377 2742; x_wconf 76' lang='lat' dir='ltr'><strong>lovi</strong></span> <span class='ocrx_word' id='word_1_237' title='bbox 399 2675 582 2758; x_wconf 89' lang='lat' dir='ltr'><strong>donumque</strong></span> <span class='ocrx_word' id='word_1_238' title='bbox 607 2695 720 2738; x_wconf 83' lang='lat' dir='ltr'><strong>vovere</strong></span> <span class='ocrx_word' id='word_1_239' title='bbox 746 2673 918 2752; x_wconf 85' lang='lat' dir='ltr'><strong>consulem,</strong></span> <span class='ocrx_word' id='word_1_240' title='bbox 942 2675 993 2738; x_wconf 90' lang='lat' dir='ltr'><strong>cui</strong></span> <span class='ocrx_word' id='word_1_241' title='bbox 1019 2676 1182 2761; x_wconf 88' lang='lat' dir='ltr'><strong>provincia</strong></span> <span class='ocrx_word' id='word_1_242' title='bbox 1216 2675 1218 2682; x_wconf 80' lang='lat'>&#39;</span> 
     </span>
     <span class='ocr_line' id='line_1_30' title="bbox 118 2759 1183 2845; baseline -0.003 -17"><span class='ocrx_word' id='word_1_243' title='bbox 118 2761 308 2828; x_wconf 90' lang='lat' dir='ltr'><strong>Macedonia</strong></span> <span class='ocrx_word' id='word_1_244' title='bbox 328 2759 490 2836; x_wconf 82' lang='lat' dir='ltr'><strong>evenisset,</strong></span> <span class='ocrx_word' id='word_1_245' title='bbox 501 2759 607 2844; x_wconf 86' lang='lat' dir='ltr'><strong>jussit.</strong></span> <span class='ocrx_word' id='word_1_246' title='bbox 652 2759 782 2824; x_wconf 92' lang='lat' dir='ltr'><strong>Moram</strong></span> <span class='ocrx_word' id='word_1_247' title='bbox 798 2773 873 2826; x_wconf 88' lang='lat' dir='ltr'><strong>voto</strong></span> <span class='ocrx_word' id='word_1_248' title='bbox 894 2761 1024 2845; x_wconf 83' lang='lat' dir='ltr'><strong>publico</strong></span> <span class='ocrx_word' id='word_1_249' title='bbox 1039 2763 1183 2828; x_wconf 86' lang='lat' dir='ltr'><strong>Licinius</strong></span> 
     </span>
     <span class='ocr_line' id='line_1_31' title="bbox 118 2845 1183 2933; baseline -0.003 -19"><span class='ocrx_word' id='word_1_250' title='bbox 118 2848 258 2930; x_wconf 85' lang='lat' dir='ltr'><strong>pontifex</strong></span> <span class='ocrx_word' id='word_1_251' title='bbox 284 2847 443 2912; x_wconf 84' lang='lat' dir='ltr'><strong>maximus</strong></span> <span class='ocrx_word' id='word_1_252' title='bbox 464 2845 588 2921; x_wconf 86' lang='lat' dir='ltr'><strong>adtulit,</strong></span> <span class='ocrx_word' id='word_1_253' title='bbox 609 2846 664 2932; x_wconf 89' lang='lat' dir='ltr'><strong>qui</strong></span> <span class='ocrx_word' id='word_1_254' title='bbox 687 2846 826 2933; x_wconf 84' lang='lat' dir='ltr'><strong>negavit,</strong></span> <span class='ocrx_word' id='word_1_255' title='bbox 849 2870 888 2909; x_wconf 81' lang='lat' dir='ltr'><strong>ea</strong></span> <span class='ocrx_word' id='word_1_256' title='bbox 909 2849 1027 2910; x_wconf 79' lang='lat' dir='ltr'><strong>iracerta</strong></span> <span class='ocrx_word' id='word_1_257' title='bbox 1048 2851 1183 2930; x_wconf 80' lang='lat' dir='ltr'><strong>pertenta</strong></span> 
     </span>
     <span class='ocr_line' id='line_1_32' title="bbox 117 2932 1182 3016; baseline -0.003 -14"><span class='ocrx_word' id='word_1_258' title='bbox 117 2937 249 3002; x_wconf 52' lang='lat' dir='ltr'><strong>⁴¹1oooere</strong></span> <span class='ocrx_word' id='word_1_259' title='bbox 262 2936 379 3011; x_wconf 83' lang='lat' dir='ltr'><strong>debere,</strong></span> <span class='ocrx_word' id='word_1_260' title='bbox 395 2932 455 2998; x_wconf 66' lang='lat' dir='ltr'><strong>4²si</strong></span> <span class='ocrx_word' id='word_1_261' title='bbox 467 2955 504 2998; x_wconf 88' lang='lat' dir='ltr'><strong>ea</strong></span> <span class='ocrx_word' id='word_1_262' title='bbox 514 2935 649 3016; x_wconf 82' lang='lat' dir='ltr'><strong>pentnia</strong></span> <span class='ocrx_word' id='word_1_263' title='bbox 663 2953 724 2996; x_wconf 87' lang='lat' dir='ltr'><strong>non</strong></span> <span class='ocrx_word' id='word_1_264' title='bbox 736 2942 841 3016; x_wconf 80' lang='lat' dir='ltr'><strong>posset</strong></span> <span class='ocrx_word' id='word_1_265' title='bbox 856 2934 891 2996; x_wconf 83' lang='lat' dir='ltr'><strong>in</strong></span> <span class='ocrx_word' id='word_1_266' title='bbox 905 2933 1013 2996; x_wconf 84' lang='lat' dir='ltr'><strong>bellum</strong></span> <span class='ocrx_word' id='word_1_267' title='bbox 1027 2935 1096 2998; x_wconf 80' lang='lat' dir='ltr'><strong>usati</strong></span> <span class='ocrx_word' id='word_1_268' title='bbox 1110 2955 1182 2999; x_wconf 83' lang='lat' dir='ltr'><strong>este.</strong></span> 
     </span>
    </p>
   </div>
   <div class='ocr_carea' id='block_1_3' title="bbox 32 3135 1226 4444">
    <p class='ocr_par' dir='ltr' id='par_1_11' title="bbox 83 3135 1226 3269">
     <span class='ocr_line' id='line_1_33' title="bbox 146 3135 822 3202; baseline 0.003 -18"><span class='ocrx_word' id='word_1_269' title='bbox 146 3140 177 3184; x_wconf 79' lang='lat'><strong>86</strong></span> <span class='ocrx_word' id='word_1_270' title='bbox 195 3137 247 3193; x_wconf 72' lang='lat' dir='ltr'><strong>Qut</strong></span> <span class='ocrx_word' id='word_1_271' title='bbox 255 3149 335 3182; x_wconf 84' lang='lat' dir='ltr'><strong>earum</strong></span> <span class='ocrx_word' id='word_1_272' title='bbox 346 3135 446 3184; x_wconf 82' lang='lat' dir='ltr'><strong>minime</strong></span> <span class='ocrx_word' id='word_1_273' title='bbox 455 3135 633 3198; x_wconf 75' lang='lat' dir='ltr'><strong>muttoetipeu·</strong></span> <span class='ocrx_word' id='word_1_274' title='bbox 654 3139 752 3187; x_wconf 58' lang='lat' dir='ltr'><strong>bonni.</strong></span> <span class='ocrx_word' id='word_1_275' title='bbox 818 3184 822 3202; x_wconf 46' lang='lat'>¹</span> 
     </span>
     <span class='ocr_line' id='line_1_34' title="bbox 83 3197 1226 3269; baseline 0.007 -21"><span class='ocrx_word' id='word_1_276' title='bbox 83 3222 87 3230; x_wconf 64' lang='lat'>¹</span> <span class='ocrx_word' id='word_1_277' title='bbox 120 3197 473 3263; x_wconf 69' lang='lat' dir='ltr'><strong>ttaioberefflaegeiatemt.</strong></span> <span class='ocrx_word' id='word_1_278' title='bbox 492 3204 631 3250; x_wconf 77' lang='lat' dir='ltr'><strong>Munerat.</strong></span> <span class='ocrx_word' id='word_1_279' title='bbox 696 3211 727 3250; x_wconf 78' lang='lat' dir='ltr'><strong>ta</strong></span> <span class='ocrx_word' id='word_1_280' title='bbox 745 3205 776 3250; x_wconf 83' lang='lat' dir='ltr'><strong>Si</strong></span> <span class='ocrx_word' id='word_1_281' title='bbox 792 3217 820 3250; x_wconf 82' lang='lat' dir='ltr'><strong>ea</strong></span> <span class='ocrx_word' id='word_1_282' title='bbox 833 3202 951 3269; x_wconf 79' lang='lat' dir='ltr'><strong>pecunia]</strong></span> <span class='ocrx_word' id='word_1_283' title='bbox 967 3205 1077 3254; x_wconf 78' lang='lat' dir='ltr'><strong>Fortasse</strong></span> <span class='ocrx_word' id='word_1_284' title='bbox 1089 3208 1128 3255; x_wconf 89' lang='lat' dir='ltr'><strong>hie</strong></span> <span class='ocrx_word' id='word_1_285' title='bbox 1140 3209 1182 3256; x_wconf 84' lang='lat' dir='ltr'><strong>ali·</strong></span> <span class='ocrx_word' id='word_1_286' title='bbox 1224 3225 1226 3232; x_wconf 42' lang='lat'>⁸</span> 
     </span>
    </p>

    <p class='ocr_par' dir='ltr' id='par_1_12' title="bbox 32 3263 1188 4444">
     <span class='ocr_line' id='line_1_35' title="bbox 147 3263 1182 3330; baseline 0.008 -16"><span class='ocrx_word' id='word_1_287' title='bbox 147 3265 334 3318; x_wconf 60' lang='lat' dir='ltr'><strong>atmontaetie&#39;</strong></span> <span class='ocrx_word' id='word_1_288' title='bbox 349 3299 396 3315; x_wconf 89' lang='lat'><strong>...</strong></span> <span class='ocrx_word' id='word_1_289' title='bbox 414 3269 528 3315; x_wconf 65' lang='lat' dir='ltr'><strong>socium</strong></span> <span class='ocrx_word' id='word_1_290' title='bbox 548 3270 633 3330; x_wconf 79' lang='lat' dir='ltr'><strong>iraque</strong></span> <span class='ocrx_word' id='word_1_291' title='bbox 664 3269 721 3327; x_wconf 83' lang='lat' dir='ltr'><strong>quid</strong></span> <span class='ocrx_word' id='word_1_292' title='bbox 739 3263 818 3316; x_wconf 78' lang='lat' dir='ltr'><strong>mendi</strong></span> <span class='ocrx_word' id='word_1_293' title='bbox 835 3271 923 3317; x_wconf 77' lang='lat' dir='ltr'><strong>subeat.</strong></span> <span class='ocrx_word' id='word_1_294' title='bbox 957 3273 1085 3320; x_wconf 77' lang='lat' dir='ltr'><strong>Possumus</strong></span> <span class='ocrx_word' id='word_1_295' title='bbox 1101 3281 1182 3322; x_wconf 86' lang='lat' dir='ltr'><strong>tamen</strong></span> 
     </span>
     <span class='ocr_line' id='line_1_36' title="bbox 119 3329 1183 3402; baseline 0.008 -23"><span class='ocrx_word' id='word_1_296' title='bbox 119 3335 169 3380; x_wconf 80' lang='lat' dir='ltr'><strong>inde</strong></span> <span class='ocrx_word' id='word_1_297' title='bbox 183 3329 340 3394; x_wconf 69' lang='lat' dir='ltr'><strong>tementibus]</strong></span> <span class='ocrx_word' id='word_1_298' title='bbox 356 3332 397 3380; x_wconf 82' lang='lat' dir='ltr'><strong>lta</strong></span> <span class='ocrx_word' id='word_1_299' title='bbox 410 3347 435 3379; x_wconf 85' lang='lat' dir='ltr'><strong>ee</strong></span> <span class='ocrx_word' id='word_1_300' title='bbox 449 3333 593 3380; x_wconf 78' lang='lat' dir='ltr'><strong>habentibus</strong></span> <span class='ocrx_word' id='word_1_301' title='bbox 604 3341 632 3380; x_wconf 87' lang='lat' dir='ltr'><strong>ut</strong></span> <span class='ocrx_word' id='word_1_302' title='bbox 663 3341 785 3395; x_wconf 83' lang='lat' dir='ltr'><strong>uteunque</strong></span> <span class='ocrx_word' id='word_1_303' title='bbox 805 3351 930 3397; x_wconf 80' lang='lat' dir='ltr'><strong>exponere,</strong></span> <span class='ocrx_word' id='word_1_304' title='bbox 952 3338 1088 3398; x_wconf 84' lang='lat' dir='ltr'><strong>accipiendo</strong></span> <span class='ocrx_word' id='word_1_305' title='bbox 1109 3341 1183 3402; x_wconf 85' lang='lat' dir='ltr'><strong>parti-</strong></span> 
     </span>
     <span class='ocr_line' id='line_1_37' title="bbox 119 3399 1183 3468; baseline 0.007 -22"><span class='ocrx_word' id='word_1_306' title='bbox 119 3401 144 3446; x_wconf 76' lang='lat' dir='ltr'><strong>ti</strong></span> <span class='ocrx_word' id='word_1_307' title='bbox 162 3414 201 3446; x_wconf 79' lang='lat' dir='ltr'><strong>aaa</strong></span> <span class='ocrx_word' id='word_1_308' title='bbox 220 3399 331 3454; x_wconf 68' lang='lat' dir='ltr'><strong>mutuno</strong></span> <span class='ocrx_word' id='word_1_309' title='bbox 349 3399 469 3444; x_wconf 74' lang='lat' dir='ltr'><strong>societatis</strong></span> <span class='ocrx_word' id='word_1_310' title='bbox 485 3413 539 3445; x_wconf 78' lang='lat' dir='ltr'><strong>cant</strong></span> <span class='ocrx_word' id='word_1_311' title='bbox 552 3399 632 3445; x_wconf 78' lang='lat' dir='ltr'><strong>Ptenis</strong></span> <span class='ocrx_word' id='word_1_312' title='bbox 663 3401 740 3446; x_wconf 84' lang='lat' dir='ltr'><strong>culam</strong></span> <span class='ocrx_word' id='word_1_313' title='bbox 751 3403 775 3446; x_wconf 84' lang='lat' dir='ltr'><strong>ei</strong></span> <span class='ocrx_word' id='word_1_314' title='bbox 784 3403 963 3464; x_wconf 69' lang='lat' dir='ltr'><strong>proniqutdem.</strong></span> <span class='ocrx_word' id='word_1_315' title='bbox 975 3403 1021 3450; x_wconf 87' lang='lat' dir='ltr'><strong>boe</strong></span> <span class='ocrx_word' id='word_1_316' title='bbox 1036 3419 1121 3468; x_wconf 85' lang='lat' dir='ltr'><strong>nempe</strong></span> <span class='ocrx_word' id='word_1_317' title='bbox 1132 3421 1183 3456; x_wconf 89' lang='lat' dir='ltr'><strong>mo-</strong></span> 
     </span>
     <span class='ocr_line' id='line_1_38' title="bbox 117 3465 1183 3527; baseline 0.008 -17"><span class='ocrx_word' id='word_1_318' title='bbox 117 3465 141 3510; x_wconf 85' lang='lat' dir='ltr'><strong>in</strong></span> <span class='ocrx_word' id='word_1_319' title='bbox 152 3465 213 3512; x_wconf 87' lang='lat' dir='ltr'><strong>bello</strong></span> <span class='ocrx_word' id='word_1_320' title='bbox 229 3465 368 3525; x_wconf 86' lang='lat' dir='ltr'><strong>pertineret,</strong></span> <span class='ocrx_word' id='word_1_321' title='bbox 380 3470 406 3510; x_wconf 86' lang='lat' dir='ltr'><strong>et</strong></span> <span class='ocrx_word' id='word_1_322' title='bbox 421 3465 483 3511; x_wconf 80' lang='lat' dir='ltr'><strong>bana</strong></span> <span class='ocrx_word' id='word_1_323' title='bbox 494 3465 525 3510; x_wconf 89' lang='lat' dir='ltr'><strong>ob</strong></span> <span class='ocrx_word' id='word_1_324' title='bbox 537 3477 631 3512; x_wconf 80' lang='lat' dir='ltr'><strong>caueam</strong></span> <span class='ocrx_word' id='word_1_325' title='bbox 663 3465 701 3511; x_wconf 89' lang='lat' dir='ltr'><strong>do.</strong></span> <span class='ocrx_word' id='word_1_326' title='bbox 735 3467 839 3527; x_wconf 74' lang='lat' dir='ltr'><strong>Negavit</strong></span> <span class='ocrx_word' id='word_1_327' title='bbox 852 3467 960 3526; x_wconf 75' lang='lat' dir='ltr'><strong>pontifex</strong></span> <span class='ocrx_word' id='word_1_328' title='bbox 975 3470 1091 3516; x_wconf 82' lang='lat' dir='ltr'><strong>maximat</strong></span> <span class='ocrx_word' id='word_1_329' title='bbox 1103 3474 1183 3520; x_wconf 81' lang='lat' dir='ltr'><strong>voveri</strong></span> 
     </span>
     <span class='ocr_line' id='line_1_39' title="bbox 118 3529 1184 3596; baseline 0.007 -19"><span class='ocrx_word' id='word_1_330' title='bbox 118 3533 150 3577; x_wconf 83' lang='lat' dir='ltr'><strong>ira</strong></span> <span class='ocrx_word' id='word_1_331' title='bbox 159 3531 232 3576; x_wconf 71' lang='lat' dir='ltr'><strong>udis</strong></span> <span class='ocrx_word' id='word_1_332' title='bbox 242 3529 409 3584; x_wconf 78' lang='lat' dir='ltr'><strong>aestuantibus,</strong></span> <span class='ocrx_word' id='word_1_333' title='bbox 422 3543 474 3590; x_wconf 82' lang='lat' dir='ltr'><strong>quae</strong></span> <span class='ocrx_word' id='word_1_334' title='bbox 485 3530 632 3577; x_wconf 74' lang='lat' dir='ltr'><strong>nonnionem</strong></span> <span class='ocrx_word' id='word_1_335' title='bbox 665 3530 749 3576; x_wconf 84' lang='lat' dir='ltr'><strong>debere</strong></span> <span class='ocrx_word' id='word_1_336' title='bbox 759 3532 827 3578; x_wconf 81' lang='lat' dir='ltr'><strong>ludos</strong></span> <span class='ocrx_word' id='word_1_337' title='bbox 838 3547 867 3578; x_wconf 86' lang='lat' dir='ltr'><strong>ex</strong></span> <span class='ocrx_word' id='word_1_338' title='bbox 878 3533 969 3580; x_wconf 84' lang='lat' dir='ltr'><strong>incerta</strong></span> <span class='ocrx_word' id='word_1_339' title='bbox 979 3537 1089 3594; x_wconf 84' lang='lat' dir='ltr'><strong>pecnnia,</strong></span> <span class='ocrx_word' id='word_1_340' title='bbox 1101 3537 1126 3583; x_wconf 87' lang='lat' dir='ltr'><strong>id</strong></span> <span class='ocrx_word' id='word_1_341' title='bbox 1137 3543 1184 3596; x_wconf 80' lang='lat' dir='ltr'><strong>est,</strong></span> 
     </span>
     <span class='ocr_line' id='line_1_40' title="bbox 117 3595 1184 3661; baseline 0.007 -19"><span class='ocrx_word' id='word_1_342' title='bbox 117 3595 249 3657; x_wconf 84' lang='lat' dir='ltr'><strong>erumpendi</strong></span> <span class='ocrx_word' id='word_1_343' title='bbox 261 3599 383 3655; x_wconf 70' lang='lat' dir='ltr'><strong>quareret.</strong></span> <span class='ocrx_word' id='word_1_344' title='bbox 666 3609 714 3642; x_wconf 87' lang='lat' dir='ltr'><strong>non</strong></span> <span class='ocrx_word' id='word_1_345' title='bbox 727 3602 818 3643; x_wconf 78' lang='lat' dir='ltr'><strong>statuta</strong></span> <span class='ocrx_word' id='word_1_346' title='bbox 835 3598 941 3658; x_wconf 72' lang='lat' dir='ltr'><strong>pecuniae</strong></span> <span class='ocrx_word' id='word_1_347' title='bbox 955 3613 1057 3658; x_wconf 81' lang='lat' dir='ltr'><strong>samma,</strong></span> <span class='ocrx_word' id='word_1_348' title='bbox 1070 3616 1141 3661; x_wconf 83' lang='lat' dir='ltr'><strong>quam</strong></span> <span class='ocrx_word' id='word_1_349' title='bbox 1159 3605 1184 3650; x_wconf 91' lang='lat' dir='ltr'><strong>in</strong></span> 
     </span>
     <span class='ocr_line' id='line_1_41' title="bbox 146 3656 1186 3727; baseline 0.008 -20"><span class='ocrx_word' id='word_1_350' title='bbox 146 3669 176 3707; x_wconf 79' lang='grc'><strong>38</strong></span> <span class='ocrx_word' id='word_1_351' title='bbox 195 3663 246 3718; x_wconf 75' lang='lat' dir='ltr'><strong>Qui</strong></span> <span class='ocrx_word' id='word_1_352' title='bbox 259 3656 419 3720; x_wconf 78' lang='lat' dir='ltr'><strong>nunciarunt]</strong></span> <span class='ocrx_word' id='word_1_353' title='bbox 439 3661 492 3708; x_wconf 82' lang='lat' dir='ltr'><strong>Hae</strong></span> <span class='ocrx_word' id='word_1_354' title='bbox 502 3673 571 3706; x_wconf 70' lang='lat' dir='ltr'><strong>ames</strong></span> <span class='ocrx_word' id='word_1_355' title='bbox 582 3660 632 3720; x_wconf 83' lang='lat' dir='ltr'><strong>pla·</strong></span> <span class='ocrx_word' id='word_1_356' title='bbox 664 3675 747 3709; x_wconf 86' lang='lat' dir='ltr'><strong>eornm</strong></span> <span class='ocrx_word' id='word_1_357' title='bbox 757 3668 900 3723; x_wconf 79' lang='lat' dir='ltr'><strong>apparatum</strong></span> <span class='ocrx_word' id='word_1_358' title='bbox 918 3665 1008 3725; x_wconf 75' lang='lat' dir='ltr'><strong>erogari</strong></span> <span class='ocrx_word' id='word_1_359' title='bbox 1024 3667 1135 3727; x_wconf 78' lang='lat' dir='ltr'><strong>placeret.</strong></span> <span class='ocrx_word' id='word_1_360' title='bbox 1154 3669 1186 3715; x_wconf 81' lang='lat' dir='ltr'><strong>ai-</strong></span> 
     </span>
     <span class='ocr_line' id='line_1_42' title="bbox 119 3725 1187 3793; baseline 0.008 -21"><span class='ocrx_word' id='word_1_361' title='bbox 119 3741 145 3773; x_wconf 84' lang='lat' dir='ltr'><strong>ne</strong></span> <span class='ocrx_word' id='word_1_362' title='bbox 155 3739 310 3788; x_wconf 81' lang='lat' dir='ltr'><strong>supervacuae</strong></span> <span class='ocrx_word' id='word_1_363' title='bbox 321 3725 424 3772; x_wconf 81' lang='lat' dir='ltr'><strong>libenter</strong></span> <span class='ocrx_word' id='word_1_364' title='bbox 434 3739 599 3773; x_wconf 71' lang='lat' dir='ltr'><strong>memoremus.</strong></span> <span class='ocrx_word' id='word_1_365' title='bbox 665 3727 758 3786; x_wconf 82' lang='lat' dir='ltr'><strong>quidem</strong></span> <span class='ocrx_word' id='word_1_366' title='bbox 771 3741 799 3774; x_wconf 83' lang='lat' dir='ltr'><strong>ea</strong></span> <span class='ocrx_word' id='word_1_367' title='bbox 809 3729 920 3788; x_wconf 62' lang='lat' dir='ltr'><strong>mannia,</strong></span> <span class='ocrx_word' id='word_1_368' title='bbox 929 3730 952 3776; x_wconf 91' lang='lat' dir='ltr'><strong>id</strong></span> <span class='ocrx_word' id='word_1_369' title='bbox 962 3736 1008 3788; x_wconf 85' lang='lat' dir='ltr'><strong>eet,</strong></span> <span class='ocrx_word' id='word_1_370' title='bbox 1016 3734 1118 3793; x_wconf 77' lang='lat' dir='ltr'><strong>pecunie</strong></span> <span class='ocrx_word' id='word_1_371' title='bbox 1129 3741 1187 3782; x_wconf 83' lang='lat' dir='ltr'><strong>rota</strong></span> 
     </span>
     <span class='ocr_line' id='line_1_43' title="bbox 147 3789 1185 3856; baseline 0.01 -19"><span class='ocrx_word' id='word_1_372' title='bbox 147 3799 176 3841; x_wconf 80' lang='lat'><strong>89</strong></span> <span class='ocrx_word' id='word_1_373' title='bbox 193 3793 224 3837; x_wconf 84' lang='lat' dir='ltr'><strong>Si</strong></span> <span class='ocrx_word' id='word_1_374' title='bbox 240 3791 369 3853; x_wconf 80' lang='lat' dir='ltr'><strong>quaread</strong></span> <span class='ocrx_word' id='word_1_375' title='bbox 383 3792 410 3838; x_wconf 81' lang='lat' dir='ltr'><strong>id</strong></span> <span class='ocrx_word' id='word_1_376' title='bbox 424 3789 632 3852; x_wconf 79' lang='lat' dir='ltr'><strong>betiumapuaeit]</strong></span> <span class='ocrx_word' id='word_1_377' title='bbox 666 3793 692 3838; x_wconf 93' lang='lat' dir='ltr'><strong>in</strong></span> <span class='ocrx_word' id='word_1_378' title='bbox 711 3794 779 3840; x_wconf 80' lang='lat' dir='ltr'><strong>ludas</strong></span> <span class='ocrx_word' id='word_1_379' title='bbox 796 3794 846 3854; x_wconf 86' lang='lat' dir='ltr'><strong>jam</strong></span> <span class='ocrx_word' id='word_1_380' title='bbox 867 3809 916 3841; x_wconf 92' lang='lat' dir='ltr'><strong>non</strong></span> <span class='ocrx_word' id='word_1_381' title='bbox 939 3801 1031 3856; x_wconf 84' lang='lat' dir='ltr'><strong>poterat</strong></span> <span class='ocrx_word' id='word_1_382' title='bbox 1052 3799 1077 3844; x_wconf 94' lang='lat' dir='ltr'><strong>in</strong></span> <span class='ocrx_word' id='word_1_383' title='bbox 1097 3799 1185 3848; x_wconf 85' lang='lat' dir='ltr'><strong>bellurn</strong></span> 
     </span>
     <span class='ocr_line' id='line_1_44' title="bbox 120 3857 1186 3919; baseline 0.01 -17"><span class='ocrx_word' id='word_1_384' title='bbox 120 3857 166 3902; x_wconf 83' lang='lat' dir='ltr'><strong>MS.</strong></span> <span class='ocrx_word' id='word_1_385' title='bbox 179 3857 241 3903; x_wconf 73' lang='lat' dir='ltr'><strong>Vtut</strong></span> <span class='ocrx_word' id='word_1_386' title='bbox 258 3858 282 3902; x_wconf 83' lang='lat' dir='ltr'><strong>ei</strong></span> <span class='ocrx_word' id='word_1_387' title='bbox 298 3871 352 3919; x_wconf 69' lang='lat' dir='ltr'><strong>quae</strong></span> <span class='ocrx_word' id='word_1_388' title='bbox 368 3871 407 3903; x_wconf 83' lang='lat' dir='ltr'><strong>ree</strong></span> <span class='ocrx_word' id='word_1_389' title='bbox 425 3858 459 3904; x_wconf 80' lang='lat' dir='ltr'><strong>ud</strong></span> <span class='ocrx_word' id='word_1_390' title='bbox 474 3859 559 3903; x_wconf 62' lang='lat' dir='ltr'><strong>&amp;dum</strong></span> <span class='ocrx_word' id='word_1_391' title='bbox 577 3872 634 3917; x_wconf 69' lang='lat' dir='ltr'><strong>oper</strong></span> <span class='ocrx_word' id='word_1_392' title='bbox 665 3859 720 3904; x_wconf 79' lang='lat' dir='ltr'><strong>usui</strong></span> <span class='ocrx_word' id='word_1_393' title='bbox 742 3873 800 3906; x_wconf 78' lang='lat' dir='ltr'><strong>esen</strong></span> <span class='ocrx_word' id='word_1_394' title='bbox 835 3861 895 3906; x_wconf 86' lang='lat' dir='ltr'><strong>Haeo</strong></span> <span class='ocrx_word' id='word_1_395' title='bbox 920 3861 1019 3908; x_wconf 71' lang='lat' dir='ltr'><strong>ianuae</strong></span> <span class='ocrx_word' id='word_1_396' title='bbox 1044 3868 1095 3910; x_wconf 80' lang='lat' dir='ltr'><strong>erat</strong></span> <span class='ocrx_word' id='word_1_397' title='bbox 1118 3880 1186 3913; x_wconf 85' lang='lat' dir='ltr'><strong>mene</strong></span> 
     </span>
     <span class='ocr_line' id='line_1_45' title="bbox 118 3921 1185 3990; baseline 0.008 -21"><span class='ocrx_word' id='word_1_398' title='bbox 118 3925 178 3970; x_wconf 77' lang='lat' dir='ltr'><strong>rint:</strong></span> <span class='ocrx_word' id='word_1_399' title='bbox 195 3929 273 3982; x_wconf 83' lang='lat' dir='ltr'><strong>reate;</strong></span> <span class='ocrx_word' id='word_1_400' title='bbox 292 3923 339 3968; x_wconf 81' lang='lat' dir='ltr'><strong>niti</strong></span> <span class='ocrx_word' id='word_1_401' title='bbox 355 3921 424 3969; x_wconf 81' lang='lat' dir='ltr'><strong>malli</strong></span> <span class='ocrx_word' id='word_1_402' title='bbox 439 3924 464 3969; x_wconf 79' lang='lat' dir='ltr'><strong>ai</strong></span> <span class='ocrx_word' id='word_1_403' title='bbox 480 3939 527 3985; x_wconf 83' lang='lat' dir='ltr'><strong>quo</strong></span> <span class='ocrx_word' id='word_1_404' title='bbox 542 3937 579 3968; x_wconf 86' lang='lat' dir='ltr'><strong>ree</strong></span> <span class='ocrx_word' id='word_1_405' title='bbox 590 3952 632 3970; x_wconf 82' lang='lat'><strong>...</strong></span> <span class='ocrx_word' id='word_1_406' title='bbox 666 3925 799 3983; x_wconf 81' lang='lat' dir='ltr'><strong>pontificia:</strong></span> <span class='ocrx_word' id='word_1_407' title='bbox 817 3926 942 3973; x_wconf 74' lang='lat' dir='ltr'><strong>Vorentut</strong></span> <span class='ocrx_word' id='word_1_408' title='bbox 960 3928 1009 3974; x_wconf 85' lang='lat' dir='ltr'><strong>ludi</strong></span> <span class='ocrx_word' id='word_1_409' title='bbox 1027 3943 1055 3975; x_wconf 85' lang='lat' dir='ltr'><strong>ex</strong></span> <span class='ocrx_word' id='word_1_410' title='bbox 1074 3933 1185 3990; x_wconf 84' lang='lat' dir='ltr'><strong>pecunia,</strong></span> 
     </span>
     <span class='ocr_line' id='line_1_46' title="bbox 119 3991 1187 4052; baseline 0.008 -19"><span class='ocrx_word' id='word_1_411' title='bbox 119 3991 222 4049; x_wconf 73' lang='lat' dir='ltr'><strong>opterit.</strong></span> <span class='ocrx_word' id='word_1_412' title='bbox 668 4003 759 4048; x_wconf 71' lang='lat' dir='ltr'><strong>queen</strong></span> <span class='ocrx_word' id='word_1_413' title='bbox 773 3992 854 4038; x_wconf 82' lang='lat' dir='ltr'><strong>aerario</strong></span> <span class='ocrx_word' id='word_1_414' title='bbox 871 3994 1040 4040; x_wconf 78' lang='lat' dir='ltr'><strong>sumendaeat.</strong></span> <span class='ocrx_word' id='word_1_415' title='bbox 1074 3996 1127 4041; x_wconf 87' lang='lat' dir='ltr'><strong>Nisi</strong></span> <span class='ocrx_word' id='word_1_416' title='bbox 1144 3998 1187 4052; x_wconf 70' lang='lat' dir='ltr'><strong>igi·</strong></span> 
     </span>
     <span class='ocr_line' id='line_1_47' title="bbox 145 4049 1185 4119; baseline 0.01 -21"><span class='ocrx_word' id='word_1_417' title='bbox 145 4060 176 4100; x_wconf 76' lang='lat'><strong>⁴0</strong></span> <span class='ocrx_word' id='word_1_418' title='bbox 195 4053 304 4110; x_wconf 76' lang='lat' dir='ltr'><strong>Quimtm</strong></span> <span class='ocrx_word' id='word_1_419' title='bbox 314 4054 421 4099; x_wconf 75' lang='lat' dir='ltr'><strong>aetitiam</strong></span> <span class='ocrx_word' id='word_1_420' title='bbox 437 4049 505 4117; x_wconf 77' lang='lat' dir='ltr'><strong>terte]</strong></span> <span class='ocrx_word' id='word_1_421' title='bbox 522 4053 635 4113; x_wconf 85' lang='lat' dir='ltr'><strong>Quinque</strong></span> <span class='ocrx_word' id='word_1_422' title='bbox 668 4061 709 4100; x_wconf 85' lang='lat' dir='ltr'><strong>tur</strong></span> <span class='ocrx_word' id='word_1_423' title='bbox 735 4061 827 4102; x_wconf 80' lang='lat' dir='ltr'><strong>etatuta</strong></span> <span class='ocrx_word' id='word_1_424' title='bbox 852 4057 924 4106; x_wconf 85' lang='lat' dir='ltr'><strong>tuerit</strong></span> <span class='ocrx_word' id='word_1_425' title='bbox 952 4061 1059 4119; x_wconf 79' lang='lat' dir='ltr'><strong>pecuniae</strong></span> <span class='ocrx_word' id='word_1_426' title='bbox 1085 4073 1185 4115; x_wconf 83' lang='lat' dir='ltr'><strong>tumme,</strong></span> 
     </span>
     <span class='ocr_line' id='line_1_48' title="bbox 122 4119 1187 4184; baseline 0.007 -20"><span class='ocrx_word' id='word_1_427' title='bbox 122 4119 190 4166; x_wconf 82' lang='lat' dir='ltr'><strong>millia</strong></span> <span class='ocrx_word' id='word_1_428' title='bbox 199 4120 252 4166; x_wconf 76' lang='lat' dir='ltr'><strong>aeria</strong></span> <span class='ocrx_word' id='word_1_429' title='bbox 265 4119 345 4181; x_wconf 72' lang='lat' dir='ltr'><strong>gravis</strong></span> <span class='ocrx_word' id='word_1_430' title='bbox 357 4123 415 4164; x_wconf 80' lang='lat' dir='ltr'><strong>aunt</strong></span> <span class='ocrx_word' id='word_1_431' title='bbox 427 4119 553 4180; x_wconf 73' lang='lat' dir='ltr'><strong>quingenti</strong></span> <span class='ocrx_word' id='word_1_432' title='bbox 563 4120 635 4165; x_wconf 63' lang='lat' dir='ltr'><strong>dener</strong></span> <span class='ocrx_word' id='word_1_433' title='bbox 668 4123 872 4182; x_wconf 80' lang='lat' dir='ltr'><strong>eaque‘eepoaita,</strong></span> <span class='ocrx_word' id='word_1_434' title='bbox 883 4123 934 4182; x_wconf 84' lang='lat' dir='ltr'><strong>jam</strong></span> <span class='ocrx_word' id='word_1_435' title='bbox 950 4130 1004 4171; x_wconf 88' lang='lat' dir='ltr'><strong>tota</strong></span> <span class='ocrx_word' id='word_1_436' title='bbox 1022 4125 1096 4172; x_wconf 73' lang='lat' dir='ltr'><strong>erarii</strong></span> <span class='ocrx_word' id='word_1_437' title='bbox 1116 4139 1187 4184; x_wconf 86' lang='lat' dir='ltr'><strong>peon·</strong></span> 
     </span>
     <span class='ocr_line' id='line_1_49' title="bbox 32 4179 1187 4248; baseline 0.007 -21"><span class='ocrx_word' id='word_1_438' title='bbox 32 4179 33 4191; x_wconf 62' lang='lat'>¹</span> <span class='ocrx_word' id='word_1_439' title='bbox 123 4185 223 4244; x_wconf 82' lang='lat' dir='ltr'><strong>rii‚qaoa</strong></span> <span class='ocrx_word' id='word_1_440' title='bbox 239 4200 307 4246; x_wconf 81' lang='lat' dir='ltr'><strong>parea</strong></span> <span class='ocrx_word' id='word_1_441' title='bbox 327 4183 427 4230; x_wconf 77' lang='lat' dir='ltr'><strong>tacimus</strong></span> <span class='ocrx_word' id='word_1_442' title='bbox 443 4185 528 4231; x_wconf 81' lang='lat' dir='ltr'><strong>marcia</strong></span> <span class='ocrx_word' id='word_1_443' title='bbox 543 4184 637 4248; x_wconf 74' lang='lat' dir='ltr'><strong>argenti</strong></span> <span class='ocrx_word' id='word_1_444' title='bbox 669 4186 711 4231; x_wconf 86' lang='lat' dir='ltr'><strong>nia</strong></span> <span class='ocrx_word' id='word_1_445' title='bbox 721 4187 778 4233; x_wconf 88' lang='lat' dir='ltr'><strong>hnic</strong></span> <span class='ocrx_word' id='word_1_446' title='bbox 789 4189 838 4234; x_wconf 78' lang='lat' dir='ltr'><strong>voti</strong></span> <span class='ocrx_word' id='word_1_447' title='bbox 853 4187 993 4245; x_wconf 71' lang='lat' dir='ltr'><strong>obligationi</strong></span> <span class='ocrx_word' id='word_1_448' title='bbox 1010 4189 1187 4235; x_wconf 73' lang='lat' dir='ltr'><strong>obnoxiation-</strong></span> 
     </span>
     <span class='ocr_line' id='line_1_50' title="bbox 125 4249 1186 4313; baseline 0.007 -20"><span class='ocrx_word' id='word_1_449' title='bbox 125 4251 260 4298; x_wconf 82' lang='lat' dir='ltr'><strong>noatratibur</strong></span> <span class='ocrx_word' id='word_1_450' title='bbox 273 4257 296 4301; x_wconf 87' lang='grc'><strong>7.</strong></span> <span class='ocrx_word' id='word_1_451' title='bbox 314 4264 371 4297; x_wconf 88' lang='lat' dir='ltr'><strong>cum</strong></span> <span class='ocrx_word' id='word_1_452' title='bbox 387 4249 465 4295; x_wconf 80' lang='lat' dir='ltr'><strong>unciis</strong></span> <span class='ocrx_word' id='word_1_453' title='bbox 480 4265 520 4296; x_wconf 84' lang='lat' dir='ltr'><strong>aex</strong></span> <span class='ocrx_word' id='word_1_454' title='bbox 535 4257 559 4296; x_wconf 85' lang='lat' dir='ltr'><strong>et</strong></span> <span class='ocrx_word' id='word_1_455' title='bbox 575 4264 636 4297; x_wconf 77' lang='lat' dir='ltr'><strong>aem·</strong></span> <span class='ocrx_word' id='word_1_456' title='bbox 668 4249 740 4299; x_wconf 83' lang='lat' dir='ltr'><strong>bitur.</strong></span> <span class='ocrx_word' id='word_1_457' title='bbox 773 4255 877 4302; x_wconf 83' lang='lat' dir='ltr'><strong>Pecunia</strong></span> <span class='ocrx_word' id='word_1_458' title='bbox 896 4260 985 4313; x_wconf 66' lang='lat' dir='ltr'><strong>anum,</strong></span> <span class='ocrx_word' id='word_1_459' title='bbox 1004 4256 1030 4300; x_wconf 86' lang='lat' dir='ltr'><strong>in</strong></span> <span class='ocrx_word' id='word_1_460' title='bbox 1051 4265 1122 4311; x_wconf 84' lang='lat' dir='ltr'><strong>quant</strong></span> <span class='ocrx_word' id='word_1_461' title='bbox 1144 4268 1186 4300; x_wconf 81' lang='lat' dir='ltr'><strong>no·</strong></span> 
     </span>
     <span class='ocr_line' id='line_1_51' title="bbox 125 4315 1187 4380; baseline 0.004 -21"><span class='ocrx_word' id='word_1_462' title='bbox 125 4315 194 4360; x_wconf 78' lang='lat' dir='ltr'><strong>uncia</strong></span> <span class='ocrx_word' id='word_1_463' title='bbox 668 4321 721 4364; x_wconf 87' lang='lat' dir='ltr'><strong>tum</strong></span> <span class='ocrx_word' id='word_1_464' title='bbox 736 4319 808 4376; x_wconf 81' lang='lat' dir='ltr'><strong>cadit,</strong></span> <span class='ocrx_word' id='word_1_465' title='bbox 820 4333 870 4367; x_wconf 92' lang='lat' dir='ltr'><strong>non</strong></span> <span class='ocrx_word' id='word_1_466' title='bbox 888 4325 967 4380; x_wconf 77' lang='lat' dir='ltr'><strong>pateat</strong></span> <span class='ocrx_word' id='word_1_467' title='bbox 986 4321 1011 4366; x_wconf 89' lang='lat' dir='ltr'><strong>iu</strong></span> <span class='ocrx_word' id='word_1_468' title='bbox 1032 4317 1119 4365; x_wconf 84' lang='lat' dir='ltr'><strong>bellum</strong></span> <span class='ocrx_word' id='word_1_469' title='bbox 1132 4318 1187 4366; x_wconf 82' lang='lat' dir='ltr'><strong>atui</strong></span> 
     </span>
     <span class='ocr_line' id='line_1_52' title="bbox 152 4377 1188 4444; baseline 0.005 -18"><span class='ocrx_word' id='word_1_470' title='bbox 152 4385 178 4426; x_wconf 76' lang='lat' dir='ltr'><strong>tt</strong></span> <span class='ocrx_word' id='word_1_471' title='bbox 199 4383 285 4430; x_wconf 82' lang='lat' dir='ltr'><strong>Vovere</strong></span> <span class='ocrx_word' id='word_1_472' title='bbox 307 4377 403 4442; x_wconf 75' lang='lat' dir='ltr'><strong>deine]</strong></span> <span class='ocrx_word' id='word_1_473' title='bbox 428 4381 502 4440; x_wconf 76' lang='lat' dir='ltr'><strong>Magia</strong></span> <span class='ocrx_word' id='word_1_474' title='bbox 519 4383 635 4444; x_wconf 78' lang='lat' dir='ltr'><strong>placeret:</strong></span> <span class='ocrx_word' id='word_1_475' title='bbox 668 4395 726 4430; x_wconf 82' lang='lat' dir='ltr'><strong>aeae.</strong></span> <span class='ocrx_word' id='word_1_476' title='bbox 760 4385 854 4444; x_wconf 83' lang='lat' dir='ltr'><strong>ltaque,</strong></span> <span class='ocrx_word' id='word_1_477' title='bbox 869 4385 920 4432; x_wconf 76' lang='lat' dir='ltr'><strong>nini</strong></span> <span class='ocrx_word' id='word_1_478' title='bbox 942 4390 1006 4432; x_wconf 79' lang='lat' dir='ltr'><strong>certa</strong></span> <span class='ocrx_word' id='word_1_479' title='bbox 1027 4384 1128 4444; x_wconf 78' lang='lat' dir='ltr'><strong>pecnnia</strong></span> <span class='ocrx_word' id='word_1_480' title='bbox 1147 4397 1188 4432; x_wconf 66' lang='lat' dir='ltr'><strong>ro‘·</strong></span> 
     </span>
    </p>
   </div>
   <div class='ocr_carea' id='block_1_4' title="bbox 0 0 1547 4954">
    <p class='ocr_par' dir='ltr' id='par_1_13' title="bbox 0 0 1547 4954">
     <span class='ocr_line' id='line_1_53' title="bbox 0 0 1547 4954; baseline 0 0"><span class='ocrx_word' id='word_1_481' title='bbox 0 0 1547 4954; x_wconf 95' lang='lat' dir='ltr'><strong> </strong></span> 
     </span>
    </p>
   </div>
  </div>
 </body>
</html>
