<?xml version="1.0" encoding="UTF-8"?>
<!DOCTYPE html PUBLIC "-//W3C//DTD XHTML 1.0 Transitional//EN"
    "http://www.w3.org/TR/xhtml1/DTD/xhtml1-transitional.dtd">
<html xmlns="http://www.w3.org/1999/xhtml" xml:lang="en" lang="en">
 <head>
  <title>
</title>
<meta http-equiv="Content-Type" content="text/html;charset=utf-8" />
  <meta name='ocr-system' content='tesseract 3.04.00' />
  <meta name='ocr-capabilities' content='ocr_page ocr_carea ocr_par ocr_line ocrx_word'/>
</head>
<body>
  <div class='ocr_page' id='page_1' title='image "./tliviipatavinih04crevgoog_0033.png"; bbox 0 0 3042 4954; ppageno 0'>
   <div class='ocr_carea' id='block_1_1' title="bbox 284 216 967 286">
    <p class='ocr_par' dir='ltr' id='par_1_1' title="bbox 284 216 967 318">
     <span class='ocr_line' id='line_1_1' title="bbox 284 216 967 286; baseline -0.009 0"><span class='ocrx_word' id='word_1_1' title='bbox 284 223 324 286; x_wconf 72' lang='lat'><strong>26</strong></span> <span class='ocrx_word' id='word_1_2' title='bbox 690 220 799 282; x_wconf 86' lang='grc' dir='ltr'>ΤῙΤΙ</span> <span class='ocrx_word' id='word_1_3' title='bbox 831 216 967 282; x_wconf 87' lang='lat' dir='ltr'>LIVII</span> 
     </span>
    </p>
   </div>
   <div class='ocr_carea' id='block_1_2' title="bbox 82 381 1368 1771">
    <p class='ocr_par' dir='ltr' id='par_1_2' title="bbox 82 381 1368 991">
     <span class='ocr_line' id='line_1_2' title="bbox 82 381 1345 472; baseline -0.003 -16"><span class='ocrx_word' id='word_1_4' title='bbox 82 435 86 444; x_wconf 79' lang='lat'><em>,</em></span> <span class='ocrx_word' id='word_1_5' title='bbox 119 404 150 456; x_wconf 86' lang='lat' dir='ltr'><strong>u.</strong></span> <span class='ocrx_word' id='word_1_6' title='bbox 161 407 189 456; x_wconf 86' lang='lat' dir='ltr'><strong>u.</strong></span> <span class='ocrx_word' id='word_1_7' title='bbox 202 411 257 456; x_wconf 80' lang='lat' dir='ltr'><strong>ssa.</strong></span> <span class='ocrx_word' id='word_1_8' title='bbox 328 385 494 454; x_wconf 82' lang='lat' dir='ltr'>XXVIII.</span> <span class='ocrx_word' id='word_1_9' title='bbox 521 383 595 450; x_wconf 89' lang='lat' dir='ltr'><strong>Hac</strong></span> <span class='ocrx_word' id='word_1_10' title='bbox 617 386 692 452; x_wconf 82' lang='lat' dir='ltr'><strong>satis</strong></span> <span class='ocrx_word' id='word_1_11' title='bbox 709 385 790 452; x_wconf 84' lang='lat' dir='ltr'><strong>felici</strong></span> <span class='ocrx_word' id='word_1_12' title='bbox 808 385 1015 472; x_wconf 78' lang='lat' dir='ltr'><strong>experhtione</strong></span> <span class='ocrx_word' id='word_1_13' title='bbox 1034 383 1119 452; x_wconf 88' lang='lat' dir='ltr'><strong>bello</strong></span> <span class='ocrx_word' id='word_1_14' title='bbox 1132 381 1158 424; x_wconf 85' lang='lat'><strong>¹⁴</strong></span> <span class='ocrx_word' id='word_1_15' title='bbox 1166 383 1345 462; x_wconf 78' lang='lat' dir='ltr'><strong>commisto,</strong></span> 
     </span>
     <span class='ocr_line' id='line_1_3' title="bbox 118 471 1348 564; baseline -0.004 -23"><span class='ocrx_word' id='word_1_16' title='bbox 118 473 150 522; x_wconf 51' lang='grc' dir='ltr'><strong>Δ</strong></span> <span class='ocrx_word' id='word_1_17' title='bbox 162 474 259 549; x_wconf 75' lang='lat'><strong>⁰·‚⁹⁰⁰·</strong></span> <span class='ocrx_word' id='word_1_18' title='bbox 283 475 383 564; x_wconf 82' lang='lat' dir='ltr'><strong>reguli</strong></span> <span class='ocrx_word' id='word_1_19' title='bbox 404 496 442 538; x_wconf 85' lang='lat' dir='ltr'><strong>ac</strong></span> <span class='ocrx_word' id='word_1_20' title='bbox 464 474 624 557; x_wconf 85' lang='lat' dir='ltr'><strong>principes</strong></span> <span class='ocrx_word' id='word_1_21' title='bbox 643 473 765 538; x_wconf 84' lang='lat' dir='ltr'><strong>adcolae</strong></span> <span class='ocrx_word' id='word_1_22' title='bbox 782 473 998 540; x_wconf 78' lang='lat' dir='ltr'><strong>Macedonum</strong></span> <span class='ocrx_word' id='word_1_23' title='bbox 1020 472 1054 536; x_wconf 93' lang='lat' dir='ltr'><strong>in</strong></span> <span class='ocrx_word' id='word_1_24' title='bbox 1075 486 1178 536; x_wconf 84' lang='lat' dir='ltr'><strong>castra</strong></span> <span class='ocrx_word' id='word_1_25' title='bbox 1197 471 1348 536; x_wconf 84' lang='lat' dir='ltr'><strong>Romana</strong></span> 
     </span>
     <span class='ocr_line' id='line_1_4' title="bbox 118 539 1368 651; baseline -0.004 -24"><span class='ocrx_word' id='word_1_26' title='bbox 118 539 269 651; x_wconf 55' lang='grc' dir='ltr'><strong>ξοῖξᾞ</strong></span> <span class='ocrx_word' id='word_1_27' title='bbox 283 563 423 640; x_wconf 87' lang='lat' dir='ltr'><strong>veniunt,</strong></span> <span class='ocrx_word' id='word_1_28' title='bbox 441 559 608 624; x_wconf 80' lang='lat' dir='ltr'><strong>Pleuratus</strong></span> <span class='ocrx_word' id='word_1_29' title='bbox 633 559 819 626; x_wconf 87' lang='lat' dir='ltr'><strong>Scerdilaedi</strong></span> <span class='ocrx_word' id='word_1_30' title='bbox 839 560 935 636; x_wconf 84' lang='lat' dir='ltr'><strong>filius,</strong></span> <span class='ocrx_word' id='word_1_31' title='bbox 959 574 990 624; x_wconf 90' lang='lat' dir='ltr'><strong>et</strong></span> <span class='ocrx_word' id='word_1_32' title='bbox 1012 557 1221 644; x_wconf 76' lang='lat' dir='ltr'>Amynander</span> <span class='ocrx_word' id='word_1_33' title='bbox 1242 557 1368 622; x_wconf 62' lang='lat' dir='ltr'><strong>Atha.</strong></span> 
     </span>
     <span class='ocr_line' id='line_1_5' title="bbox 118 643 1346 798; baseline 0 -2"><span class='ocrx_word' id='word_1_34' title='bbox 118 669 274 796; x_wconf 48' lang='lat' dir='ltr'><strong>duffii?</strong></span> <span class='ocrx_word' id='word_1_35' title='bbox 282 645 1065 798; x_wconf 54' lang='lat' dir='ltr'><strong>titini}’ittt.i.⁸2l”i³⁸nlttr.i⁰lttt</strong></span> <span class='ocrx_word' id='word_1_36' title='bbox 1078 645 1123 794; x_wconf 71' lang='lat'><strong>⁶1¹³</strong></span> <span class='ocrx_word' id='word_1_37' title='bbox 1126 643 1346 796; x_wconf 55' lang='lat' dir='ltr'><strong>”tellit</strong></span> 
     </span>
     <span class='ocr_line' id='line_1_6' title="bbox 118 753 1345 904; baseline -0.008 -14"><span class='ocrx_word' id='word_1_38' title='bbox 118 799 203 848; x_wconf 70' lang='lat' dir='ltr'><strong>mani..</strong></span> <span class='ocrx_word' id='word_1_39' title='bbox 281 831 342 890; x_wconf 78' lang='lat' dir='ltr'><strong>tat.</strong></span> <span class='ocrx_word' id='word_1_40' title='bbox 389 755 615 886; x_wconf 68' lang='lat' dir='ltr'><strong>Pollicemibis</strong></span> <span class='ocrx_word' id='word_1_41' title='bbox 638 819 760 884; x_wconf 89' lang='lat' dir='ltr'><strong>auxilia</strong></span> <span class='ocrx_word' id='word_1_42' title='bbox 781 819 945 904; x_wconf 88' lang='lat' dir='ltr'><strong>respondit</strong></span> <span class='ocrx_word' id='word_1_43' title='bbox 969 753 1096 897; x_wconf 59' lang='lat' dir='ltr'><strong>conscii:</strong></span> <span class='ocrx_word' id='word_1_44' title='bbox 1115 753 1345 884; x_wconf 66' lang='lat' dir='ltr'><strong>dardariorun</strong></span> 
     </span>
     <span class='ocr_line' id='line_1_7' title="bbox 279 904 1347 991; baseline -0.003 -19"><span class='ocrx_word' id='word_1_45' title='bbox 279 919 312 972; x_wconf 87' lang='lat' dir='ltr'><strong>et</strong></span> <span class='ocrx_word' id='word_1_46' title='bbox 329 905 471 980; x_wconf 81' lang='lat' dir='ltr'><strong>Pleurati</strong></span> <span class='ocrx_word' id='word_1_47' title='bbox 485 927 593 991; x_wconf 87' lang='lat' dir='ltr'><strong>opera,</strong></span> <span class='ocrx_word' id='word_1_48' title='bbox 608 927 706 991; x_wconf 89' lang='lat' dir='ltr'><strong>quum</strong></span> <span class='ocrx_word' id='word_1_49' title='bbox 730 909 905 972; x_wconf 77' lang='lat' dir='ltr'><strong>exercitum</strong></span> <span class='ocrx_word' id='word_1_50' title='bbox 925 905 959 970; x_wconf 92' lang='lat' dir='ltr'><strong>iu</strong></span> <span class='ocrx_word' id='word_1_51' title='bbox 975 904 1200 972; x_wconf 84' lang='lat' dir='ltr'><strong>Macedoniam</strong></span> <span class='ocrx_word' id='word_1_52' title='bbox 1215 904 1347 969; x_wconf 61' lang='lat' dir='ltr'><strong>induce</strong></span> 
     </span>
    </p>

    <p class='ocr_par' dir='ltr' id='par_1_3' title="bbox 279 989 1347 1179">
     <span class='ocr_line' id='line_1_8' title="bbox 279 989 1346 1077; baseline -0.007 -15"><span class='ocrx_word' id='word_1_53' title='bbox 279 1006 338 1072; x_wconf 81' lang='lat' dir='ltr'><strong>ret,</strong></span> <span class='ocrx_word' id='word_1_54' title='bbox 355 1016 389 1057; x_wconf 87' lang='lat' dir='ltr'><strong>se</strong></span> <span class='ocrx_word' id='word_1_55' title='bbox 403 1015 544 1058; x_wconf 89' lang='lat' dir='ltr'><strong>usurum.</strong></span> <span class='ocrx_word' id='word_1_56' title='bbox 590 993 796 1077; x_wconf 84' lang='lat' dir='ltr'><strong>Amynandro</strong></span> <span class='ocrx_word' id='word_1_57' title='bbox 811 991 939 1058; x_wconf 85' lang='lat' dir='ltr'><strong>AEtolos</strong></span> <span class='ocrx_word' id='word_1_58' title='bbox 953 991 1158 1058; x_wconf 89' lang='lat' dir='ltr'><strong>concitandos</strong></span> <span class='ocrx_word' id='word_1_59' title='bbox 1169 990 1209 1056; x_wconf 83' lang='lat' dir='ltr'><strong>sd</strong></span> <span class='ocrx_word' id='word_1_60' title='bbox 1226 989 1346 1054; x_wconf 89' lang='lat' dir='ltr'><strong>bellum</strong></span> 
     </span>
     <span class='ocr_line' id='line_1_9' title="bbox 280 1077 1347 1179; baseline -0.004 -35"><span class='ocrx_word' id='word_1_61' title='bbox 280 1079 446 1145; x_wconf 83' lang='lat' dir='ltr'><strong>adtribuit.</strong></span> <span class='ocrx_word' id='word_1_62' title='bbox 492 1078 593 1144; x_wconf 89' lang='lat' dir='ltr'><strong>Attali</strong></span> <span class='ocrx_word' id='word_1_63' title='bbox 607 1078 718 1166; x_wconf 79' lang='lat' dir='ltr'><strong>legatis</strong></span> <span class='ocrx_word' id='word_1_64' title='bbox 734 1085 821 1163; x_wconf 88' lang='lat' dir='ltr'><strong>(nam</strong></span> <span class='ocrx_word' id='word_1_65' title='bbox 837 1079 1002 1179; x_wconf 78' lang='lat' dir='ltr'><strong>iiquoque</strong></span> <span class='ocrx_word' id='word_1_66' title='bbox 1022 1100 1080 1163; x_wconf 89' lang='lat' dir='ltr'><strong>per</strong></span> <span class='ocrx_word' id='word_1_67' title='bbox 1101 1077 1135 1140; x_wconf 89' lang='lat' dir='ltr'><strong>id</strong></span> <span class='ocrx_word' id='word_1_68' title='bbox 1153 1089 1276 1160; x_wconf 90' lang='lat' dir='ltr'><strong>tempus</strong></span> <span class='ocrx_word' id='word_1_69' title='bbox 1290 1097 1347 1140; x_wconf 91' lang='lat' dir='ltr'><strong>ve·</strong></span> 
     </span>
    </p>

    <p class='ocr_par' dir='ltr' id='par_1_4' title="bbox 279 1163 1350 1256">
     <span class='ocr_line' id='line_1_10' title="bbox 279 1163 1350 1256; baseline -0.004 -26"><span class='ocrx_word' id='word_1_70' title='bbox 279 1169 406 1256; x_wconf 80' lang='lat' dir='ltr'><strong>nerant)</strong></span> <span class='ocrx_word' id='word_1_71' title='bbox 432 1168 570 1245; x_wconf 89' lang='lat' dir='ltr'><strong>mandat,</strong></span> <span class='ocrx_word' id='word_1_72' title='bbox 594 1177 630 1230; x_wconf 92' lang='lat' dir='ltr'><strong>ut</strong></span> <span class='ocrx_word' id='word_1_73' title='bbox 655 1165 787 1253; x_wconf 85' lang='lat' dir='ltr'><strong>AEginae</strong></span> <span class='ocrx_word' id='word_1_74' title='bbox 811 1188 879 1242; x_wconf 84' lang='lat' dir='ltr'><strong>rex,</strong></span> <span class='ocrx_word' id='word_1_75' title='bbox 906 1165 960 1230; x_wconf 89' lang='lat' dir='ltr'><strong>ubr</strong></span> <span class='ocrx_word' id='word_1_76' title='bbox 986 1164 1185 1240; x_wconf 83' lang='lat' dir='ltr'><strong>hibernabat,</strong></span> <span class='ocrx_word' id='word_1_77' title='bbox 1212 1163 1350 1236; x_wconf 75' lang='lat' dir='ltr'><strong>classem,</strong></span> 
     </span>
    </p>

    <p class='ocr_par' dir='ltr' id='par_1_5' title="bbox 117 1251 1348 1596">
     <span class='ocr_line' id='line_1_11' title="bbox 175 1251 1348 1338; baseline -0.002 -22"><span class='ocrx_word' id='word_1_78' title='bbox 175 1271 196 1286; x_wconf 70' lang='grc'><strong>·’</strong></span> <span class='ocrx_word' id='word_1_79' title='bbox 281 1252 460 1318; x_wconf 80' lang='lat' dir='ltr'><strong>Romanam</strong></span> <span class='ocrx_word' id='word_1_80' title='bbox 480 1255 689 1336; x_wconf 83' lang='lat' dir='ltr'><strong>opperiretur.</strong></span> <span class='ocrx_word' id='word_1_81' title='bbox 712 1275 775 1336; x_wconf 85' lang='lat' dir='ltr'><strong>qua</strong></span> <span class='ocrx_word' id='word_1_82' title='bbox 796 1253 955 1338; x_wconf 83' lang='lat' dir='ltr'><strong>adjuncta,</strong></span> <span class='ocrx_word' id='word_1_83' title='bbox 972 1251 1056 1316; x_wconf 92' lang='lat' dir='ltr'><strong>bello</strong></span> <span class='ocrx_word' id='word_1_84' title='bbox 1080 1251 1247 1326; x_wconf 88' lang='lat' dir='ltr'><strong>maritimo,</strong></span> <span class='ocrx_word' id='word_1_85' title='bbox 1264 1252 1348 1320; x_wconf 85' lang='lat' dir='ltr'><strong>sicut</strong></span> 
     </span>
     <span class='ocr_line' id='line_1_12' title="bbox 117 1335 1345 1425; baseline -0.003 -17"><span class='ocrx_word' id='word_1_86' title='bbox 117 1347 220 1408; x_wconf 74' lang='lat' dir='ltr'><strong>mtttppr</strong></span> <span class='ocrx_word' id='word_1_87' title='bbox 230 1348 271 1394; x_wconf 69' lang='lat' dir='ltr'><strong>td·</strong></span> <span class='ocrx_word' id='word_1_88' title='bbox 279 1352 362 1417; x_wconf 86' lang='lat' dir='ltr'><strong>ante,</strong></span> <span class='ocrx_word' id='word_1_89' title='bbox 380 1338 567 1424; x_wconf 88' lang='lat' dir='ltr'><strong>Philippum</strong></span> <span class='ocrx_word' id='word_1_90' title='bbox 579 1349 738 1425; x_wconf 81' lang='lat' dir='ltr'><strong>urgueret.</strong></span> <span class='ocrx_word' id='word_1_91' title='bbox 782 1339 833 1404; x_wconf 88' lang='lat' dir='ltr'><strong>Ad</strong></span> <span class='ocrx_word' id='word_1_92' title='bbox 847 1338 990 1404; x_wconf 88' lang='lat' dir='ltr'><strong>Rhodios</strong></span> <span class='ocrx_word' id='word_1_93' title='bbox 1002 1360 1128 1424; x_wconf 90' lang='lat' dir='ltr'><strong>quoque</strong></span> <span class='ocrx_word' id='word_1_94' title='bbox 1140 1337 1225 1425; x_wconf 87' lang='lat' dir='ltr'><strong>missi</strong></span> <span class='ocrx_word' id='word_1_95' title='bbox 1236 1335 1345 1420; x_wconf 71' lang='lat' dir='ltr'><strong>legati,</strong></span> 
     </span>
     <span class='ocr_line' id='line_1_13' title="bbox 117 1419 1346 1512; baseline -0.002 -23"><span class='ocrx_word' id='word_1_96' title='bbox 117 1419 245 1474; x_wconf 70' lang='lat' dir='ltr'><strong>pontus-</strong></span> <span class='ocrx_word' id='word_1_97' title='bbox 280 1438 316 1490; x_wconf 89' lang='lat' dir='ltr'><strong>ut</strong></span> <span class='ocrx_word' id='word_1_98' title='bbox 339 1437 538 1510; x_wconf 85' lang='lat' dir='ltr'><strong>capesserent</strong></span> <span class='ocrx_word' id='word_1_99' title='bbox 560 1441 682 1510; x_wconf 84' lang='lat' dir='ltr'><strong>partem</strong></span> <span class='ocrx_word' id='word_1_100' title='bbox 703 1424 788 1488; x_wconf 91' lang='lat' dir='ltr'><strong>belli.</strong></span> <span class='ocrx_word' id='word_1_101' title='bbox 834 1425 903 1488; x_wconf 91' lang='lat' dir='ltr'><strong>Nec</strong></span> <span class='ocrx_word' id='word_1_102' title='bbox 928 1423 1095 1508; x_wconf 87' lang='lat' dir='ltr'><strong>Phiiippus</strong></span> <span class='ocrx_word' id='word_1_103' title='bbox 1118 1423 1244 1512; x_wconf 80' lang='lat' dir='ltr'><strong>segnius</strong></span> <span class='ocrx_word' id='word_1_104' title='bbox 1265 1423 1346 1508; x_wconf 82' lang='lat' dir='ltr'><strong>(jam</strong></span> 
     </span>
     <span class='ocr_line' id='line_1_14' title="bbox 279 1509 1347 1596; baseline -0.003 -21"><span class='ocrx_word' id='word_1_105' title='bbox 279 1512 363 1576; x_wconf 87' lang='lat' dir='ltr'><strong>eninr</strong></span> <span class='ocrx_word' id='word_1_106' title='bbox 389 1513 424 1576; x_wconf 92' lang='lat' dir='ltr'><strong>in</strong></span> <span class='ocrx_word' id='word_1_107' title='bbox 448 1510 674 1576; x_wconf 87' lang='lat' dir='ltr'><strong>Macedoniam</strong></span> <span class='ocrx_word' id='word_1_108' title='bbox 696 1513 894 1596; x_wconf 86' lang='lat' dir='ltr'><strong>pervenerat)</strong></span> <span class='ocrx_word' id='word_1_109' title='bbox 918 1511 1091 1595; x_wconf 85' lang='lat' dir='ltr'><strong>adparabat</strong></span> <span class='ocrx_word' id='word_1_110' title='bbox 1114 1509 1242 1576; x_wconf 88' lang='lat' dir='ltr'><strong>beilum.</strong></span> <span class='ocrx_word' id='word_1_111' title='bbox 1289 1509 1347 1574; x_wconf 88' lang='lat' dir='ltr'><strong>Fi-</strong></span> 
     </span>
    </p>

    <p class='ocr_par' dir='ltr' id='par_1_6' title="bbox 277 1595 1345 1771">
     <span class='ocr_line' id='line_1_15' title="bbox 279 1595 1345 1683; baseline 0 -23"><span class='ocrx_word' id='word_1_112' title='bbox 279 1597 356 1662; x_wconf 91' lang='lat' dir='ltr'><strong>lium</strong></span> <span class='ocrx_word' id='word_1_113' title='bbox 381 1599 510 1678; x_wconf 85' lang='lat' dir='ltr'><strong>Persea,</strong></span> <span class='ocrx_word' id='word_1_114' title='bbox 524 1597 548 1636; x_wconf 90' lang='lat'><strong>¹⁵</strong></span> <span class='ocrx_word' id='word_1_115' title='bbox 558 1616 692 1683; x_wconf 77' lang='lat' dir='ltr'><strong>puerum</strong></span> <span class='ocrx_word' id='word_1_116' title='bbox 718 1598 900 1674; x_wconf 90' lang='lat' dir='ltr'><strong>admodum,</strong></span> <span class='ocrx_word' id='word_1_117' title='bbox 916 1598 996 1664; x_wconf 88' lang='lat' dir='ltr'><strong>datis</strong></span> <span class='ocrx_word' id='word_1_118' title='bbox 1018 1595 1066 1662; x_wconf 82' lang='lat' dir='ltr'><strong>ex&#39;</strong></span> <span class='ocrx_word' id='word_1_119' title='bbox 1080 1597 1253 1664; x_wconf 86' lang='lat' dir='ltr'><strong>amicorum</strong></span> <span class='ocrx_word' id='word_1_120' title='bbox 1282 1617 1345 1660; x_wconf 90' lang='lat' dir='ltr'><strong>nu-</strong></span> 
     </span>
     <span class='ocr_line' id='line_1_16' title="bbox 277 1682 1345 1771; baseline 0 -23"><span class='ocrx_word' id='word_1_121' title='bbox 277 1688 448 1771; x_wconf 54' lang='lat' dir='ltr'><strong>mero,.qui</strong></span> <span class='ocrx_word' id='word_1_122' title='bbox 464 1697 589 1750; x_wconf 85' lang='lat' dir='ltr'><strong>aetatem</strong></span> <span class='ocrx_word' id='word_1_123' title='bbox 604 1685 671 1770; x_wconf 90' lang='lat' dir='ltr'><strong>ejus</strong></span> <span class='ocrx_word' id='word_1_124' title='bbox 686 1697 842 1770; x_wconf 84' lang='lat' dir='ltr'><strong>regerent,</strong></span> <span class='ocrx_word' id='word_1_125' title='bbox 858 1707 930 1748; x_wconf 91' lang='lat' dir='ltr'><strong>cum</strong></span> <span class='ocrx_word' id='word_1_126' title='bbox 945 1695 1037 1769; x_wconf 88' lang='lat' dir='ltr'><strong>parte</strong></span> <span class='ocrx_word' id='word_1_127' title='bbox 1050 1684 1213 1768; x_wconf 83' lang='lat' dir='ltr'><strong>copiarum</strong></span> <span class='ocrx_word' id='word_1_128' title='bbox 1229 1682 1270 1746; x_wconf 91' lang='lat' dir='ltr'><strong>ad</strong></span> <span class='ocrx_word' id='word_1_129' title='bbox 1285 1683 1345 1748; x_wconf 89' lang='lat' dir='ltr'><strong>ob·</strong></span> 
     </span>
    </p>
   </div>
   <div class='ocr_carea' id='block_1_3' title="bbox 277 1768 1345 1860">
    <p class='ocr_par' dir='ltr' id='par_1_7' title="bbox 277 1768 1345 1860">
     <span class='ocr_line' id='line_1_17' title="bbox 277 1768 1345 1860; baseline -0.004 -24"><span class='ocrx_word' id='word_1_130' title='bbox 277 1771 424 1837; x_wconf 88' lang='lat' dir='ltr'><strong>sidendas</strong></span> <span class='ocrx_word' id='word_1_131' title='bbox 439 1771 611 1860; x_wconf 87' lang='lat' dir='ltr'><strong>angustias,</strong></span> <span class='ocrx_word' id='word_1_132' title='bbox 628 1793 701 1856; x_wconf 88' lang='lat' dir='ltr'><strong>quae</strong></span> <span class='ocrx_word' id='word_1_133' title='bbox 716 1771 756 1836; x_wconf 90' lang='lat' dir='ltr'><strong>ad</strong></span> <span class='ocrx_word' id='word_1_134' title='bbox 773 1771 980 1858; x_wconf 82' lang='lat' dir='ltr'><strong>Pelagoniam</strong></span> <span class='ocrx_word' id='word_1_135' title='bbox 1003 1784 1085 1848; x_wconf 89' lang='lat' dir='ltr'><strong>sunt,</strong></span> <span class='ocrx_word' id='word_1_136' title='bbox 1104 1769 1209 1834; x_wconf 90' lang='lat' dir='ltr'><strong>mittit.</strong></span> <span class='ocrx_word' id='word_1_137' title='bbox 1254 1768 1345 1835; x_wconf 83' lang='lat' dir='ltr'><strong>Scia-</strong></span> 
     </span>
    </p>
   </div>
   <div class='ocr_carea' id='block_1_4' title="bbox 192 1847 1519 1944">
    <p class='ocr_par' dir='ltr' id='par_1_8' title="bbox 192 1847 1519 1944">
     <span class='ocr_line' id='line_1_18' title="bbox 192 1847 1519 1944; baseline -0.002 -22"><span class='ocrx_word' id='word_1_138' title='bbox 192 1857 193 1860; x_wconf 60' lang='grc'>’</span> <span class='ocrx_word' id='word_1_139' title='bbox 277 1858 368 1922; x_wconf 91' lang='lat' dir='ltr'><strong>thum</strong></span> <span class='ocrx_word' id='word_1_140' title='bbox 384 1873 417 1922; x_wconf 89' lang='lat' dir='ltr'><strong>et</strong></span> <span class='ocrx_word' id='word_1_141' title='bbox 433 1856 658 1941; x_wconf 88' lang='lat' dir='ltr'><strong>Peparethum,</strong></span> <span class='ocrx_word' id='word_1_142' title='bbox 670 1856 757 1922; x_wconf 84' lang='lat' dir='ltr'><strong>haud</strong></span> <span class='ocrx_word' id='word_1_143' title='bbox 768 1857 923 1944; x_wconf 87' lang='lat' dir='ltr'><strong>ignobiles</strong></span> <span class='ocrx_word' id='word_1_144' title='bbox 932 1857 1035 1934; x_wconf 79' lang='lat' dir='ltr'><strong>urbes,</strong></span> <span class='ocrx_word' id='word_1_145' title='bbox 1049 1877 1089 1920; x_wconf 92' lang='lat' dir='ltr'><strong>ne</strong></span> <span class='ocrx_word' id='word_1_146' title='bbox 1103 1847 1345 1920; x_wconf 82' lang='lat' dir='ltr'><strong>classihostium</strong></span> <span class='ocrx_word' id='word_1_147' title='bbox 1428 1928 1438 1938; x_wconf 43' lang='grc'><em>,</em></span> <span class='ocrx_word' id='word_1_148' title='bbox 1514 1847 1519 1858; x_wconf 73' lang='lat'>&#39;</span> 
     </span>
    </p>
   </div>
   <div class='ocr_carea' id='block_1_5' title="bbox 112 1941 1346 3672">
    <p class='ocr_par' dir='ltr' id='par_1_9' title="bbox 277 1941 1345 2029">
     <span class='ocr_line' id='line_1_19' title="bbox 277 1941 1345 2029; baseline -0.003 -21"><span class='ocrx_word' id='word_1_149' title='bbox 277 1944 398 2029; x_wconf 85' lang='lat' dir='ltr'><strong>proedae</strong></span> <span class='ocrx_word' id='word_1_150' title='bbox 412 1967 450 2008; x_wconf 92' lang='lat' dir='ltr'><strong>ac</strong></span> <span class='ocrx_word' id='word_1_151' title='bbox 464 1944 596 2028; x_wconf 72' lang='lat' dir='ltr'><strong>prraemio</strong></span> <span class='ocrx_word' id='word_1_152' title='bbox 609 1957 721 2022; x_wconf 83' lang='lat' dir='ltr'><strong>essent,</strong></span> <span class='ocrx_word' id='word_1_153' title='bbox 736 1944 845 2008; x_wconf 83' lang='lat' dir='ltr'><strong>diruit.</strong></span> <span class='ocrx_word' id='word_1_154' title='bbox 891 1944 942 2008; x_wconf 87' lang='lat' dir='ltr'><strong>Ad</strong></span> <span class='ocrx_word' id='word_1_155' title='bbox 958 1942 1086 2010; x_wconf 87' lang='lat' dir='ltr'><strong>AEtolos</strong></span> <span class='ocrx_word' id='word_1_156' title='bbox 1100 1943 1197 2006; x_wconf 89' lang='lat' dir='ltr'><strong>mittit</strong></span> <span class='ocrx_word' id='word_1_157' title='bbox 1211 1941 1345 2029; x_wconf 81' lang='lat' dir='ltr'><strong>legatos,</strong></span> 
     </span>
    </p>

    <p class='ocr_par' dir='ltr' id='par_1_10' title="bbox 261 2029 1339 2116">
     <span class='ocr_line' id='line_1_20' title="bbox 261 2029 1339 2116; baseline -0.001 -21"><span class='ocrx_word' id='word_1_158' title='bbox 261 2051 318 2096; x_wconf 53' lang='lat' dir='ltr'><strong>«ne</strong></span> <span class='ocrx_word' id='word_1_159' title='bbox 332 2052 410 2116; x_wconf 85' lang='lat' dir='ltr'><strong>gens</strong></span> <span class='ocrx_word' id='word_1_160' title='bbox 424 2031 565 2114; x_wconf 91' lang='lat' dir='ltr'><strong>inquieta</strong></span> <span class='ocrx_word' id='word_1_161' title='bbox 578 2031 716 2094; x_wconf 88' lang='lat' dir='ltr'><strong>adventu</strong></span> <span class='ocrx_word' id='word_1_162' title='bbox 736 2031 954 2096; x_wconf 88' lang='lat' dir='ltr'><strong>Romanorum</strong></span> <span class='ocrx_word' id='word_1_163' title='bbox 970 2029 1067 2096; x_wconf 87' lang='lat' dir='ltr'><strong>fidem</strong></span> <span class='ocrx_word' id='word_1_164' title='bbox 1083 2041 1229 2094; x_wconf 86' lang='lat' dir='ltr'><strong>mutaret.</strong></span> <span class='ocrx_word' id='word_1_165' title='bbox 1336 2075 1339 2082; x_wconf 85' lang='lat'>·</span> 
     </span>
    </p>

    <p class='ocr_par' dir='ltr' id='par_1_11' title="bbox 323 2114 1345 2202">
     <span class='ocr_line' id='line_1_21' title="bbox 323 2114 1345 2202; baseline -0.003 -19"><span class='ocrx_word' id='word_1_166' title='bbox 323 2115 451 2183; x_wconf 88' lang='lat' dir='ltr'>XXIX.</span> <span class='ocrx_word' id='word_1_167' title='bbox 476 2116 654 2182; x_wconf 87' lang='lat' dir='ltr'><strong>Concilium</strong></span> <span class='ocrx_word' id='word_1_168' title='bbox 670 2116 853 2184; x_wconf 83' lang='lat' dir='ltr'><strong>AEtolorum</strong></span> <span class='ocrx_word' id='word_1_169' title='bbox 876 2127 993 2182; x_wconf 86' lang='lat' dir='ltr'><strong>statuta</strong></span> <span class='ocrx_word' id='word_1_170' title='bbox 1007 2115 1069 2192; x_wconf 92' lang='lat' dir='ltr'><strong>die,</strong></span> <span class='ocrx_word' id='word_1_171' title='bbox 1085 2116 1173 2202; x_wconf 91' lang='lat' dir='ltr'><strong>quod</strong></span> <span class='ocrx_word' id='word_1_172' title='bbox 1193 2114 1345 2180; x_wconf 63' lang='lat' dir='ltr'><strong>Panaeto÷</strong></span> 
     </span>
    </p>

    <p class='ocr_par' dir='ltr' id='par_1_12' title="bbox 277 2201 1345 2282">
     <span class='ocr_line' id='line_1_22' title="bbox 277 2201 1345 2282; baseline 0 -16"><span class='ocrx_word' id='word_1_173' title='bbox 277 2202 357 2266; x_wconf 92' lang='lat' dir='ltr'><strong>lium</strong></span> <span class='ocrx_word' id='word_1_174' title='bbox 372 2215 498 2282; x_wconf 65' lang='lat' dir='ltr'><strong>vocant3</strong></span> <span class='ocrx_word' id='word_1_175' title='bbox 512 2201 653 2268; x_wconf 91' lang='lat' dir='ltr'><strong>futurum</strong></span> <span class='ocrx_word' id='word_1_176' title='bbox 676 2215 753 2268; x_wconf 90' lang='lat' dir='ltr'><strong>erat.</strong></span> <span class='ocrx_word' id='word_1_177' title='bbox 800 2203 890 2268; x_wconf 89' lang='lat' dir='ltr'><strong>Huic</strong></span> <span class='ocrx_word' id='word_1_178' title='bbox 913 2215 949 2268; x_wconf 89' lang='lat' dir='ltr'><strong>ut</strong></span> <span class='ocrx_word' id='word_1_179' title='bbox 968 2203 1186 2282; x_wconf 79' lang='lat' dir='ltr'><strong>obcurrerunt,</strong></span> <span class='ocrx_word' id='word_1_180' title='bbox 1200 2215 1232 2266; x_wconf 89' lang='lat' dir='ltr'><strong>et</strong></span> <span class='ocrx_word' id='word_1_181' title='bbox 1247 2201 1275 2268; x_wconf 91' lang='lat' dir='ltr'><strong>le</strong></span> <span class='ocrx_word' id='word_1_182' title='bbox 1317 2203 1345 2266; x_wconf 93' lang='lat' dir='ltr'><strong>ti</strong></span> 
     </span>
    </p>

    <p class='ocr_par' dir='ltr' id='par_1_13' title="bbox 277 2288 1345 2374">
     <span class='ocr_line' id='line_1_23' title="bbox 277 2288 1345 2374; baseline 0.002 -20"><span class='ocrx_word' id='word_1_183' title='bbox 277 2289 360 2374; x_wconf 79' lang='lat' dir='ltr'><strong>regis</strong></span> <span class='ocrx_word' id='word_1_184' title='bbox 374 2290 435 2356; x_wconf 89' lang='lat' dir='ltr'><strong>iter</strong></span> <span class='ocrx_word' id='word_1_185' title='bbox 449 2289 680 2368; x_wconf 77' lang='lat' dir='ltr'><strong>adceleraruut,</strong></span> <span class='ocrx_word' id='word_1_186' title='bbox 696 2303 728 2354; x_wconf 89' lang='lat' dir='ltr'><strong>et</strong></span> <span class='ocrx_word' id='word_1_187' title='bbox 744 2289 785 2356; x_wconf 80' lang='lat' dir='ltr'><strong>eb</strong></span> <span class='ocrx_word' id='word_1_188' title='bbox 799 2289 929 2354; x_wconf 91' lang='lat' dir='ltr'><strong>consule</strong></span> <span class='ocrx_word' id='word_1_189' title='bbox 945 2289 1056 2354; x_wconf 90' lang='lat' dir='ltr'><strong>missus</strong></span> <span class='ocrx_word' id='word_1_190' title='bbox 1072 2289 1108 2354; x_wconf 88' lang='lat' dir='ltr'><strong>L.</strong></span> <span class='ocrx_word' id='word_1_191' title='bbox 1118 2288 1243 2354; x_wconf 73' lang='lat' dir='ltr'><strong>&#39;Furius</strong></span> <span class='ocrx_word' id='word_1_192' title='bbox 1287 2309 1345 2356; x_wconf 80' lang='lat' dir='ltr'><strong>ur,-</strong></span> 
     </span>
    </p>

    <p class='ocr_par' dir='ltr' id='par_1_14' title="bbox 276 2374 1344 2546">
     <span class='ocr_line' id='line_1_24' title="bbox 276 2374 1344 2464; baseline -0.001 -24"><span class='ocrx_word' id='word_1_193' title='bbox 276 2397 378 2460; x_wconf 89' lang='lat' dir='ltr'><strong>pureo</strong></span> <span class='ocrx_word' id='word_1_194' title='bbox 403 2375 524 2464; x_wconf 85' lang='lat' dir='ltr'><strong>legatus</strong></span> <span class='ocrx_word' id='word_1_195' title='bbox 549 2376 643 2441; x_wconf 77' lang='lat' dir='ltr'><strong>uenit.</strong></span> <span class='ocrx_word' id='word_1_196' title='bbox 687 2375 929 2442; x_wconf 77' lang='lat' dir='ltr'><strong>Atheniensium</strong></span> <span class='ocrx_word' id='word_1_197' title='bbox 960 2398 1086 2462; x_wconf 90' lang='lat' dir='ltr'><strong>quoque</strong></span> <span class='ocrx_word' id='word_1_198' title='bbox 1114 2374 1210 2462; x_wconf 86' lang='lat' dir='ltr'><strong>legati</strong></span> <span class='ocrx_word' id='word_1_199' title='bbox 1238 2375 1277 2438; x_wconf 89' lang='lat' dir='ltr'><strong>ad</strong></span> <span class='ocrx_word' id='word_1_200' title='bbox 1307 2374 1344 2440; x_wconf 94' lang='lat' dir='ltr'><strong>id</strong></span> 
     </span>
     <span class='ocr_line' id='line_1_25' title="bbox 278 2460 1343 2546; baseline -0.002 -18"><span class='ocrx_word' id='word_1_201' title='bbox 278 2463 447 2528; x_wconf 90' lang='lat' dir='ltr'><strong>concilium</strong></span> <span class='ocrx_word' id='word_1_202' title='bbox 478 2463 698 2530; x_wconf 87' lang='lat' dir='ltr'><strong>obcurrerunt.</strong></span> <span class='ocrx_word' id='word_1_203' title='bbox 745 2462 862 2526; x_wconf 74' lang='lat' dir='ltr'><strong>Primiy</strong></span> <span class='ocrx_word' id='word_1_204' title='bbox 888 2461 1098 2533; x_wconf 81' lang='lat' dir='ltr'><strong>Macedones.</strong></span> <span class='ocrx_word' id='word_1_205' title='bbox 1123 2483 1195 2524; x_wconf 92' lang='lat' dir='ltr'><strong>cum</strong></span> <span class='ocrx_word' id='word_1_206' title='bbox 1225 2460 1343 2546; x_wconf 91' lang='lat' dir='ltr'><strong>quibus</strong></span> 
     </span>
    </p>

    <p class='ocr_par' dir='ltr' id='par_1_15' title="bbox 112 2547 1346 3065">
     <span class='ocr_line' id='line_1_26' title="bbox 113 2547 1346 2634; baseline 0.001 -23"><span class='ocrx_word' id='word_1_207' title='bbox 113 2563 197 2611; x_wconf 77' lang='lat' dir='ltr'><strong>ontio</strong></span> <span class='ocrx_word' id='word_1_208' title='bbox 208 2563 261 2609; x_wconf 78' lang='lat' dir='ltr'><strong>ars-</strong></span> <span class='ocrx_word' id='word_1_209' title='bbox 280 2549 528 2614; x_wconf 88' lang='lat' dir='ltr'><strong>recentissimum</strong></span> <span class='ocrx_word' id='word_1_210' title='bbox 543 2547 646 2616; x_wconf 84' lang='lat' dir='ltr'><strong>fcedus</strong></span> <span class='ocrx_word' id='word_1_211' title='bbox 666 2561 745 2628; x_wconf 86' lang='lat' dir='ltr'><strong>erat,</strong></span> <span class='ocrx_word' id='word_1_212' title='bbox 760 2548 860 2612; x_wconf 87' lang='lat' dir='ltr'><strong>auditi</strong></span> <span class='ocrx_word' id='word_1_213' title='bbox 881 2564 965 2612; x_wconf 90' lang='lat' dir='ltr'><strong>sunt.</strong></span> <span class='ocrx_word' id='word_1_214' title='bbox 987 2548 1052 2634; x_wconf 91' lang='lat' dir='ltr'><strong>qui,</strong></span> <span class='ocrx_word' id='word_1_215' title='bbox 1069 2547 1095 2586; x_wconf 79' lang='lat'><strong>1⁶</strong></span> <span class='ocrx_word' id='word_1_216' title='bbox 1103 2549 1189 2612; x_wconf 84' lang='lat' dir='ltr'><strong>nulla</strong></span> <span class='ocrx_word' id='word_1_217' title='bbox 1204 2569 1282 2612; x_wconf 86' lang='lat' dir='ltr'><strong>aava</strong></span> <span class='ocrx_word' id='word_1_218' title='bbox 1296 2571 1346 2628; x_wconf 89' lang='lat' dir='ltr'><strong>re,</strong></span> 
     </span>
     <span class='ocr_line' id='line_1_27' title="bbox 114 2627 1345 2720; baseline -0.005 -15"><span class='ocrx_word' id='word_1_219' title='bbox 114 2627 230 2706; x_wconf 63' lang='lat' dir='ltr'><strong>enatum</strong></span> <span class='ocrx_word' id='word_1_220' title='bbox 244 2628 359 2700; x_wconf 79' lang='lat' dir='ltr'><strong>inmihil</strong></span> <span class='ocrx_word' id='word_1_221' title='bbox 376 2659 408 2700; x_wconf 92' lang='lat' dir='ltr'><strong>se</strong></span> <span class='ocrx_word' id='word_1_222' title='bbox 423 2639 503 2714; x_wconf 76' lang='lat' dir='ltr'><strong>¹mom</strong></span> <span class='ocrx_word' id='word_1_223' title='bbox 522 2636 645 2716; x_wconf 78' lang='lat' dir='ltr'><strong>hahere,</strong></span> <span class='ocrx_word' id='word_1_224' title='bbox 661 2637 742 2719; x_wconf 85' lang='lat' dir='ltr'><strong>quod</strong></span> <span class='ocrx_word' id='word_1_225' title='bbox 760 2635 930 2720; x_wconf 70' lang='lat' dir='ltr'><strong>irriserant,</strong></span> <span class='ocrx_word' id='word_1_226' title='bbox 946 2634 1112 2700; x_wconf 85' lang='lat' dir='ltr'><strong>dixerunt:</strong></span> <span class='ocrx_word' id='word_1_227' title='bbox 1136 2634 1243 2718; x_wconf 84' lang='lat' dir='ltr'><strong>quibus</strong></span> <span class='ocrx_word' id='word_1_228' title='bbox 1262 2637 1345 2699; x_wconf 84' lang='lat' dir='ltr'><strong>enim</strong></span> 
     </span>
     <span class='ocr_line' id='line_1_28' title="bbox 113 2694 1345 2808; baseline -0.003 -18"><span class='ocrx_word' id='word_1_229' title='bbox 113 2694 218 2808; x_wconf 49' lang='lat' dir='ltr'><strong>{iffi</strong></span> <span class='ocrx_word' id='word_1_230' title='bbox 226 2695 317 2790; x_wconf 72' lang='lat' dir='ltr'><strong>AE&#39;rie’</strong></span> <span class='ocrx_word' id='word_1_231' title='bbox 330 2725 453 2800; x_wconf 70' lang='lat' dir='ltr'><strong>cumam,</strong></span> <span class='ocrx_word' id='word_1_232' title='bbox 469 2717 596 2808; x_wconf 72' lang='lat' dir='ltr'><strong>repertu</strong></span> <span class='ocrx_word' id='word_1_233' title='bbox 611 2723 721 2806; x_wconf 40' lang='lat' dir='ltr'><strong>inutili,</strong></span> <span class='ocrx_word' id='word_1_234' title='bbox 736 2725 880 2786; x_wconf 85' lang='lat' dir='ltr'><strong>societate</strong></span> <span class='ocrx_word' id='word_1_235' title='bbox 896 2722 1048 2800; x_wconf 73' lang='lat' dir='ltr'><strong>Botriana,</strong></span> <span class='ocrx_word' id='word_1_236' title='bbox 1058 2741 1167 2803; x_wconf 85' lang='lat' dir='ltr'><strong>pacem</strong></span> <span class='ocrx_word' id='word_1_237' title='bbox 1181 2743 1245 2784; x_wconf 87' lang='lat' dir='ltr'><strong>eum</strong></span> <span class='ocrx_word' id='word_1_238' title='bbox 1262 2722 1345 2786; x_wconf 77' lang='lat' dir='ltr'><strong>Pat-</strong></span> 
     </span>
     <span class='ocr_line' id='line_1_29' title="bbox 113 2807 1345 2895; baseline -0.001 -22"><span class='ocrx_word' id='word_1_239' title='bbox 113 2829 200 2873; x_wconf 77' lang='lat' dir='ltr'><strong>conna</strong></span> <span class='ocrx_word' id='word_1_240' title='bbox 211 2825 260 2872; x_wconf 81' lang='lat' dir='ltr'><strong>uo-</strong></span> <span class='ocrx_word' id='word_1_241' title='bbox 276 2810 527 2895; x_wconf 70' lang='lat' dir='ltr'><strong>taposecissma</strong></span> <span class='ocrx_word' id='word_1_242' title='bbox 543 2809 737 2891; x_wconf 86' lang='lat' dir='ltr'><strong>compositam</strong></span> <span class='ocrx_word' id='word_1_243' title='bbox 751 2811 840 2876; x_wconf 87' lang='lat' dir='ltr'><strong>semel</strong></span> <span class='ocrx_word' id='word_1_244' title='bbox 853 2830 975 2873; x_wconf 76' lang='lat' dir='ltr'><strong>seruare</strong></span> <span class='ocrx_word' id='word_1_245' title='bbox 989 2829 1038 2872; x_wconf 91' lang='lat' dir='ltr'><strong>eos</strong></span> <span class='ocrx_word' id='word_1_246' title='bbox 1049 2807 1164 2872; x_wconf 84' lang='lat' dir='ltr'><strong>dedere.</strong></span> <span class='ocrx_word' id='word_1_247' title='bbox 1207 2808 1258 2872; x_wconf 87' lang='lat' dir='ltr'><strong>An</strong></span> <span class='ocrx_word' id='word_1_248' title='bbox 1272 2809 1345 2872; x_wconf 83' lang='lat' dir='ltr'><strong>imi·</strong></span> 
     </span>
     <span class='ocr_line' id='line_1_30' title="bbox 112 2894 1343 2982; baseline -0.005 -18"><span class='ocrx_word' id='word_1_249' title='bbox 112 2904 204 2939; x_wconf 55' lang='grc' dir='ltr'><strong>ΨΜ·</strong></span> <span class='ocrx_word' id='word_1_250' title='bbox 275 2898 353 2974; x_wconf 77' lang='lat' dir='ltr'><strong>tari,</strong></span> <span class='ocrx_word' id='word_1_251' title='bbox 370 2896 473 2982; x_wconf 91' lang='lat' dir='ltr'><strong>inquit</strong></span> <span class='ocrx_word' id='word_1_252' title='bbox 488 2917 569 2959; x_wconf 90' lang='lat' dir='ltr'><strong>unus</strong></span> <span class='ocrx_word' id='word_1_253' title='bbox 584 2917 624 2958; x_wconf 91' lang='lat' dir='ltr'><strong>ex</strong></span> <span class='ocrx_word' id='word_1_254' title='bbox 638 2894 759 2982; x_wconf 83' lang='lat' dir='ltr'><strong>legetis,</strong></span> <span class='ocrx_word' id='word_1_255' title='bbox 775 2895 980 2959; x_wconf 76' lang='lat' dir='ltr'><strong>Romanorum</strong></span> <span class='ocrx_word' id='word_1_256' title='bbox 994 2896 1160 2970; x_wconf 84' lang='lat' dir='ltr'><strong>licentiam,</strong></span> <span class='ocrx_word' id='word_1_257' title='bbox 1174 2915 1216 2956; x_wconf 86' lang='lat' dir='ltr'><strong>an</strong></span> <span class='ocrx_word' id='word_1_258' title='bbox 1230 2896 1343 2958; x_wconf 85' lang='lat' dir='ltr'><strong>leuita-</strong></span> 
     </span>
     <span class='ocr_line' id='line_1_31' title="bbox 276 2980 1345 3065; baseline -0.004 -17"><span class='ocrx_word' id='word_1_259' title='bbox 276 2993 335 3048; x_wconf 85' lang='lat' dir='ltr'><strong>tem</strong></span> <span class='ocrx_word' id='word_1_260' title='bbox 350 2985 460 3059; x_wconf 83' lang='lat' dir='ltr'><strong>dicam,</strong></span> <span class='ocrx_word' id='word_1_261' title='bbox 475 2984 639 3046; x_wconf 84' lang='lat' dir='ltr'><strong>mavultis?</strong></span> <span class='ocrx_word' id='word_1_262' title='bbox 663 2983 726 3065; x_wconf 83' lang='lat' dir='ltr'><strong>qai,</strong></span> <span class='ocrx_word' id='word_1_263' title='bbox 742 3003 830 3064; x_wconf 83' lang='lat' dir='ltr'><strong>quam</strong></span> <span class='ocrx_word' id='word_1_264' title='bbox 845 2983 957 3064; x_wconf 83' lang='lat' dir='ltr'><strong>legatis</strong></span> <span class='ocrx_word' id='word_1_265' title='bbox 976 2982 1082 3044; x_wconf 85' lang='lat' dir='ltr'><strong>uestris</strong></span> <span class='ocrx_word' id='word_1_266' title='bbox 1098 2980 1205 3044; x_wconf 85' lang='lat' dir='ltr'><strong>Romae</strong></span> <span class='ocrx_word' id='word_1_267' title='bbox 1218 3003 1345 3063; x_wconf 84' lang='lat' dir='ltr'><strong>respon—</strong></span> 
     </span>
    </p>

    <p class='ocr_par' dir='ltr' id='par_1_16' title="bbox 277 3066 1346 3153">
     <span class='ocr_line' id='line_1_32' title="bbox 277 3066 1346 3153; baseline -0.001 -19"><span class='ocrx_word' id='word_1_268' title='bbox 277 3072 346 3146; x_wconf 79' lang='lat' dir='ltr'><strong>deri</strong></span> <span class='ocrx_word' id='word_1_269' title='bbox 357 3073 403 3134; x_wconf 87' lang='lat' dir='ltr'><strong>ita</strong></span> <span class='ocrx_word' id='word_1_270' title='bbox 404 3069 577 3153; x_wconf 80' lang='lat' dir='ltr'><strong>jussissent,</strong></span> <span class='ocrx_word' id='word_1_271' title='bbox 592 3066 678 3138; x_wconf 78' lang='lat' dir='ltr'><strong>Quid</strong></span> <span class='ocrx_word' id='word_1_272' title='bbox 685 3069 727 3130; x_wconf 89' lang='lat' dir='ltr'><strong>ad</strong></span> <span class='ocrx_word' id='word_1_273' title='bbox 737 3088 791 3130; x_wconf 84' lang='lat' dir='ltr'><strong>nos</strong></span> <span class='ocrx_word' id='word_1_274' title='bbox 802 3069 921 3143; x_wconf 85' lang='lat' dir='ltr'><strong>venitis,</strong></span> <span class='ocrx_word' id='word_1_275' title='bbox 935 3067 1049 3142; x_wconf 80' lang='lat' dir='ltr'><strong>AEtoti,</strong></span> <span class='ocrx_word' id='word_1_276' title='bbox 1060 3069 1259 3150; x_wconf 74' lang='lat' dir='ltr'><strong>siaequorum</strong></span> <span class='ocrx_word' id='word_1_277' title='bbox 1270 3089 1346 3133; x_wconf 54' lang='lat' dir='ltr'><strong>auce·</strong></span> 
     </span>
    </p>

    <p class='ocr_par' dir='ltr' id='par_1_17' title="bbox 277 3153 1343 3238">
     <span class='ocr_line' id='line_1_33' title="bbox 277 3153 1343 3238; baseline -0.001 -18"><span class='ocrx_word' id='word_1_278' title='bbox 277 3158 406 3220; x_wconf 84' lang='lat' dir='ltr'><strong>toritatc</strong></span> <span class='ocrx_word' id='word_1_279' title='bbox 420 3175 527 3238; x_wconf 85' lang='lat' dir='ltr'><strong>pacem</strong></span> <span class='ocrx_word' id='word_1_280' title='bbox 548 3175 612 3215; x_wconf 83' lang='lat' dir='ltr'><strong>cum</strong></span> <span class='ocrx_word' id='word_1_281' title='bbox 627 3154 779 3234; x_wconf 77' lang='lat' dir='ltr'><strong>Philippo</strong></span> <span class='ocrx_word' id='word_1_282' title='bbox 788 3153 938 3234; x_wconf 82' lang='lat' dir='ltr'><strong>fecistis?</strong></span> <span class='ocrx_word' id='word_1_283' title='bbox 965 3153 1058 3220; x_wconf 79' lang='lat' dir='ltr'><strong>iidem</strong></span> <span class='ocrx_word' id='word_1_284' title='bbox 1080 3174 1169 3228; x_wconf 81' lang='lat' dir='ltr'><strong>nunc,</strong></span> <span class='ocrx_word' id='word_1_285' title='bbox 1184 3163 1219 3218; x_wconf 83' lang='lat' dir='ltr'><strong>ut</strong></span> <span class='ocrx_word' id='word_1_286' title='bbox 1233 3153 1343 3220; x_wconf 83' lang='lat' dir='ltr'><strong>bellum</strong></span> 
     </span>
    </p>

    <p class='ocr_par' dir='ltr' id='par_1_18' title="bbox 277 3238 1346 3322">
     <span class='ocr_line' id='line_1_34' title="bbox 277 3238 1346 3322; baseline -0.001 -15"><span class='ocrx_word' id='word_1_287' title='bbox 277 3265 372 3307; x_wconf 84' lang='lat' dir='ltr'><strong>secam</strong></span> <span class='ocrx_word' id='word_1_288' title='bbox 381 3244 524 3306; x_wconf 84' lang='lat' dir='ltr'><strong>aduersus</strong></span> <span class='ocrx_word' id='word_1_289' title='bbox 532 3239 713 3321; x_wconf 80' lang='lat' dir='ltr'><strong>Philippum</strong></span> <span class='ocrx_word' id='word_1_290' title='bbox 720 3240 850 3322; x_wconf 79' lang='lat' dir='ltr'><strong>geratis,</strong></span> <span class='ocrx_word' id='word_1_291' title='bbox 856 3240 1029 3320; x_wconf 83' lang='lat' dir='ltr'><strong>postulant.</strong></span> <span class='ocrx_word' id='word_1_292' title='bbox 1044 3249 1074 3302; x_wconf 85' lang='lat' dir='ltr'><strong>et</strong></span> <span class='ocrx_word' id='word_1_293' title='bbox 1082 3249 1175 3304; x_wconf 84' lang='lat' dir='ltr'><strong>antea</strong></span> <span class='ocrx_word' id='word_1_294' title='bbox 1187 3238 1346 3322; x_wconf 81' lang='lat' dir='ltr'><strong>1⁷propter</strong></span> 
     </span>
    </p>

    <p class='ocr_par' dir='ltr' id='par_1_19' title="bbox 277 3325 1345 3410">
     <span class='ocr_line' id='line_1_35' title="bbox 277 3325 1345 3410; baseline -0.003 -16"><span class='ocrx_word' id='word_1_295' title='bbox 277 3351 338 3405; x_wconf 84' lang='lat' dir='ltr'><strong>uos,</strong></span> <span class='ocrx_word' id='word_1_296' title='bbox 354 3338 384 3392; x_wconf 88' lang='lat' dir='ltr'><strong>et</strong></span> <span class='ocrx_word' id='word_1_297' title='bbox 399 3349 462 3410; x_wconf 83' lang='lat' dir='ltr'><strong>pro</strong></span> <span class='ocrx_word' id='word_1_298' title='bbox 475 3325 558 3390; x_wconf 82' lang='lat' dir='ltr'><strong>uobis</strong></span> <span class='ocrx_word' id='word_1_299' title='bbox 575 3346 663 3390; x_wconf 86' lang='lat' dir='ltr'><strong>arma</strong></span> <span class='ocrx_word' id='word_1_300' title='bbox 676 3334 776 3394; x_wconf 72' lang='lat' dir='ltr'><strong>sumta</strong></span> <span class='ocrx_word' id='word_1_301' title='bbox 793 3326 937 3390; x_wconf 78' lang='lat' dir='ltr'><strong>adversm</strong></span> <span class='ocrx_word' id='word_1_302' title='bbox 951 3347 1016 3388; x_wconf 85' lang='lat' dir='ltr'><strong>eum</strong></span> <span class='ocrx_word' id='word_1_303' title='bbox 1037 3325 1240 3400; x_wconf 83' lang='lat' dir='ltr'><strong>simulabaat;</strong></span> <span class='ocrx_word' id='word_1_304' title='bbox 1264 3347 1345 3392; x_wconf 83' lang='lat' dir='ltr'><strong>nunc</strong></span> 
     </span>
    </p>

    <p class='ocr_par' dir='ltr' id='par_1_20' title="bbox 278 3410 1345 3498">
     <span class='ocr_line' id='line_1_36' title="bbox 278 3410 1345 3498; baseline -0.004 -16"><span class='ocrx_word' id='word_1_305' title='bbox 278 3438 329 3482; x_wconf 84' lang='lat' dir='ltr'><strong>uos</strong></span> <span class='ocrx_word' id='word_1_306' title='bbox 343 3415 377 3478; x_wconf 79' lang='lat' dir='ltr'><strong>ia</strong></span> <span class='ocrx_word' id='word_1_307' title='bbox 385 3435 466 3498; x_wconf 85' lang='lat' dir='ltr'><strong>pace</strong></span> <span class='ocrx_word' id='word_1_308' title='bbox 476 3435 537 3478; x_wconf 85' lang='lat' dir='ltr'><strong>esse</strong></span> <span class='ocrx_word' id='word_1_309' title='bbox 547 3434 612 3474; x_wconf 83' lang='lat' dir='ltr'><strong>cum</strong></span> <span class='ocrx_word' id='word_1_310' title='bbox 624 3413 775 3494; x_wconf 76' lang='lat' dir='ltr'><strong>Philippo</strong></span> <span class='ocrx_word' id='word_1_311' title='bbox 783 3410 959 3493; x_wconf 80' lang='lat' dir='ltr'><strong>prohibent.</strong></span> <span class='ocrx_word' id='word_1_312' title='bbox 1005 3412 1161 3476; x_wconf 77' lang='lat' dir='ltr'><strong>Messana</strong></span> <span class='ocrx_word' id='word_1_313' title='bbox 1174 3422 1208 3476; x_wconf 86' lang='lat' dir='ltr'><strong>ut</strong></span> <span class='ocrx_word' id='word_1_314' title='bbox 1222 3415 1345 3478; x_wconf 79' lang='lat' dir='ltr'><strong>auritio</strong></span> 
     </span>
    </p>

    <p class='ocr_par' dir='ltr' id='par_1_21' title="bbox 278 3497 1345 3672">
     <span class='ocr_line' id='line_1_37' title="bbox 279 3497 1345 3583; baseline 0 -17"><span class='ocrx_word' id='word_1_315' title='bbox 279 3511 386 3578; x_wconf 82' lang='lat' dir='ltr'><strong>essent,</strong></span> <span class='ocrx_word' id='word_1_316' title='bbox 392 3501 498 3583; x_wconf 83' lang='lat' dir='ltr'><strong>primo</strong></span> <span class='ocrx_word' id='word_1_317' title='bbox 509 3497 572 3562; x_wconf 79' lang='lat' dir='ltr'><strong>¹⁸z&#39;n</strong></span> <span class='ocrx_word' id='word_1_318' title='bbox 584 3499 722 3564; x_wconf 85' lang='lat' dir='ltr'><strong>Siciliam</strong></span> <span class='ocrx_word' id='word_1_319' title='bbox 733 3499 976 3562; x_wconf 77' lang='lat' dir='ltr'><strong>conscenderunt:</strong></span> <span class='ocrx_word' id='word_1_320' title='bbox 999 3499 1116 3574; x_wconf 77' lang='lat' dir='ltr'><strong>iterum,</strong></span> <span class='ocrx_word' id='word_1_321' title='bbox 1129 3507 1164 3562; x_wconf 82' lang='lat' dir='ltr'><strong>ut</strong></span> <span class='ocrx_word' id='word_1_322' title='bbox 1175 3498 1345 3582; x_wconf 68' lang='lat' dir='ltr'><strong>Syraciisas</strong></span> 
     </span>
     <span class='ocr_line' id='line_1_38' title="bbox 278 3583 1345 3672; baseline 0 -21"><span class='ocrx_word' id='word_1_323' title='bbox 278 3588 434 3672; x_wconf 82' lang='lat' dir='ltr'><strong>obpressus</strong></span> <span class='ocrx_word' id='word_1_324' title='bbox 455 3585 495 3648; x_wconf 85' lang='lat' dir='ltr'><strong>ab</strong></span> <span class='ocrx_word' id='word_1_325' title='bbox 508 3583 822 3669; x_wconf 78' lang='lat' dir='ltr'><strong>Karthaginiensibus</strong></span> <span class='ocrx_word' id='word_1_326' title='bbox 842 3585 874 3646; x_wconf 85' lang='lat' dir='ltr'><strong>in</strong></span> <span class='ocrx_word' id='word_1_327' title='bbox 889 3584 1060 3648; x_wconf 83' lang='lat' dir='ltr'><strong>libertatem</strong></span> <span class='ocrx_word' id='word_1_328' title='bbox 1078 3586 1253 3648; x_wconf 70' lang='lat' dir='ltr'><strong>eximerent.</strong></span> <span class='ocrx_word' id='word_1_329' title='bbox 1295 3588 1345 3651; x_wconf 84' lang='lat' dir='ltr'><strong>Et</strong></span> 
     </span>
    </p>
   </div>
   <div class='ocr_carea' id='block_1_6' title="bbox 669 3737 947 3786">
    <p class='ocr_par' dir='ltr' id='par_1_22' title="bbox 669 3737 947 3786">
     <span class='ocr_line' id='line_1_39' title="bbox 669 3737 947 3786; baseline 0.018 -5"><span class='ocrx_word' id='word_1_330' title='bbox 669 3737 778 3786; x_wconf 77' lang='lat' dir='ltr'><strong>rPrtmo</strong></span> <span class='ocrx_word' id='word_1_331' title='bbox 790 3738 865 3786; x_wconf 81' lang='lat' dir='ltr'><strong>Gran·</strong></span> <span class='ocrx_word' id='word_1_332' title='bbox 878 3739 947 3786; x_wconf 80' lang='lat' dir='ltr'><strong>Creu.</strong></span> 
     </span>
    </p>
   </div>
   <div class='ocr_carea' id='block_1_7' title="bbox 280 3890 1423 4478">
    <p class='ocr_par' dir='ltr' id='par_1_23' title="bbox 280 3890 1423 4020">
     <span class='ocr_line' id='line_1_40' title="bbox 315 3890 1423 3954; baseline 0.004 -16"><span class='ocrx_word' id='word_1_333' title='bbox 315 3891 365 3940; x_wconf 72' lang='grc'><strong>14·</strong></span> <span class='ocrx_word' id='word_1_334' title='bbox 375 3890 514 3954; x_wconf 77' lang='lat' dir='ltr'><strong>Commisso]</strong></span> <span class='ocrx_word' id='word_1_335' title='bbox 530 3891 792 3954; x_wconf 35' lang='lat' dir='ltr'><strong>inceptavidffnott.</strong></span> <span class='ocrx_word' id='word_1_336' title='bbox 825 3908 873 3954; x_wconf 78' lang='lat' dir='ltr'><strong>nuo</strong></span> <span class='ocrx_word' id='word_1_337' title='bbox 887 3897 955 3940; x_wconf 85' lang='lat' dir='ltr'><strong>eraut</strong></span> <span class='ocrx_word' id='word_1_338' title='bbox 966 3906 1040 3954; x_wconf 89' lang='lat' dir='ltr'><strong>quum</strong></span> <span class='ocrx_word' id='word_1_339' title='bbox 1057 3892 1134 3940; x_wconf 81' lang='lat' dir='ltr'><strong>foedus</strong></span> <span class='ocrx_word' id='word_1_340' title='bbox 1150 3893 1213 3938; x_wconf 85' lang='lat' dir='ltr'><strong>inter</strong></span> <span class='ocrx_word' id='word_1_341' title='bbox 1229 3895 1344 3954; x_wconf 75' lang='lat' dir='ltr'><strong>utrosque</strong></span> <span class='ocrx_word' id='word_1_342' title='bbox 1420 3917 1423 3921; x_wconf 93' lang='lat'>·</span> 
     </span>
     <span class='ocr_line' id='line_1_41' title="bbox 280 3957 1343 4020; baseline 0.002 -14"><span class='ocrx_word' id='word_1_343' title='bbox 280 3957 403 4006; x_wconf 70' lang='lat' dir='ltr'><strong>sclusa.</strong></span> <span class='ocrx_word' id='word_1_344' title='bbox 826 3972 902 4020; x_wconf 83' lang='lat' dir='ltr'><strong>nuper</strong></span> <span class='ocrx_word' id='word_1_345' title='bbox 923 3959 998 4005; x_wconf 85' lang='lat' dir='ltr'><strong>ictum</strong></span> <span class='ocrx_word' id='word_1_346' title='bbox 1019 3959 1104 4006; x_wconf 79' lang='lat' dir='ltr'><strong>iuerat.</strong></span> <span class='ocrx_word' id='word_1_347' title='bbox 1139 3959 1227 4005; x_wconf 82' lang='lat' dir='ltr'><strong>Confer</strong></span> <span class='ocrx_word' id='word_1_348' title='bbox 1248 3959 1343 4008; x_wconf 76' lang='lat' dir='ltr'><strong>clauso·</strong></span> 
     </span>
    </p>

    <p class='ocr_par' dir='ltr' id='par_1_24' title="bbox 280 4019 1344 4280">
     <span class='ocr_line' id='line_1_42' title="bbox 315 4019 1090 4086; baseline 0.003 -16"><span class='ocrx_word' id='word_1_349' title='bbox 315 4023 479 4070; x_wconf 69' lang='lat' dir='ltr'><strong>15⁸¹Pueram</strong></span> <span class='ocrx_word' id='word_1_350' title='bbox 495 4019 632 4086; x_wconf 67' lang='lat' dir='ltr'><strong>adamum]</strong></span> <span class='ocrx_word' id='word_1_351' title='bbox 656 4023 718 4070; x_wconf 85' lang='lat' dir='ltr'><strong>Tam</strong></span> <span class='ocrx_word' id='word_1_352' title='bbox 736 4025 795 4071; x_wconf 89' lang='lat' dir='ltr'><strong>duo·</strong></span> <span class='ocrx_word' id='word_1_353' title='bbox 827 4025 874 4072; x_wconf 86' lang='lat' dir='ltr'><strong>lam</strong></span> <span class='ocrx_word' id='word_1_354' title='bbox 885 4024 957 4083; x_wconf 77' lang='lat' dir='ltr'><strong>huius</strong></span> <span class='ocrx_word' id='word_1_355' title='bbox 968 4024 1090 4072; x_wconf 71' lang='lat' dir='ltr'><strong>annonis</strong></span> 
     </span>
     <span class='ocr_line' id='line_1_43' title="bbox 280 4085 1344 4154; baseline 0 -18"><span class='ocrx_word' id='word_1_356' title='bbox 280 4090 355 4138; x_wconf 84' lang='lat' dir='ltr'><strong>decim</strong></span> <span class='ocrx_word' id='word_1_357' title='bbox 366 4102 442 4136; x_wconf 79' lang='lat' dir='ltr'><strong>anuos</strong></span> <span class='ocrx_word' id='word_1_358' title='bbox 458 4093 550 4147; x_wconf 82' lang='lat' dir='ltr'><strong>natum,</strong></span> <span class='ocrx_word' id='word_1_359' title='bbox 563 4103 637 4150; x_wconf 90' lang='lat' dir='ltr'><strong>quum</strong></span> <span class='ocrx_word' id='word_1_360' title='bbox 653 4089 743 4136; x_wconf 86' lang='lat' dir='ltr'><strong>decimo</strong></span> <span class='ocrx_word' id='word_1_361' title='bbox 755 4103 795 4136; x_wconf 90' lang='lat' dir='ltr'><strong>oc·</strong></span> <span class='ocrx_word' id='word_1_362' title='bbox 862 4095 891 4140; x_wconf 82' lang='lat'><strong>17</strong></span> <span class='ocrx_word' id='word_1_363' title='bbox 901 4087 1025 4150; x_wconf 79' lang='lat' dir='ltr'><strong>&#39;Propter</strong></span> <span class='ocrx_word' id='word_1_364' title='bbox 1032 4103 1082 4146; x_wconf 79' lang='lat' dir='ltr'><strong>aaa,</strong></span> <span class='ocrx_word' id='word_1_365' title='bbox 1093 4096 1116 4135; x_wconf 84' lang='lat' dir='ltr'><strong>et</strong></span> <span class='ocrx_word' id='word_1_366' title='bbox 1121 4105 1166 4150; x_wconf 83' lang='lat' dir='ltr'><strong>pro</strong></span> <span class='ocrx_word' id='word_1_367' title='bbox 1173 4085 1249 4154; x_wconf 70' lang='lat' dir='ltr'><strong>uobis]</strong></span> <span class='ocrx_word' id='word_1_368' title='bbox 1267 4089 1306 4138; x_wconf 74' lang='lat' dir='ltr'><strong>Ita</strong></span> <span class='ocrx_word' id='word_1_369' title='bbox 1312 4097 1344 4140; x_wconf 89' lang='lat' dir='ltr'><strong>ut</strong></span> 
     </span>
     <span class='ocr_line' id='line_1_44' title="bbox 280 4151 1344 4217; baseline -0.002 -15"><span class='ocrx_word' id='word_1_370' title='bbox 280 4161 336 4202; x_wconf 76' lang='lat' dir='ltr'><strong>turo</strong></span> <span class='ocrx_word' id='word_1_371' title='bbox 346 4159 403 4217; x_wconf 83' lang='lat' dir='ltr'><strong>post</strong></span> <span class='ocrx_word' id='word_1_372' title='bbox 417 4153 481 4200; x_wconf 85' lang='lat' dir='ltr'><strong>hunc</strong></span> <span class='ocrx_word' id='word_1_373' title='bbox 496 4168 569 4208; x_wconf 88' lang='lat' dir='ltr'><strong>auno,</strong></span> <span class='ocrx_word' id='word_1_374' title='bbox 581 4155 644 4200; x_wconf 80' lang='lat' dir='ltr'><strong>intra</strong></span> <span class='ocrx_word' id='word_1_375' title='bbox 654 4155 707 4202; x_wconf 85' lang='lat' dir='ltr'><strong>xl..</strong></span> <span class='ocrx_word' id='word_1_376' title='bbox 718 4159 741 4201; x_wconf 82' lang='lat'><strong>6.</strong></span> <span class='ocrx_word' id='word_1_377' title='bbox 759 4153 796 4201; x_wconf 88' lang='lat' dir='ltr'><strong>di-</strong></span> <span class='ocrx_word' id='word_1_378' title='bbox 827 4158 905 4202; x_wconf 80' lang='lat' dir='ltr'><strong>vestra</strong></span> <span class='ocrx_word' id='word_1_379' title='bbox 916 4154 1021 4202; x_wconf 79' lang='lat' dir='ltr'><strong>defensio</strong></span> <span class='ocrx_word' id='word_1_380' title='bbox 1032 4153 1110 4202; x_wconf 79' lang='lat' dir='ltr'><strong>illicet</strong></span> <span class='ocrx_word' id='word_1_381' title='bbox 1122 4168 1193 4202; x_wconf 75' lang='lat' dir='ltr'><strong>causa</strong></span> <span class='ocrx_word' id='word_1_382' title='bbox 1202 4151 1258 4202; x_wconf 84' lang='lat' dir='ltr'><strong>balli</strong></span> <span class='ocrx_word' id='word_1_383' title='bbox 1269 4161 1344 4217; x_wconf 77' lang='lat' dir='ltr'><strong>essct,</strong></span> 
     </span>
     <span class='ocr_line' id='line_1_45' title="bbox 280 4219 1147 4280; baseline -0.002 -12"><span class='ocrx_word' id='word_1_384' title='bbox 280 4219 601 4269; x_wconf 81' lang='lat' dir='ltr'><strong>caturtricctimumaonum</strong></span> <span class='ocrx_word' id='word_1_385' title='bbox 614 4233 689 4280; x_wconf 81' lang='lat' dir='ltr'><strong>agere.</strong></span> <span class='ocrx_word' id='word_1_386' title='bbox 826 4219 921 4266; x_wconf 77' lang='lat' dir='ltr'><strong>etfiuis.</strong></span> <span class='ocrx_word' id='word_1_387' title='bbox 947 4255 954 4265; x_wconf 89' lang='lat'><strong>.</strong></span> <span class='ocrx_word' id='word_1_388' title='bbox 1145 4221 1147 4224; x_wconf 84' lang='lat'>&#39;</span> 
     </span>
    </p>

    <p class='ocr_par' dir='ltr' id='par_1_25' title="bbox 280 4280 1346 4478">
     <span class='ocr_line' id='line_1_46' title="bbox 315 4280 1346 4349; baseline -0.004 -17"><span class='ocrx_word' id='word_1_389' title='bbox 315 4285 451 4334; x_wconf 68' lang='lat' dir='ltr'><strong>rstlvulta</strong></span> <span class='ocrx_word' id='word_1_390' title='bbox 473 4301 533 4332; x_wconf 84' lang='lat' dir='ltr'><strong>naua</strong></span> <span class='ocrx_word' id='word_1_391' title='bbox 555 4281 591 4348; x_wconf 88' lang='lat' dir='ltr'><strong>re]</strong></span> <span class='ocrx_word' id='word_1_392' title='bbox 625 4285 708 4336; x_wconf 87' lang='lat' dir='ltr'><strong>Quum</strong></span> <span class='ocrx_word' id='word_1_393' title='bbox 732 4281 794 4329; x_wconf 89' lang='lat' dir='ltr'><strong>nihil</strong></span> <span class='ocrx_word' id='word_1_394' title='bbox 860 4291 890 4330; x_wconf 76' lang='lat' dir='ltr'><strong>ts</strong></span> <span class='ocrx_word' id='word_1_395' title='bbox 909 4285 943 4331; x_wconf 82' lang='lat' dir='ltr'><strong>Ia</strong></span> <span class='ocrx_word' id='word_1_396' title='bbox 953 4282 1065 4330; x_wconf 77' lang='lat' dir='ltr'><strong>Siciliam</strong></span> <span class='ocrx_word' id='word_1_397' title='bbox 1076 4280 1346 4349; x_wconf 62' lang='lat' dir='ltr'><strong>mmcenderunffldal.</strong></span> 
     </span>
     <span class='ocr_line' id='line_1_47' title="bbox 280 4349 1136 4412; baseline 0.001 -14"><span class='ocrx_word' id='word_1_398' title='bbox 280 4353 336 4400; x_wconf 83' lang='lat' dir='ltr'><strong>nori</strong></span> <span class='ocrx_word' id='word_1_399' title='bbox 355 4351 487 4410; x_wconf 83' lang='lat' dir='ltr'><strong>accidisset,</strong></span> <span class='ocrx_word' id='word_1_400' title='bbox 500 4365 573 4412; x_wconf 84' lang='lat' dir='ltr'><strong>quum</strong></span> <span class='ocrx_word' id='word_1_401' title='bbox 591 4351 672 4398; x_wconf 82' lang='lat' dir='ltr'><strong>codem</strong></span> <span class='ocrx_word' id='word_1_402' title='bbox 689 4350 714 4397; x_wconf 89' lang='lat' dir='ltr'><strong>iu</strong></span> <span class='ocrx_word' id='word_1_403' title='bbox 729 4354 793 4394; x_wconf 80' lang='lat' dir='ltr'><strong>statu</strong></span> <span class='ocrx_word' id='word_1_404' title='bbox 826 4350 901 4398; x_wconf 80' lang='lat' dir='ltr'><strong>lemur</strong></span> <span class='ocrx_word' id='word_1_405' title='bbox 914 4349 1136 4412; x_wconf 57' lang='lat' dir='ltr'><strong>mmrrmdrrunt.</strong></span> 
     </span>
     <span class='ocr_line' id='line_1_48' title="bbox 281 4413 794 4478; baseline -0.004 -14"><span class='ocrx_word' id='word_1_406' title='bbox 281 4432 316 4464; x_wconf 82' lang='lat' dir='ltr'><strong>res</strong></span> <span class='ocrx_word' id='word_1_407' title='bbox 334 4424 412 4464; x_wconf 84' lang='lat' dir='ltr'><strong>esseut</strong></span> <span class='ocrx_word' id='word_1_408' title='bbox 428 4417 489 4465; x_wconf 85' lang='lat' dir='ltr'><strong>inter</strong></span> <span class='ocrx_word' id='word_1_409' title='bbox 504 4417 638 4478; x_wconf 82' lang='lat' dir='ltr'><strong>Philippum</strong></span> <span class='ocrx_word' id='word_1_410' title='bbox 655 4420 680 4464; x_wconf 86' lang='lat' dir='ltr'><strong>ct</strong></span> <span class='ocrx_word' id='word_1_411' title='bbox 691 4413 794 4471; x_wconf 79' lang='lat' dir='ltr'><strong>AEtolos,</strong></span> 
     </span>
    </p>
   </div>
   <div class='ocr_carea' id='block_1_8' title="bbox 0 0 1526 4954">
    <p class='ocr_par' dir='ltr' id='par_1_26' title="bbox 0 0 1526 4954">
     <span class='ocr_line' id='line_1_49' title="bbox 0 0 1526 4954; baseline 0 0"><span class='ocrx_word' id='word_1_412' title='bbox 0 0 1526 4954; x_wconf 95' lang='lat' dir='ltr'><strong> </strong></span> 
     </span>
    </p>
   </div>
  </div>
 </body>
</html>
