3136 4982
219 111 221 120 ’
334 115 392 184 ns
589 79 591 84 ⁵
726 126 1000 191 rtrtnivtt

176 299 246 348 nc.
258 303 314 346 ssa.
337 286 457 354 statuit.
502 287 752 356 Loevumoornn
763 311 828 355 non
842 289 1010 358 videbatur
1021 308 1115 376 egere
1129 287 1246 354 talibus
1257 289 1396 372 crusillis,

175 366 208 413 Α
218 366 246 414 ⁰·
260 371 313 416 ¹⁹⁰·
337 374 413 460 quia
426 373 543 440 flumen
559 373 601 440 ab
616 398 653 441 eu
671 389 762 462 parte
775 376 917 479 ripieque
929 375 1075 464 deruptae
1095 375 1297 442 claudebant.
1319 400 1398 465 qua·

337 474 412 526 tuor
436 474 541 526 tumen
567 460 643 528 inde
665 475 778 528 turmoe
802 476 943 549 equitnm
965 463 1129 548 obpoaitoe.
1175 461 1259 528 Haec
1272 484 1399 529 summa

337 547 502 632 cupiarum
521 561 589 614 erut
606 548 771 628 Romanis,
787 561 820 614 et
839 549 906 614 dno
925 548 1022 614 mihis
1049 548 1219 614 mixtorum
1242 547 1398 616 Macedo·

322 655 416 702 ,num
430 632 667 721 Tbracumque,
679 635 735 723 qui
748 638 910 701 voluntate
924 638 1021 700 secuti
1036 643 1154 700 erunt'.
1185 633 1234 700 Hi
1245 636 1399 720 praesidio

337 717 439 784 relicti
457 733 532 786 sunt
553 721 672 786 castris.
718 721 884 788 Sexdecim
907 721 1093 807 elephantos
1116 733 1189 805 post
1211 721 1338 787 triarios
1362 723 1396 788 in

338 805 477 871 subsidio
497 807 690 873 locuverunt.
717 830 801 885 nam,
817 820 1025 894 praeterquam
1049 808 1136 896 quod
1160 805 1400 876 multitudinem

337 892 498 979 regiorum
513 892 751 979 elephantorum
778 898 1007 978 (eructantem
1033 906 1168 983 quatuor
1189 906 1221 958 et
1264 897 1400 982 uinqua-

336 978 440 1066 gintu)
455 980 608 1045 sustinere
628 1001 692 1045 non
708 980 898 1046 videbantur
918 1002 1021 1065 posse,
1035 1003 1076 1046 nc
1097 979 1166 1067 pari
1213 916 1316 1046 uidem
1337 1003 1401 1054 nu·

337 1086 427 1130 mero
442 1066 561 1131 indicis
576 1065 677 1132 Africi
692 1067 855 1142 resistunt3
878 1066 943 1132 sive
956 1067 1031 1154 quis
1047 1002 1275 1167 magnitudine,
1291 1068 1402 1158 (longe

338 1149 422 1215 enim
437 1151 483 1216 illi
498 1159 663 1238 praeatant)
681 1154 744 1218 sive
759 1153 872 1218 robore
886 1155 1064 1218 animorum
1081 1164 1261 1234 vincuntur.

260 1257 265 1270 ·
381 1237 454 1302 XL.
479 1237 581 1326 Regia
606 1241 688 1305 acies
701 1239 787 1304 varis
808 1239 909 1327 magis
932 1239 1037 1305 multis
1057 1239 1217 1326 gentibus,
1239 1237 1400 1304 dissimili-

338 1324 450 1390 tudine
472 1347 634 1390 armorum
656 1325 909 1412 auxiliorumque
930 1338 1009 1391 erut.
1035 1326 1199 1392 decentet
1221 1347 1277 1390 sex
1298 1324 1402 1392 millia

338 1410 481 1496 peditum
504 1434 594 1478 more
618 1410 833 1478 Macedonum
862 1412 977 1477 armati
998 1411 1096 1490 fuere,
1119 1411 1175 1497 qui
1203 1410 1400 1500 phulungitas

339 1497 591 1582 adpellabuntur.
614 1497 684 1564 haec
707 1497 814 1564 media
838 1499 920 1564 scies
941 1497 1002 1564 tuit
1016 1497 1041 1538 ¹⁵
1049 1498 1083 1562 in
1097 1495 1211 1576 fronte,
1233 1498 1266 1562 in
1288 1498 1398 1564 decem

338 1597 444 1670 partes
464 1585 574 1652 divise.
620 1587 794 1650 Pertes'eua
808 1584 834 1625 ¹⁴
843 1584 1035 1670 interpositis
1050 1583 1132 1650 binis
1146 1582 1321 1670 elephantia
1335 1585 1401 1651 dia·

338 1669 522 1760 tinguebat:
549 1696 571 1738 a
590 1671 695 1738 frome
719 1671 873 1737 introrsus
896 1671 931 1735 iu
957 1669 1037 1736 duos
1061 1683 1094 1736 et
1118 1671 1250 1759 trign'nta
1272 1670 1402 1738 ordines

339 1769 533 1824 armatorum
563 1758 645 1824 scies
672 1755 810 1844 patebat.
833 1759 894 1822 hoc
916 1769 949 1822 et
974 1757 1098 1824 roboris
1121 1757 1155 1822 in
1184 1757 1279 1844 regiis
1299 1758 1400 1844 copiis

338 1854 475 1928 erut-et,
490 1844 516 1883 ¹⁵
523 1844 658 1929 perinde
679 1867 776 1994 quum
797 1842 859 1908 ulis
880 1845 992 1929 specie,
1009 1856 1076 1910 tum
1098 1843 1309 1910 eminentibus
1330 1857 1402 1910 tan·

338 1941 406 1995 turn
422 1929 505 1994 inter
519 1943 657 1995 armatos
676 1929 860 2015 ecphantis,
877 1951 1027 2018 magnum
1050 1944 1204 1996 terrorem
1226 1930 1402 2016 praebebut.

339 2015 490 2102 Ingentes
510 2016 571 2100 ipsi
595 2029 693 2081 erunt
717 2015 877 2082 addebant
897 2017 1030 2102 speciem
1053 2015 1212 2098 frontalia,
1227 2031 1259 2082 et
1282 2017 1397 2097 cristae,

339 2113 371 2166 et
397 2115 486 2189 tergo
513 2102 658 2189 inpositae
681 2107 793 2182 turres,
815 2101 1018 2190 turribusque
1043 2114 1264 2187 superstantes,
1283 2119 1401 2190 praeter

340 2201 505 2266 rectorem,
521 2189 668 2276 quaterni
689 2188 812 2254 armati.
855 2188 909 2254 Ad
925 2189 1008 2254 lutus
1023 2188 1187 2254 dexterum
1203 2188 1401 2280 phalangita-

340 2296 412 2338 rum
428 2273 548 2340 ¹⁶mille
561 2289 593 2341 et
607 2277 796 2363 quingentos
810 2275 930 2362 equites
947 2275 1221 2362 Gallograecorum
1240 2275 1399 2362 obposuit.

339 2359 389 2425 his
404 2361 464 2426 triu
479 2362 577 2427 millis
592 2363 766 2450 1⁷equitum
788 2364 994 2428 loricatorum
1016 2361 1250 2448 (cataphractos
1269 2363 1330 2449 ipsi
1344 2365 1400 2430 ud·

339 2447 473 2532 pellant)
488 2448 641 2534 adjunxit.
663 2449 771 2514 addita
784 2445 905 2515 hiscis
926 2449 1013 2514 mille
1026 2445 1125 2514 ferme
1143 2450 1301 2535 equitumz
1326 2475 1400 2538 age-

339 2556 393 2598 ma
408 2557 476 2600 earn
492 2535 661 2601 vocabant.
704 2534 796 2600 Medi
817 2547 908 2600 erunt
926 2535 1000 2600 lecti
1014 2535 1083 2612 viri,
1098 2548 1131 2600 et
1144 2536 1283 2622 ejusdem
1298 2539 1402 2626 regio·

340 2621 390 2684 nis
415 2620 507 2686 mixti
533 2622 702 2687 multarum
729 2621 871 2709 gentium
898 2622 1027 2708 equites.
1048 2621 1214 2688 continens
1242 2623 1292 2688 bis
1320 2647 1402 2712 grex

340 2705 476 2772 sedecim
498 2706 737 2794 elephantorum
753 2706 976 2793 estobpositus
990 2708 1024 2773 in
1042 2707 1204 2774 subsidiis:
1227 2707 1268 2774 ub
1290 2711 1401 2777 eadem

260 2871 271 2900 ο
341 2807 441 2882 purte,
456 2794 633 2881 paullulum
653 2793 936 2881 productocornu,
952 2794 1041 2883 regie
1060 2793 1176 2861 cohors
1197 2811 1284 2862 erut:
1307 2796 1401 2864 ²⁸Ar-

632 2937 645 2978 t
657 2939 735 2993 nunt,
744 2933 858 2997 meddin
865 2931 947 2981 relicti
956 2933 1031 2980 Gron.
1041 2932 1109 2980 cres.

377 3068 470 3117 ld'lu
490 3065 588 3132 fronte]
612 3067 688 3115 lutus
709 3066 856 3114 edditumeu·
922 3070 953 3112 ts
968 3065 1040 3114 Mitte
1050 3071 1074 3112 et
1082 3066 1225 3128 quingentos
1240 3067 1402 3129 equtiudut-

341 3139 409 3182 tum:
428 3135 475 3182 nisi
492 3136 552 3182 torte
568 3133 655 3179 excidit
671 3145 782 3179 numerus
795 3133 856 3194 phe·
887 3126 1054 3194 logroeooram]
1077 3131 1141 3179 Olim
1164 3131 1214 3189 bic,
1234 3138 1259 3178 et
1278 3132 1341 3180 iutra
1359 3133 1402 3181 ubi

341 3200 485 3262 langitarum
507 3200 533 3246 in
549 3198 628 3245 leonte
645 3193 801 3254 structorum,
813 3197 854 3257 qul
887 3210 953 3243 nunc
963 3197 1063 3257 legimus
1082 3195 1121 3242 Ab
1138 3195 1196 3244 laeuo
1213 3212 1286 3243 corna
1300 3198 1404 3260 pleian.

341 3266 429 3314 debent
449 3265 523 3312 inisse
543 3262 676 3324 quingenti.
707 3263 804 3309 Etenim
826 3275 855 3308 ax
885 3263 950 3323 glte'e
960 3262 1070 3324 adjuncti
1078 3267 1148 3308 mum
1160 3262 1305 3323 nothgraeet
1314 3265 1406 3325 eqae'ter

342 3331 477 3391 quingentis
494 3331 520 3376 in
531 3329 628 3386 lineum,
639 3332 664 3374 et
674 3327 766 3374 dnobus
774 3341 803 3374 sc
813 3327 855 3374 tri-
887 3328 955 3374 mllle
964 3333 988 3374 et
995 3327 1132 3389 quingenti,
1143 3331 1199 3375 aute
1210 3327 1333 3384 Sigoninm
1345 3329 1404 3378 editi

341 3393 856 3516 utlt²lttltt”’ttltltlttttz
888 3391 1426 3516 scicritscierit·

342 3531 433 3582 nostra,
447 3538 518 3586 quam
535 3523 756 3584 dimatdppianna‚
772 3523 857 3570 admit·
889 3523 954 3583 niue,
970 3523 1037 3569 nulla
1053 3536 1082 3570 ex
1100 3523 1183 3584 scripti
1197 3523 1285 3570 codicis
1301 3526 1404 3572 suctum

340 3596 416 3647 tetur,
434 3597 494 3636 tunc
514 3603 564 3636 nou
583 3587 717 3636 redundant
737 3587 856 3646 hocloco,
888 3593 947 3648 tute,
964 3589 1004 3635 aed
1021 3599 1071 3635 non
1087 3589 1139 3636 tine
1153 3587 1313 3649 prebentibus
1330 3591 1404 3638 rutic-

342 3657 382 3703 sed
394 3654 472 3702 innuis
492 3654 536 3701 erit
556 3655 643 3711 oratio,
657 3658 682 3699 et
698 3654 733 3699 ita
742 3653 857 3714 explenda
889 3667 946 3700 num
967 3654 1109 3703 momentis:
1138 3653 1202 3714 quod
1223 3667 1309 3716 nempe
1327 3653 1406 3702 etita

342 3723 396 3774 erit,
409 3725 437 3766 ut
447 3721 513 3768 frona
524 3719 596 3778 hujus
612 3719 695 3765 medie
711 3718 767 3765 aciei
785 3718 858 3765 luisse
889 3719 1123 3780 scrihethppisnut,
1134 3723 1159 3765 et
1169 3719 1290 3766 totauoiei
1301 3720 1405 3784 descrip-

341 3787 524 3849 qningentornm
531 3789 675 3832 armatorum
686 3783 840 3844 intelligetur.
888 3786 924 3832 tio
934 3797 976 3846 per
986 3785 1049 3832 bauo
1059 3785 1248 3832 mandationem
1257 3785 1352 3846 plenior
1361 3785 1404 3844 sit,

377 3858 406 3899 tt
423 3851 578 3912 Interpositis
588 3849 652 3896 dieis
667 3849 798 3910 elephantie
808 3848 857 3896 dle-
888 3855 913 3896 et
924 3849 1006 3898 melius
1015 3849 1059 3898 tibi
1068 3853 1169 3897 conttet.

341 3913 480 3980 tinguebat]
496 3916 552 3964 Non
569 3915 626 3962 eatis
642 3918 748 3974 apparat,
760 3927 807 3974 qno
820 3927 857 3960 re·
922 3920 951 3965 17
967 3913 1099 3978 Equitum]
1114 3915 1301 3975 Etbiequoque
1311 3914 1405 3976 legebu-

341 3981 596 4030 lemidebeutrerbnm
608 3979 775 4040 distinguebat.
801 3978 857 4026 Me-
888 3982 928 4026 tur
946 3980 1063 4040 peditum.
1095 3979 1141 4027 Sed
1160 3993 1233 4041 quum
1253 3979 1321 4028 unilt
1341 3981 1404 4042 epod

340 4049 388 4096 line
408 4047 485 4095 orutio
505 4046 650 4106 procederet,
671 4045 691 4091 tl
713 4045 856 4100 legeremus:
887 4050 978 4094 veteres
1009 4045 1099 4094 mentio
1125 4046 1169 4092 dut
1200 4045 1308 4106 peditum
1331 4047 1403 4092 Cata·

341 4103 479 4174 interpositi
487 4111 537 4158 dini
543 4110 662 4171 elephuntu'
667 4109 855 4169 distinguebant.
888 4110 1051 4172 pheacum,
1066 4110 1178 4172 Sigonius
1197 4109 1323 4160 substituit
1339 4111 1404 4174 equi-

377 4171 855 4240 sswsrtsue10osmatnouuumagnt
888 4182 948 4222 tum.

342 4244 434 4292 roboris
450 4246 501 4290 eret
517 4241 558 4288 illu
576 4241 689 4302 pestana,
701 4239 737 4290 ita
751 4245 776 4286 et
791 4253 857 4302 mug-
923 4246 951 4288 ts
968 4236 1405 4304 Argyraspttuagememmun]

224 4370 229 4382 ,
342 4322 401 4360 num
412 4305 661 4373 tenoremprubehut
887 4305 1147 4368 holypeirargenteit.
