3042 4954
161 341 193 390 U·
203 341 232 389 G?-
241 341 311 388 md

160 408 299 472 sessu

322 157 361 212 tu
638 202 642 208 .
709 145 995 211 rtet-htvtl
1093 190 1097 198 ι

322 314 438 384 diversi
464 313 604 394 Roman
625 324 661 380 et
687 333 748 380 retr
770 311 898 404 drudus
926 307 1187 416 obpuffltuba'utrt
1205 305 1342 378 nomn
1359 305 1396 377 'la

323 401 485 470 meritimu
503 422 586 478 arce,
608 399 689 488 regii
710 400 858 466 adsersus
878 398 992 483 vellem
1016 396 1202 470 interdurn
1225 395 1392 484 inuentum

322 511 420 568 ames,
435 510 498 574 qua
514 499 548 552 et
568 507 661 552 muro
682 487 853 573 intersepta
872 487 950 552 urbs
971 497 1027 550 est.
1049 500 1082 551 et
1103 495 1139 550 ut
1159 483 1231 549 losa
1251 483 1395 562 diversa,
1426 539 1429 546 .

323 578 368 656 sic
381 574 503 659 dispari
516 574 614 640 ruodo
628 573 722 640 etism
737 573 983 662 obpugnabaut:
1009 569 1149 638 Romani
1167 569 1394 649 testudinibus,

322 675 355 727 et
380 661 489 738 vineis,
511 674 544 726 et
567 661 665 726 eriete
684 659 885 726 admovendo
905 659 1023 726 murias
1046 658 1126 746 regii
1148 656 1289 734 ballistis,
1305 669 1397 722 eata-

322 747 493 834 pultisque,
508 763 541 812 et
555 747 619 812 alio
631 749 721 812 omui
742 767 858 836 gessere
870 757 1107 822 tormentorum,
1117 743 1181 810 tela
1199 743 1397 832 ingerentes.

323 850 356 900 et
375 834 517 919 pondere
538 834 660 920 ingenti
681 855 758 900 saxa
777 833 950 921 jaciebant,
964 831 1032 897 ⁶⁶et
1052 831 1226 909 cuniculos,
1243 843 1276 895 et
1296 828 1397 918 quid·

324 920 402 1008 quid
416 919 503 986 aliud
516 920 657 1005 eepriore
671 920 909 1011 obpugnatione
923 930 1089 1006 expertum
1110 917 1281 1007 profuerat
1327 917 1398 983 Ce-

324 1022 429 1074 terum
443 1027 510 1072 uon
524 1008 631 1092 plures
644 1019 769 1073 tantum
786 1007 989 1084 Macedones,
1005 1027 1099 1092 quam
1119 1017 1203 1082 ante,
1217 1003 1397 1069 tuebantur

324 1094 437 1159 urbem
452 1117 610 1182 arcesque,
626 1095 681 1159 sed
699 1095 794 1160 etiam
809 1093 1073 1181 praes'entiorrbur
1088 1091 1213 1170 animis,
1228 1091 1256 1136 ⁶⁷
1264 1102 1305 1169 et,
1321 1089 1397 1155 oris·

326 1181 632 1268 tigationibus‘regis
653 1182 687 1246 in
701 1179 839 1246 admissa
860 1181 965 1267 culpa,
982 1178 1098 1244 simult
1112 1179 1280 1256 minarum,
1296 1177 1398 1244 simul
1511 1205 1512 1242 i

269 1270 271 1273 ’
326 1266 571 1350 promissionum
586 1269 618 1333 in
635 1267 781 1334 futurum
797 1289 963 1345 memores,
977 1267 1023 1331 ita
1038 1277 1074 1331 ut
1092 1285 1205 1352 parum
1220 1265 1255 1330 in
1268 1285 1399 1349 expug-

326 1355 457 1420 natione
470 1354 564 1419 celeri
584 1354 651 1440 spei
672 1367 761 1422 esset.
806 1355 939 1420 Interim
959 1366 991 1418 et
1012 1352 1098 1418 aliud
1118 1353 1171 1441 agi
1192 1371 1282 1437 posse
1303 1362 1398 1415 ratus

326 1440 458 1524 legatus,
471 1441 597 1520 relictis,
610 1441 719 1528 68quot
733 1442 808 1507 satis
818 1441 1006 1506 videbantur
1019 1439 1061 1504 sd
1075 1460 1172 1524 opero
1186 1437 1397 1524 perficienda,

328 1527 492 1604 militibus,
507 1528 623 1614 trajicit
638 1528 671 1592 in
684 1529 836 1614 proximu
850 1527 1057 1592 continentis:
1075 1523 1298 1613 Larissamque
1313 1527 1399 1606 (non

312 1613 415 1678 >illam
433 1616 465 1678 in
482 1614 646 1679 Thessalia
666 1615 807 1680 nobilem
829 1614 952 1693 urbem,
969 1613 1024 1678 sed
1045 1611 1187 1694 alteram,
1202 1633 1297 1698 quam
1314 1611 1401 1676 Cre-

328 1715 448 1766 masten
474 1704 602 1780 vocant)
625 1701 730 1767 subito
753 1702 903 1783 adventu,
923 1712 1040 1786 praeter
1062 1721 1177 1776 arcem,
1194 1699 1288 1783 cepit.
1332 1697 1401 1762 Ar·

271 1791 273 1804 '
302 1805 304 1808 ·
329 1788 411 1853 talus
431 1810 558 1874 quoque
573 1788 769 1875 ⁶⁹AEgeleon,
785 1787 866 1851 nihil
891 1788 996 1853 minus
1018 1805 1114 1874 quam
1141 1785 1204 1852 tale
1218 1783 1399 1872 quidquam

302 1907 305 1912 ·
329 1877 362 1940 iu
377 1874 506 1940 alterins
519 1874 758 1960 obpugnatione
772 1875 863 1939 urbis
873 1874 1068 1952 timentibus,
1083 1873 1248 1958 obpressit·
1274 1872 1318 1935 Et
1326 1871 1400 1972 jam

298 2109 299 2112 ,
329 2046 416 2134 quod
432 2047 517 2110 intus
532 2060 610 2125 erat,
625 2047 735 2111 labore
757 2047 902 2129 adsiduo,
917 2048 1032 2136 uigiliis
1045 2047 1167 2112 diurnis
1183 2045 1300 2130 pariter
1318 2064 1401 2108 noc·
1511 2081 1512 2088 κ

330 2133 504 2235 tufnisque,
532 2146 563 2197 ot
589 2134 771 2200 vulneribus
792 2134 987 2200 confectum.
1033 2131 1123 2201 Muri
1154 2153 1281 2220 quoque
1297 2151 1400 2222 pars,
1511 2165 1512 2222 3

257 3493 260 3500 =
369 3467 853 3534 66'Priureoppugucttuue]vid.rupra
885 3475 938 3522 rius
960 3475 1079 3536 AEgeleou
1102 3476 1222 3534 tr'mentet,
1241 3479 1271 3520 ut
1294 3471 1404 3534 ruprsl.
1511 3517 1512 3528 ,

329 1983 428 2048 quum
451 1981 548 2045 opera
569 1961 601 2023 in
623 1959 735 2026 effectu
756 1975 847 2026 erant
866 1961 950 2027 circs
968 1961 1102 2037 Oreum,
1118 1972 1187 2024 turn
1209 1958 1399 2043 praesidrum

330 2233 428 2285 ariete
442 2241 567 2284 incusso
582 2221 724 2297 subruta,
739 2221 848 2286 multis
866 2223 934 2308 jam
958 2221 1035 2286 locis
1053 2220 1253 2306 prociderat:
1275 2237 1403 2304 perque

330 2319 476 2392 apertum
491 2307 585 2371 ruins
599 2309 659 2372 iter
680 2321 775 2373 nocte
792 2305 1137 2396 Romaniswquodque
1151 2323 1246 2391 super
1268 2315 1401 2404 portum

330 2409 387 2472 est,
410 2393 444 2457 in
466 2415 571 2458 arcem
597 2408 819 2480 perruperunt.
864 2395 990 2460 Attalus
1012 2395 1083 2459 luce
1105 2395 1217 2477 prima,
1240 2392 1332 2478 signo
1357 2411 1404 2456 ex
1511 2391 1512 2394 ’

330 2503 403 2546 ares
418 2480 494 2545 dato
508 2479 549 2545 ab
567 2481 733 2560 Romanis,
747 2495 779 2547 et
802 2483 869 2568 ipse
882 2483 994 2548 urbem
1017 2481 1139 2558 invasit,
1155 2479 1260 2545 stratis
1281 2499 1404 2565 magna

330 2589 374 2632 ex
389 2568 481 2652 parte
496 2569 612 2631 muris:
637 2568 820 2652 praesidium
842 2569 1057 2720 oppidanique
1081 2567 1114 2630 iu
1137 2567 1270 2632 alteram
1291 2583 1402 2636 urcem

897 2677 905 2718 ι

330 2653 511 2742 perfugere,
529 2654 621 2755 uude·
633 2654 732 2720 biduo
746 2668 819 2741 post
833 2656 853 2720 d

332 2740 834 2894 cofffflplpssfflsffistzessale
862 2828 1077 2916 equinoctium
1106 2826 1263 2891 instabat:
1292 2837 1326 2890 et
1350 2836 1403 2889 est

333 2915 420 2980 sinus
436 2913 610 2994 Euboicus,
625 2915 752 3002 ⁷1quem
769 2915 856 2980 Ctela
880 2925 1003 2992 vocant,
1018 2927 1181 3000 suspectus
1202 2912 1317 2978 nautis.
1339 2911 1403 2976 ite·

333 3023 406 3089 que,
422 3016 498 3067 aute
513 3000 663 3066 hiemales
677 3015 782 3066 motus
797 3002 927 3066 evadere
948 3001 1023 3065 inde
1037 3002 1210 3086 cupientes,
1228 2999 1402 3077 Piraeeum,

335 3089 421 3154 uude
437 3087 570 3175 profecti
586 3087 627 3152 ad
649 3087 768 3153 bellum
788 3097 890 3166 erant,
906 3099 1061 3173 repetunt.
1106 3087 1271 3173 Apustius,
1287 3085 1403 3172 trigin-

909 2655 953 2720 tio
968 2654 1061 2720 facta.
1084 2653 1160 2719 urbs
1178 2652 1258 2740 regi,
1273 2651 1403 2738 captivs

719 3229 732 3268 Ρ
744 3232 767 3272 et
777 3227 853 3273 dmul
862 3227 936 3274 Gron.
949 3227 1017 3274 Cret.

369 3343 400 3388 ⁶5
417 3340 455 3388 Et
469 3335 604 3402 cuniculos]
625 3339 724 3399 Supple,
742 3341 854 3403 agebam.
885 3342 1014 3400 milet,
1028 3341 1156 3406 oppressit]
1179 3339 1244 3390 Mele
1259 3345 1352 3390 ermen
1368 3343 1405 3390 lo·

336 3406 391 3452 Vid.
405 3407 456 3452 noi.
469 3411 508 3452 st.
520 3407 550 3452 ad
562 3407 576 3451 l.
589 3405 635 3450 111.
648 3420 669 3451 e.
682 3409 720 3455 67.
885 3409 957 3456 cutio.
984 3399 1096 3469 Legimus
1108 3411 1225 3456 timenter.
1257 3407 1352 3456 Dixerit
1362 3408 1404 3456 Li-

224 3573 227 3579 ,
337 3535 457 3582 XXVIII.
470 3542 493 3582 6.
884 3539 1035 3588 XXVIII.c.
1048 3547 1085 3589 19.
1099 3541 1195 3587 Gaetulo
1206 3554 1278 3602 quum
1289 3538 1404 3587 ...coeii

370 3605 401 3650 67
418 3601 455 3646 Et
472 3601 670 3661 castigationibus
684 3598 761 3664 regie]
794 3603 855 3650 Haec
880 3605 997 3666 fuissent.

337 3665 527 3734 mendosasunt.
561 3667 790 3728 PossIsIegereeum
803 3670 855 3716 Du·
921 3677 951 3720 70
971 3672 1083 3734 Quodque
1103 3685 1174 3734 super
1189 3677 1287 3732 portum
1305 3665 1353 3733 est]
1370 3669 1406 3717 Er

335 3729 397 3790 Jatio
409 3743 438 3775 en
444 3733 645 3792 castigationibus
655 3736 722 3794 regie
731 3736 757 3780 a'u
766 3733 854 3781 admia
887 3750 929 3798 per
939 3737 994 3795 iter,
1007 3738 1070 3798 quod
1081 3747 1118 3784 est
1129 3751 1199 3798 super
1209 3745 1315 3796 portum.

337 3795 461 3867 concipe:
477 3795 556 3856 vel‚si
574 3799 855 3860 magisarridetGrono·
921 3800 1237 3864 ercammarum]
1270 3802 1321 3852 Hic
1333 3802 1405 3860 iuvat

338 3859 818 3927 vllcqnjeotura,etcastigatiom'tregioe
830 3867 856 3912 tu
888 3868 1019 3916 adscribere
1039 3869 1162 3918 Strabonis
1181 3884 1195 3926 a
1213 3868 1229 3915 l.
1243 3867 1276 3916 X.
1296 3867 1368 3916 rerba
1389 3879 1405 3912 a

338 3925 444 3973 admissu
462 3929 532 3990 eulpa
551 3930 625 3978 st'mul
642 3931 765 3978 minarum
783 3933 858 3980 simul
888 3934 988 3992 najario
999 3935 1081 3993 chata,
1093 3935 1179 3995 quibus
1190 3934 1229 3980 bic
1240 3935 1306 3982 locut
1318 3931 1405 3984 duen-

335 3993 522 4106 &omissionum
545 3996 572 4042 iu
590 3995 708 4056 fleturum
735 4013 854 4048 memoret.
888 3999 962 4048 bitur.
995 4001 1067 4056 Gara,
1090 4001 1180 4050 urach
1204 3997 1284 4058 atita,
1305 4001 1405 4054 Eam

363 4059 440 4120 elpsa
451 4075 475 4106 re
487 4061 537 4106 rid.
548 4062 565 4108 l.
576 4061 695 4110 XXVIII.
707 4079 728 4112 e.
740 4071 763 4118 ⁸,
887 4072 1011 4120 uocantur,
1031 4081 1084 4128 quur
1101 4067 1165 4114 r'ater
1179 4067 1294 4118 Aulium
1311 4073 1335 4113 et
1352 4067 1405 4114 lucu

371 4128 402 4170 68
422 4126 486 4182 Quot
503 4127 565 4174 eatis
583 4127 735 4175 videbunturl
768 4129 800 4176 Et
817 4129 856 4176 hie
888 4131 955 4178 cirea
968 4132 1260 4192 onustumtaterjaceut.
1290 4131 1405 4190 [etesius

339 4203 433 4252 quoque
445 4191 517 4239 hebes
532 4193 719 4242 emendationem
732 4195 856 4246 Gronorii.
889 4211 931 4242 aru
950 4198 1076 4246 maritima
1092 4199 1119 4244 s'u
1135 4199 1217 4249 :teau
1228 4194 1407 4258 flectitur-ud

339 4255 415 4309 Libri,
428 4259 561 4318 quadratis
571 4259 701 4307 ur'dedutur.
890 4262 1024 4309 Chalciden
1052 4269 1133 4310 autem
1162 4263 1284 4322 uuerdent,
1308 4277 1406 4320 mem

372 4326 403 4371 69
420 4325 548 4388 AEgeleou,
566 4326 631 4372 utttt
650 4328 731 4373 minut
744 4357 750 4370 .
764 4358 771 4372 .
784 4356 791 4370 .
804 4359 810 4373 .
823 4327 855 4372 ti·
887 4335 969 4392 persus
979 4329 1139 4381 courtmatrut
1151 4332 1299 4382 incurvatur·
