3082 4976
349 247 351 253 Ι
426 157 516 222 LIB·
540 155 687 216 xxxix.
712 153 810 214 CAP.
828 153 946 214 XLIX.
997 189 999 196 s
1156 159 1214 213 tit

150 319 361 406 disceptatum
377 320 463 406 apud
480 319 645 385 Concilium
667 317 759 394 foret,
773 317 967 406 indigneque
989 315 1066 407 sni,
1075 339 1136 384 nec
1150 315 1216 384 ullo
1223 333 1256 383 u.
1267 333 1295 382 u
1307 339 1364 384 css.

151 429 211 473 suo
226 407 350 482 merito,
367 406 551 471 insultatum
575 405 615 470 ab
637 404 785 469 omuibus
807 416 897 469 esset.
945 403 1013 469 Has
1034 417 1126 472 notas
1144 400 1294 469 nri-M·
1308 407 1363 448 ¹⁸³·

150 495 210 558 tati
224 495 292 579 ejus
307 493 405 557 animi
421 491 559 592 conlegit
580 503 717 557 senatus.
739 503 878 556 ceterum
903 489 965 554 alie
986 491 1147 556 excusanti
1165 492 1218 578 ju·

151 579 234 657 veni,
257 578 539 664 alia⁸¹rccipient1,
561 575 668 642 futura
691 578 745 657 ite,
759 588 796 640 ut
816 577 954 641 maxime
968 576 1062 642 vellet
1084 591 1218 656 senatus,

152 663 338 750 responderi
352 664 488 749 placuit:
513 664 608 728 Nihil
619 673 743 747 patrem
757 661 820 748 ejus
833 683 928 746 meque
947 665 1069 740 rectius,
1083 684 1140 729 mec
1152 676 1378 736 ono-Responsum

150 755 213 836 gis,
228 753 308 835 quod
319 771 358 814 ee
371 753 527 815 uoluntate
535 759 659 814 senones
673 749 888 834 esset,secisse,
899 769 988 834 quom
1003 753 1093 833 quod,
1105 745 1331 816 meum-⁸⁸⁰⁵⁸¹¹⁸

155 859 213 922 pue
233 859 270 900 eo
287 846 377 922 gesto
391 847 498 912 essent,
508 857 570 918 per
583 837 774 900 Demetrium
781 837 890 919 filium
911 837 1059 921 satisfieri
1077 839 1221 902 uoluisset

155 925 314 988 Romanis.
359 921 466 986 Multo
477 932 507 985 et
517 923 720 996 dissimulare,
733 930 763 985 et
773 918 920 998 obliuisci,
931 931 961 984 et
969 924 1046 1005 poti
1053 925 1221 1004 proterite

152 1018 289 1072 seuotmn
297 1029 399 1096 posse,
412 1017 441 1070 et
451 1010 574 1071 credere
584 1009 687 1085 etiam,
700 1009 861 1071 Demetrio
871 1009 1049 1071 eredendum
1061 1029 1132 1072 erse.
1157 1007 1221 1072 Ob·

91 1175 95 1182 .
153 1097 248 1159 sidem
259 1093 732 1177 enimseonimumejusltobere,
742 1095 802 1158 etsi
808 1095 902 1175 putri
910 1113 1020 1175 eorpus
1029 1096 1220 1160 reddiderim

153 1191 187 1244 et
200 1182 289 1256 scire,
306 1189 450 1263 quantum
465 1181 552 1244 mico
568 1181 602 1242 in
614 1188 740 1262 petrem
748 1180 871 1260 pietate
884 1181 995 1262 possit,
1012 1180 1139 1243 omnum
1154 1201 1221 1244 mm

148 1267 267 1349 populo
278 1266 419 1328 Romano
429 1285 502 1349 esse,
517 1267 522 1351 l
545 1265 743 1348 Honorisque
757 1263 820 1348 ejus
829 1285 935 1329 caussa
945 1266 1083 1330 missuros
1097 1268 1131 1329 in
1143 1266 1221 1330 Mo-

154 1353 312 1416 cedoniom
323 1353 451 1435 legatos,
467 1349 540 1425 ⁸²ut,
555 1351 585 1414 si
605 1352 683 1436 quid
695 1351 794 1414 minus
802 1351 926 1434 factum
941 1352 993 1428 sit,
1008 1371 1097 1438 quom
1112 1352 1221 1416 debue-

155 1439 211 1512 rit,
227 1447 289 1500 tum
305 1457 421 1520 quoque
431 1439 498 1500 sine
505 1439 633 1518 piaculo
644 1457 744 1500 rerum
752 1435 1110 1518 praetemnissorumfiot.
1137 1437 1221 1502 Velle

154 1525 248 1587 strom
262 1525 376 1587 sentire
393 1523 583 1606 Philipporum,
599 1520 754 1606 “integra
764 1524 868 1586 omnio
882 1523 941 1588 sibi
953 1543 1017 1587 cum
1025 1525 1144 1606 populo
1155 1524 1221 1588 Ro·

153 1629 245 1672 mano
260 1609 416 1672 Demetrii
423 1610 492 1689 filii
505 1607 645 1692 beneficio
660 1627 730 1688 esse.

200 1693 364 1758 XLVIII.
389 1693 484 1770 Hac,
508 1715 581 1779 quae
607 1694 761 1778 augendae
782 1692 1001 1778 amplitudinis
1026 1695 1094 1780 ejus
1110 1712 1378 1762 caussanscmoemo-

154 1779 241 1844 iacta
252 1792 356 1858 erant,
371 1779 534 1864 extemplo
549 1781 581 1843 in
604 1779 765 1855 invidiam,
784 1801 860 1843 mox
883 1780 978 1844 etiam
1000 1779 1033 1843 in
1048 1782 1219 1865 perniciem
1229 1779 1323 1826 ntorum

155 1866 348 1930 adolescenti
360 1878 531 1930 verterunt.
566 1864 802 1931 Lacedaemonii
818 1866 933 1930 deinde
946 1867 1121 1932 introducti
1137 1845 1357 1934 s'unt.¹'⁰⁸⁸⁰¹⁸²⁸”

153 1951 267 2016 multoe
292 1963 324 2016 ct
343 1973 452 2036 parvae
477 1953 718 2036 disceptationes
736 1950 956 2037 jactabantur:
980 1952 1045 2030 scd,
1059 1975 1132 2040 quae
1155 1974 1222 2019 rna-

153 2038 241 2105 ninae
263 2059 331 2102 rem
353 2037 568 2118 continerent,
598 2051 705 2114 esaum
734 2049 841 2102 utrum
867 2039 1116 2116 restituerentur,
1143 2061 1223 2126 qnos

156 2123 270 2190 Achaei
292 2123 532 2201 damnaverant,
559 2145 619 2188 nec
641 2145 699 2199 ne;
732 2125 849 2209 inique,
869 2147 910 2189 an
927 2127 1000 2210 jure
1021 2126 1222 2209 occidissent,
1305 2123 1311 2134 “

154 2231 238 2298 quus
252 2209 444 2274 occiderant.
466 2209 493 2249 ⁸⁴
499 2209 677 2274 vertebatur
691 2221 733 2288 et,
748 2223 857 2274 utrum
877 2225 1043 2275 manerent
1057 2212 1089 2274 in
1106 2213 1223 2278 Achai-

154 2319 198 2362 co
211 2295 348 2362 coneilio
363 2295 618 2372 Iacedaemonii3
641 2316 692 2372 an,
710 2307 745 2359 ut
759 2308 833 2359 ante
847 2295 959 2370 fuerat,
972 2312 1132 2361 secretum
1155 2301 1224 2384 dus

155 2383 252 2447 unius
274 2383 308 2446 in
331 2382 553 2468 Peloponneso
574 2382 709 2446 civitatis
725 2382 778 2466 jus
799 2395 890 2444 esset.
934 2381 1118 2461 “Restituit
1131 2381 1224 2472 'judi-

153 2469 271 2554 ciaque
286 2467 371 2532 iacta
383 2468 454 2532 tolli
469 2467 605 2553 placuit:
629 2469 889 2532 lacedaemonem
912 2485 1041 2532 manere
1054 2468 1088 2532 in
1105 2469 1225 2535 Achai-

155 2577 198 2619 co
212 2554 363 2618 conscilio:
388 2554 548 2641 scribique
560 2552 596 2617 id
611 2553 783 2629 decretum,
797 2567 828 2616 et
839 2554 1024 2640 consignari
1040 2555 1224 2621 aLacedm·

155 2641 274 2706 moniis
295 2652 333 2704 vet
356 2639 496 2705 Achaeis.
542 2638 682 2726 Legatos
704 2640 737 2704 in
766 2639 992 2707 Macedoniam
1015 2641 1058 2718 Q.
1081 2641 1225 2708 Marcius

156 2738 206 2792 est
219 2726 346 2790 missus:
365 2727 473 2876 [iussus
487 2725 570 2789 idem
589 2727 623 2790 in
641 2725 859 2810 Peloponneso
881 2727 1038 2792 sociorum
1054 2749 1104 2792 res
1117 2729 1224 2814 adspi-

155 2830 241 2879 cere.
261 2834 337 2878 uam
352 2812 363 2875 i
387 2813 398 2875 i
436 2833 540 2898 unque
562 2823 594 2876 ct
614 2833 656 2876 ex
669 2812 827 2876 veteribus
842 2811 1008 2876 discordiis
1022 2815 1140 2878 residui
1154 2835 1224 2880 rno-

157 2913 211 2964 tus
230 2911 332 2976 erasit,
346 2911 380 2963 et
436 2919 543 2964 essene
564 2899 736 2963 desciverat
757 2921 778 2962 a
799 2898 935 2964 concilio
958 2897 1111 2964 Achaico.
1135 2901 1225 2986 cujus

156 2985 234 3050 belli
257 2997 289 3050 et
310 2985 455 3050 caumas*
474 2997 505 3048 et
526 2984 671 3050 ordinem
693 2985 720 3048 si
745 3005 934 3068 expromere
947 2985 1052 3062 velint,
1068 2987 1225 3052 inmemor

154 3071 220 3136 sim
242 3070 488 3158 propositique
512 3072 607 3136 statui
631 3093 697 3134 non
718 3069 803 3135 ultra
826 3071 990 3160 adtingere
1003 3083 1148 3151 externa,
1164 3073 1225 3138 nisi

153 3176 224 3245 qtsa
240 3156 396 3224 Romanis
411 3156 627 3222 cohaererentr
639 3157 746 3222 rebus.

205 3242 340 3310 XLIX.
365 3244 506 3308 Euentus
525 3243 741 3308 mnemorabilis
762 3254 819 3322 est,
835 3241 933 3330 quod,
949 3263 1048 3330 quum
1070 3243 1154 3308 bello
1172 3265 1354 3329 sn-puum

157 3330 300 3416 perimes
313 3341 415 3394 essent
430 3328 554 3407 Achaei,
572 3328 794 3414 Philopoemen
816 3341 938 3414 praetor
958 3349 1068 3395 eorum
1086 3331 1376 3447 miiiubffssssssm

394 3477 514 3522 tramam
525 3475 684 3523 Gremcrer.
779 3473 989 3520 'coierentEaed
1232 3470 1343 3577 ἓῗιὶῑῦῑξ

1260 3539 1365 3578 annus·

192 3601 221 3643 at
239 3594 389 3657 Recipiunt]
407 3594 568 3645 Pmmumu.
743 3593 790 3642 88*
795 3593 898 3654 Integra
914 3594 995 3640 onmia
1010 3594 1057 3640 etot
1072 3609 1126 3641 cum
1137 3595 1225 3655 populo

196 3667 226 3706 82
242 3661 312 3718 Unci
320 3661 378 3726 quiri
386 3655 621 3722 minusfcctururit]
632 3659 675 3714 Ut,
708 3659 817 3710 Romano
828 3690 834 3702 .
847 3691 854 3704 .
866 3658 926 3720 erre]
949 3659 1092 3718 ,integram
1109 3660 1225 3708 illibatam

163 3725 252 3786 siquid
269 3740 335 3772 secus
352 3725 442 3772 iactum
453 3727 495 3784 sit,
506 3737 577 3785 quum
590 3724 677 3771 debue-
710 3723 755 3771 sibi
777 3737 832 3770 cum
859 3724 947 3784 populo
963 3725 1083 3772 Romano
1105 3740 1225 3773 remanere

163 3791 205 3849 rit,
217 3797 268 3836 tum
278 3805 377 3853 quoque,
390 3791 414 3837 tu
426 3797 472 3848 est,
485 3791 578 3840 etiamsi
595 3803 632 3836 rsa
644 3790 679 3838 its
710 3789 810 3852 gratiam
819 3793 844 3833 ct
856 3789 991 3835 amicitiam.

163 3856 205 3912 dt,
215 3860 295 3902 tamen
304 3857 355 3915 fiut
372 3856 396 3902 id
408 3858 470 3915 quod
488 3855 537 3900 lieri
553 3855 675 3912 debuerat,
743 3860 774 3900 84
793 3848 980 3916 Vertetoturet]
1002 3853 1030 3899 In
1040 3855 1225 3902 tuntrorersiam

163 3925 235 3980 atque
251 3921 287 3968 ita
308 3921 430 3981 negotium
453 3925 611 3980 componatur
625 3921 678 3968 eine
707 3919 781 3966 etism
806 3919 926 3975 veniebat,
953 3924 1033 3964 utrum
1061 3921 1103 3966 &a
1136 3921 1225 3966 Totum

161 3988 257 4046 piaculo
268 4001 349 4032 mann
363 3985 636 4046 murmuraremus
651 3989 678 4030 nt
710 3985 776 4031 hunc
792 3984 881 4040 locutu,
899 3989 1008 4030 revocata
1026 3990 1131 4030 veterum
1148 3985 1225 4031 edito-

161 4057 313 4112 peccatorum
332 4065 349 4097 a
368 4065 424 4113 rege
443 4051 534 4098 nullum
557 4049 677 4111 piaculum
711 4063 762 4098 rum
783 4047 986 4109 interpunctione,
1006 4061 1058 4105 quae
1083 4047 1107 4092 in
1132 4050 1226 4109 nuperis

163 4115 280 4175 mtgstua
312 4117 355 4164 Rei
372 4119 512 4177 exanimem
527 4116 603 4162 uerbis
619 4115 679 4162 mol·
712 4113 1025 4175 depravstscataduricrem
1037 4112 1186 4158 reddidimus

163 4181 228 4226 liunt
243 4181 356 4239 Romani,
367 4183 423 4229 dum
440 4183 680 4240 minua....quam
743 4185 776 4228 rt
794 4177 915 4240 hardu]
938 4177 1227 4238 vetiutdtigemctadde,

165 4245 280 4304 debeat,
308 4247 401 4304 dicunt,
423 4261 474 4294 ncn
496 4247 574 4299 mdes
595 4259 680 4292 ¹acetrum
712 4245 844 4292 domnum.

161 4311 387 4370 proetcrmiarurum,
398 4325 447 4359 nou
457 4319 614 4372 peccatorum.
