3104 4976
376 227 468 292 ΜΒ.
494 229 645 307 xxxlu.
669 233 772 293 CAP.
796 233 978 296 xxxvtti.
1146 243 1202 300 128

27 481 28 532 v
129 395 550 568 imfflrffliii.
568 395 991 572 imitant.
1010 412 1348 582 mxliii·-

134 585 202 652 ‚que
215 579 359 648 eratne,
374 571 400 634 si
414 591 599 635 concessum
614 569 769 649 hisforet,
779 570 937 658 ⁹⁴quosin
953 569 1080 638 Theba‘
1094 575 1205 662 Smyr·
1218 580 1229 656 ᾗ
1288 647 1292 654 ,

135 671 215 722 num
234 654 268 720 in
285 653 418 720 AEoiidc
433 654 596 743 ioniaque,
613 656 825 742 Lampsacum
846 658 879 720 in
896 656 973 723 Hell
1032 661 1205 740 ommatius
1240 703 1244 713 ·

136 739 236 806 urbes
254 756 472 829 sequerentur.
516 742 621 830 Igitur
635 744 749 829 etipse
770 745 811 808 ab
827 741 957 830 Epheso
977 769 996 810 a
1035 747 1204 834 Smyrnam

134 825 350 910 obsidendam
357 829 462 894 misit:
485 841 528 910 et,
560 851 608 893 uae
623 830 731 916 Abydi
745 830 847 914 copias
860 842 961 910 erant,
976 832 1126 916 praesidio
1135 846 1205 898 ten-

137 920 205 978 tum
233 913 364 984 modico
389 915 511 992 relicto,
535 851 610 980 duci
638 915 679 980 ad
709 915 922 1002 Lampsacum
945 917 1204 1006 ‘obpugnandum

134 997 242 1084 jussit.
288 1000 357 1067 Nec
379 1003 411 1066 vi
439 1013 564 1068 tanturn
589 1001 743 1067 terrebat:
777 1001 842 1081 sed,-
866 1023 924 1088 per
949 1003 1069 1092 legatos
1093 1005 1206 1072 leniter

136 1085 188 1152 adl
238 1086 346 1156 uendo
359 1087 603 1178 castigandoque
617 1089 827 1154 temeritatem
842 1102 874 1154 et
887 1090 1104 1176 pertinaciam,
1117 1113 1206 1178 spem
1234 1093 1237 1104 '

137 1109 319 1240 conantur
329 1173 440 1254 facere,
457 1174 555 1254 brevi,
566 1197 639 1262 quse
652 1187 805 1261 peterent,
815 1174 994 1254 habituros3
1006 1178 1093 1243 ⁹⁵sed
1107 1201 1207 1265 quum

138 1257 214 1324 satis
224 1259 360 1346 stipsis,
375 1273 407 1327 et
421 1259 568 1327 omnibus
581 1261 652 1326 aliis
666 1261 843 1347 adpareret,
859 1262 900 1327 ab
914 1284 989 1350 rege
1003 1265 1206 1349 impetratam

107 1383 116 1402 ·
139 1363 192 1409 ecs
217 1345 410 1427 libertatern,
426 1369 490 1414 non
515 1369 574 1433 per
597 1348 791 1413 occasionem
814 1349 1099 1434 raptam,.hebere.
1141 1353 1207 1416 Ad-

139 1433 960 1620 tithttttttllittltlilttttfftt
967 1458 1208 1609 mitt.

139 1606 247 1670 animo
254 1616 450 1689 paterentur.
495 1565 570 1691 Ipse
583 1605 675 1674 initio
688 1608 779 1684 veris,
791 1609 924 1672 navlbus
938 1610 978 1671 ab
990 1607 1118 1693 Epheso
1131 1631 1207 1696 pro-

140 1687 252 1768 iectus,
280 1691 526 1780 Hellespontum
596 1693 652 1760 tit:
682 1706 843 1759 terrestres
871 1693 978 1780 copies
1000 1694 1205 1782 ⁹⁶Madytum

140 1777 268 1863 trajicit,
302 1778 492 1845 Chersonesi
521 1802 559 1844 ur
582 1802 652 1846 emt
689 1780 831 1846 terrestri
861 1779 1003 1845 navalem
1032 1781 1205 1846 exercitum
1215 1805 1345 1854 cm,

136 1864 255 1948 junxit.
278 1877 323 1947 et,
347 1866 422 1953 quia
443 1865 620 1932 clauserant
645 1877 761 1952 portas,
783 1865 995 1932 circumdedit
1016 1868 1133 1932 moenia
1155 1884 1266 1931 αι’-πω
1277 1885 1348 1919 0⁰2⁰·

137 1952 246 2030 matis,
262 1951 330 2017 ⁹⁷ct
338 1952 406 2038 jam
428 1975 526 2040 opera
550 1953 741 2034 admoventi,
757 1951 877 2018 deditio
898 1966 945 2019 est
966 1953 1065 2019 facta:
1087 1941 1264 2020 ”insuti

140 2051 247 2102 metus
262 2049 331 2103 turn
353 2038 525 2104 incolentes
546 2037 623 2104 alias
639 2039 831 2104 Chersonesi
844 2043 939 2104 urbes
958 2039 991 2105 in
1012 2040 1206 2106 deditionem

139 2121 244 2189 dedit.
290 2123 524 2210 Lysimachiam
539 2125 614 2190 inde
635 2125 783 2190 omnibns
802 2125 896 2190 simul
916 2126 1082 2192 navalibus
1096 2139 1210 2192 terres·

139 2209 309 2298 tribusque
335 2212 434 2297 copiis
459 2212 553 2277 venit.
581 2234 676 2298 quam
703 2233 801 2299 quum
828 2211 983 2278 desertam
1014 2235 1050 2278 ac
1078 2225 1209 2279 stratam

139 2307 246 2382 prope
268 2297 370 2362 ruinis
392 2298 758 2399 invenisset·(ceperant
778 2312 895 2377 autem,
917 2300 1137 2386 direptamque
1162 2302 1210 2365 iu·

27 2397 28 2416 ¹
138 2383 316 2450 cecderunt
331 2383 472 2450 Thraces
497 2405 606 2471 paucis
628 2396 704 2450 ante
726 2387 830 2467 annis)
853 2385 970 2470 cupido
989 2408 1062 2452 eum
1084 2386 1208 2452 restitu-

140 2470 217 2536 endi
232 2469 373 2535 nobilem
387 2472 511 2549 urbem,
526 2485 560 2537 et
580 2471 652 2536 loco
671 2472 763 2537 sitem
787 2485 979 2557 opportuno,
1002 2473 1096 2559 cepit.
1142 2472 1208 2539 Its-

141 2578 205 2642 que
226 2557 317 2621 omni
338 2579 416 2622 cura
429 2557 524 2623 simul
538 2572 584 2622 est
598 2559 763 2646 adgressus
776 2572 809 2624 et
822 2572 915 2638 tecta,
932 2581 1102 2647 mutesque
1117 2562 1210 2626 resti·

141 2651 243 2721 tuere,
259 2655 293 2708 et
305 2645 422 2729 partim
437 2644 592 2710 redimere
609 2646 778 2710 servientes
792 2645 1075 2732 Lysimachicnses‚
1090 2649 1206 2731 partim
1216 2663 1323 2724 uptus

140 2727 219 2816 fug'a
233 2751 360 2814 sparsos
374 2752 431 2817 per
441 2730 686 2818 Hellespontum
703 2730 1000 2818 Chersonesumque
1021 2736 1208 2819 conquirere
1216 2730 1293 2804 enjus
1304 2728 1372 2774 ‘⁸¹¹¹'

141 2817 412 2904 contraherequc:
446 2819 561 2902 partim
592 2839 692 2882 novos
717 2817 857 2894 colonos,
883 2841 938 2903 spe
967 2819 1208 2883 commodorum
1216 2799 1272 2840 ¹⁰¹¹·

142 2903 322 3052 ffposm'
336 2903 524 2983 adscribere,
543 2917 575 2970 et
598 2904 800 2968 omnimodo
824 2903 1032 2989 frequentare.
1055 2905 1149 2968 simul
1174 2917 1210 2970 ut

200 3011 312 3056 recum
336 2990 576 3056 submoveretur
597 3003 711 3068 metus,
733 2990 801 3075 ipse
826 3004 917 3074 parte
939 2989 1073 3054 dimidia
1096 3004 1211 3055 terres·

142 3075 241 3140 trium
256 3075 421 3161 copiarum
437 3077 478 3142 ad
487 3077 747 3164 depopulandum
757 3077 907 3163 proxima
918 3076 1066 3141 Thraciae
1075 3089 1122 3141 est
1135 3098 1210 3160 pro-

143 3159 262 3227 iectus:
287 3175 409 3246 partem
431 3164 619 3252 navalesque
632 3163 734 3228 socios
748 3186 857 3228 omncs
873 3164 999 3251 reliquit
1013 3167 1046 3228 in
1061 3165 1210 3249 operibus

143 3248 438 3316 reficiendaessuruis.
720 3307 724 3314 .

480 3340 526 3388 tte
537 3339 616 3396 Puta
625 3341 785 3398 hmctuclatr
803 3342 880 3390 (iton.

176 3446 209 3490 94
229 3439 296 3496 Quor
315 3442 341 3487 irc
359 3436 450 3505 Theba]
471 3443 547 3490 Locus
563 3443 662 3501 immor,
694 3457 748 3490 ros:
768 3443 807 3488 sed
821 3442 989 3500 tumdsmcm,
1001 3444 1211 3502 quum-constaret

145 3507 184 3552 cni
199 3506 289 3553 mederi
302 3505 353 3554 sine
362 3507 428 3554 libris
439 3520 488 3553 non
499 3507 551 3570 opis
561 3514 597 3554 cst
609 3521 663 3555 nos·
695 3523 745 3556 eam
763 3508 912 3569 impetratam
929 3507 960 3554 ab
978 3521 1042 3569 rege,
1053 3520 1103 3553 non
1117 3515 1211 3568 raptam

144 3574 202 3618 tter
220 3571 324 3634 *recisit
339 3573 377 3622 his
392 3571 500 3630 vocibus,
512 3585 595 3619 sensns
606 3587 663 3620 con·
694 3584 736 3634 per
752 3573 908 3620 occasionem.
940 3573 1037 3635 Vuigcti
1054 3573 1108 3619 iibri
1124 3572 1211 3620 vitiose

144 3639 202 3686 nst.
233 3634 462 3702 normannica
491 3637 531 3684 hic
557 3642 663 3685 veterum
695 3639 794 3696 hahent,
804 3639 964 3686 attentantis.
992 3639 1211 3698 Lectioncmqnam

146 3703 267 3753 editorum
287 3703 421 3751 lection..
449 3703 548 3766 Vaigeti
566 3703 665 3763 habent,
697 3705 817 3764 sequimur
829 3707 919 3750 exstem
932 3704 966 3749 cit
975 3703 1112 3750 Gronovius
1129 3705 1154 3749 in
1172 3717 1212 3750 co-

145 3781 205 3828 quos
223 3769 358 3818 aemulata
376 3769 440 3830 qnod
457 3769 487 3816 ab
503 3769 570 3816 inani
586 3769 666 3818 nescio
697 3770 748 3816 dice
759 3769 916 3830 moguntino,
925 3773 949 3814 et
960 3769 1050 3815 Aldina
1060 3769 1172 3816 editione

145 3836 216 3896 cajus
227 3835 516 3896 conjectnmprofectnm,
527 3847 599 3896 quum
610 3848 664 3895 pos·
728 3836 760 3884 96
776 3827 916 3896 Madytum]
941 3833 980 3880 Sic
1001 3834 1135 3882 emendavit
1155 3834 1212 3880 Gir·

144 3911 171 3946 sc
187 3901 310 3949 videretur
324 3899 385 3948 tersa
403 3899 479 3962 specis
494 3901 604 3947 ssnhatis
620 3899 665 3946 im·
696 3912 790 3954 manus,
803 3913 875 3959 quum
896 3899 958 3946 mele
975 3898 1032 3946 oiim
1051 3900 1169 3962 legeretur
1181 3899 1215 3945 ad

145 3976 245 4028 panon,
272 3967 364 4015 diutins
393 3967 433 4014 hic
458 3966 509 4026 peti
536 3965 664 4012 noluimus.
696 3965 815 4027 Abydum.

146 4032 287 4080 Gronovius
298 4030 663 4108 suspicaturquucitnbefidest,
729 4035 760 4079 97
776 4023 885 4092 Etjcm]
902 4027 989 4078 Melius
1003 4029 1116 4090 rodjam
1140 4029 1210 4072 Gno-

148 4096 665 4210 n.
697 4107 934 4209 utras...
948 4167 1000 4206 ..
1015 4149 1149 4230 Μ
1165 4155 1210 4231 ..

147 4235 257 4290 mnam
266 4227 368 4275 videtur.
697 4231 747 4273 tere
758 4226 851 4272 videtur
862 4225 958 4288 aliquod
966 4226 1050 4272 vitium
1063 4223 1087 4266 in
1098 4221 1135 4264 ins
1147 4231 1213 4265 rocr-

181 4299 214 4343 95
230 4293 282 4340 Sed
296 4307 369 4355 psum
383 4289 455 4355 amir]
471 4287 599 4340 Pollioetur
614 4293 667 4338 Am
698 4291 743 4340 hus
755 4297 806 4338 tum
815 4293 949 4351 incolentes,
958 4303 1009 4352 quac
1018 4288 1132 4334 etoticse
1141 4289 1210 4342 sunt,
1327 4339 1331 4349 Ι

149 4357 247 4406 tischar
263 4357 523 4419 lmpncenis‚.brevi
550 4369 591 4404 ecs
613 4371 666 4417 quae
698 4358 896 4415 etineicguntcs.¹

150 4427 269 4484 maesti,
282 4421 375 4488 'nempe
402 4423 549 4481 libertatem,
568 4421 664 4470 habitu·
725 4445 727 4452 ι
808 4449 812 4452 -
1024 4415 1037 4446 ⁸
