3126 4978
342 255 402 311 ros
722 248 834 310 rrrr
864 251 1003 312 arvrr
1042 217 1045 224 ’

181 431 316 481 numu
341 411 490 478 ohortum
507 410 659 499 Scipioni,
675 421 707 476 et
722 407 899 514 subjecisse.
944 413 1099 492 Quidnam
1122 423 1155 478 ra
1175 415 1298 495 dicerer,
1313 416 1402 482 sime

180 497 249 545 Ml·
263 502 317 548 ¹⁹³·
342 499 483 565 ammes?
510 500 588 564 ihm
609 520 657 562 me
676 501 936 586 nero,1nquit,er
958 511 1031 566 ante
1043 500 1261 580 Alexandrum,
1284 512 1315 568 et
1328 515 1400 568 cate

343 587 509 686 Pyrrhum,
519 595 550 649 et
563 595 744 650 arbonam
754 585 831 652 alios
839 586 1032 670 imperatores
1040 608 1113 653 esse.
1151 587 1194 653 Et
1207 588 1397 674 perplexum

344 671 467 736 Punico
495 685 564 737 astu
593 691 790 757 responsam,
819 685 851 738 et
875 673 1070 758 inprovisum
1095 672 1318 740 adsentationis

292 753 295 763 ’
342 777 402 822 nus
418 757 598 842 Scipionem
614 757 754 834 movisse,
770 758 857 844 quod
871 781 889 824 e
902 779 1000 846 grege
1018 781 1051 828 se
1071 759 1297 845 imperatorum
1311 775 1398 827 veut

342 843 592 909 inoestimsbilem
609 844 800 910 secrevisset.

384 930 460 995 XV.
483 929 597 994 Villius
610 929 652 994 ab
666 927 794 1014 Epheso
808 933 981 1017 Apameam
1000 923 1161 1017 processit
1183 953 1222 998 eo
1235 944 1269 998 et
1281 933 1396 998 Antio-

342 1015 432 1094 chus,
461 1016 571 1081 audito
600 1015 819 1081 Romanorum
855 1016 1031 1106 legatorum
1060 1017 1208 1097 adventu,
1237 1018 1395 1085 obcurrit:

343 1104 497 1188 Apameae
517 1102 692 1190 congressis
712 1101 898 1188 disceptatio
911 1104 1019 1169 eadem
1041 1103 1139 1170 lerme
1151 1103 1220 1182 luit,
1233 1127 1306 1192 quae
1329 1105 1398 1170 Ro·

343 1209 404 1252 moe
419 1189 501 1254 iuter
516 1188 702 1265 Quinctium
718 1200 750 1253 et
771 1188 891 1278 legatos
911 1189 995 1278 regis
1015 1189 1126 1256 fuerat.
1148 1190 1398 1258 morsuuncista

342 1275 504 1354 Antiochi,
519 1274 577 1340 filii
598 1275 692 1363 regis,
707 1297 802 1361 quem
824 1277 952 1341 missum
974 1276 1083 1362 paullo
1097 1287 1171 1343 uate
1195 1276 1338 1343 dixeram
1362 1278 1396 1344 iu

344 1362 481 1446 Syriam,
500 1361 627 1427 diremit
647 1361 827 1448 conloquia.
872 1359 1013 1450 Magnus
1034 1362 1138 1428 luctus
1162 1363 1199 1428 in
1216 1364 1304 1452 regia
1324 1363 1395 1442 suit,

342 1447 557 1536 magnumque
570 1449 636 1535 ejus
644 1448 768 1534 juvenis
789 1448 987 1514 desiderium.
1008 1448 1041 1514 id
1055 1448 1141 1514 enirn
1149 1449 1217 1536 jam
1236 1449 1398 1534 specimen

342 1534 393 1599 sui
403 1534 599 1614 dederetur,
614 1537 638 1599 si
655 1535 719 1599 vita
737 1533 862 1624 longior
872 1535 1064 1624 contigisset,
1073 1535 1183 1624 magni
1188 1535 1327 1622 justique
1347 1557 1397 1601 re·

341 1621 391 1708 gis
411 1621 444 1686 in
459 1643 498 1687 eo
519 1620 658 1705 indolem
680 1619 776 1686 fuisse
789 1621 966 1710 adpareret.
1010 1621 1086 1698 Quo
1107 1623 1209 1686 carior
1222 1623 1397 1709 acceptior-

341 1729 405 1793 que
418 1707 567 1774 omnibus
581 1722 659 1786 erat,
671 1727 710 1772 eo
724 1727 810 1774 mors
824 1709 890 1796 ejus
904 1709 1077 1794 suspectior
1096 1706 1168 1786 luit,
1206 1731 1310 1774 ravam
1326 1731 1398 1775 sao·

341 1815 499 1860 cessorem
514 1815 589 1860 eum
602 1796 718 1860 instare
735 1789 973 1860 senectuti‘suae
991 1810 1114 1896 petrem
1133 1815 1151 1858 c
1209 1807 1324 1874 enum,
1340 1817 1398 1880 per

341 1881 496 1966 spadones
521 1879 685 1967 quosdam,
709 1881 821 1947 talium
846 1881 1028 1946 ministeriis
1049 1879 1224 1948 facinorum
1250 1893 1397 1967 acceptos

341 1967 478 2053 regibus,
494 1987 615 2032 veneno
636 1965 804 2032 sustulisse.
850 1967 928 2034 Eam
951 1989 1077 2056 quoque
1095 1987 1235 2033 caussam
1255 1967 1397 2033 clandes-

340 2224 507 2310 proculab
522 2224 692 2291 sehonore
712 2247 785 2291 eum
808 2162 936 2314 guoque
956 2226 1125 2314 ablegaret,
1140 2247 1205 2291 nou
1225 2187 1395 2293 habhitset.

342 2310 457 2398 Msgni
472 2325 578 2377 temen
592 2311 696 2378 luctus
709 2312 829 2399 species
850 2333 908 2396 per
929 2311 1051 2399 aliquot
1065 2312 1131 2377 dies
1144 2313 1263 2400 regiam
1279 2315 1394 2380 tenuit:

305 2469 307 2473 ⁸
339 2397 523 2486 legatusque
549 2399 725 2478 Romanus,
748 2421 788 2463 ne
803 2398 913 2465 alieno
933 2412 1076 2485 tempore
1098 2397 1319 2466 incommodus
1337 2399 1396 2466 ob-

318 2496 526 2563 ¹versaretur,
552 2485 743 2573 Pergamum
769 2487 930 2550 concessit
976 2485 1048 2550 Rex
1070 2483 1241 2569 Ephesum,
1266 2486 1394 2566 omisso,

339 2571 427 2656 quod
441 2571 653 2648 inchoaverat,
669 2571 764 2648 bello,
780 2571 882 2636 rediit
897 2571 952 2649 ibi,
967 2592 1025 2657 per
1040 2571 1160 2636 luctum
1178 2569 1266 2656 regia
1280 2573 1396 2652 clausa,

339 2679 414 2722 cum
429 2656 578 2723 Minione'
591 2657 741 2744 quodam,
753 2658 808 2744 qui
822 2658 969 2744 princeps
984 2657 1158 2722 amicorum
1172 2657 1240 2744 ejus
1254 2671 1333 2742 erat,
1348 2681 1397 2725 se-

340 2755 426 2810 creta
445 2744 576 2808 consilia
601 2744 741 2832 agitavit.
786 2743 903 2822 Minio,
925 2745 1055 2832 ignaua
1082 2743 1225 2809 omniurn
1248 2756 1398 2812 externo-

339 2851 423 2906 rum,
439 2830 754 2918 viresquesestimans
773 2831 856 2920 regis
869 2830 946 2895 ⁴⁸eu
961 2829 1055 2903 rebus
1077 2832 1110 2894 iu
1130 2829 1222 2929 Syria
1243 2841 1299 2895 sut
1317 2831 1397 2897 Asia

338 2915 1396 3090 tilithi,ttitt¹¹.t‘¹t.⁵ti;l⁰.zt“¹ntt²ttrite'td

879 3047 893 3086 ,θ
1382 3042 1398 3055 “

339 3111 411 3154 rum
433 3089 589 3156 credebat.
636 3089 784 3178 Fugienti
809 3091 877 3177 regi
899 3089 1156 3175 disceptationem
1178 3108 1251 3152 cum
1286 3091 1396 3178 egetis,

340 3199 394 3242 seu
410 3176 472 3242 'am
488 3187 621 3262 experto
635 3197 703 3240 eam
720 3175 824 3240 miuus
843 3197 1107 3260 prosperam,seu
1124 3194 1260 3240 moerore
1278 3177 1397 3242 receuti

340 3283 400 3326 con
437 3285 482 3340 so,
499 3260 654 3347 professus
670 3260 786 3340 Minio,
802 3283 845 3338 se,
860 3283 934 3349 quse
955 3282 1014 3348 pro
1035 3283 1145 3326 caussa
1165 3271 1277 3341 essent,
1293 3261 1398 3328 dictu·

340 3369 423 3424 rum,
480 3349 603 3427 rsaasit,
619 3359 656 3412 ut
670 3371 687 3413 a
703 3347 861 3436 Pergamo
875 3358 1105 3412 arcesserentur
1118 3347 1225 3435 legati.

180 3453 310 3516 camoqu-
386 3433 422 3498 X
456 3434 484 3501 1.
506 3433 578 3500 Jam
594 3433 795 3500 convaluerat
811 3432 984 3520 Sulpicius:
1008 3435 1114 3521 itaque
1127 3434 1222 3500 ambo
1234 3429 1397 3519 Ephesum

177 3533 220 3568 ω
231 3521 321 3582 ἰτὼ·
342 3532 506 3586 venerunt.
552 3521 625 3586 Rex
639 3545 658 3586 a
674 3520 822 3586 Minioue
843 3533 1019 3599 excusatus,
1034 3534 1066 3586 ct
1085 3520 1213 3585 ahsente
1228 3541 1268 3586 co
1281 3539 1331 3585 res
1344 3543 1398 3671 app

1335 3629 1356 3670 α
1385 3655 1398 3690 r

179 3586 311 3698 {ffiffl
341 3617 450 3709 coepto
463 3618 519 3671 est.
564 3606 614 3671 Ibi
632 3619 812 3694 praeparata
832 3607 975 3673 oratione
996 3605 1117 3684 Mini03
1139 3607 1277 3692 specioso
1299 3607 1334 3670 tit

179 3716 258 3766 orons
342 3695 455 3781 inquit,
478 3695 525 3758 uti
544 3715 606 3772 vos,
631 3695 776 3773 Romani,
795 3692 971 3760 Groecanrm
992 3693 1152 3759 ciuitatium
1178 3693 1398 3758 liberandarum

340 3779 442 3847 aldea.-
463 3775 613 3862 sedsaota
626 3790 726 3846 aestro
739 3781 868 3846 numni
881 3801 940 3844 uon
954 3780 1128 3844 consenuit
1132 3813 1144 3853 ,-
1161 3789 1190 3842 el
1204 3777 1321 3842 “aliud
1331 3779 1397 3842 Αιι-

339 3863 518 3951 tiochojum'e
530 3867 687 3944 stotairtis,
704 3867 763 3930 olio
776 3867 833 3950 ipsi
850 3867 980 3933 utimini.
1005 3867 1066 3940 Qui
1085 3865 1160 3929 euim
1179 3864 1280 3950 magis
1292 3865 1398 3948 Smyr-

338 3954 399 4018 aaei
408 3953 671 4039 Lampsacenique
683 3953 786 4017 Graeci
798 3962 879 4032 aunt,
895 3974 984 4038 qaum
995 3951 1200 4034 Neapolitani,
1211 3960 1240 4014 et
1251 3949 1398 4035 Rhegini,

347 4096 350 4108 ¹
374 4084 406 4142 47
425 4091 458 4138 Ur
466 4091 589 4153 proculab
602 4106 627 4138 re
637 4091 723 4143 herrm
737 4104 855 4152 ampsa-
886 4105 970 4138 meum
1001 4089 1151 4151 Philopatore
1186 4099 1262 4149 regem
1290 4085 1399 4148 AEryptr,

323 4207 326 4211 ,
343 4171 387 4220 que
397 4153 529 4219 allegaret]
540 4157 644 4214 Horrore,
657 4157 737 4214 idest,
752 4170 794 4216 per
810 4156 853 4203 ho·
887 4155 949 4203 haud
965 4168 1021 4204 saue
1037 4153 1225 4210 wotemueade,
1237 4157 1399 4200 memorantur

343 4233 434 4278 norem,
446 4236 486 4282 per
498 4223 597 4284 speciem
609 4219 714 4268 honoris.
887 4235 901 4268 a
911 4219 1018 4280 Polybio,
1026 4217 1084 4264 libb.
1096 4218 1137 4265 lv.
1149 4215 1211 4264 etv.

375 4293 406 4332 48
424 4287 467 4336 Ec
477 4289 545 4334 rebar
555 4289 582 4332 irs
592 4285 666 4348 Syrio
677 4293 720 4332 aut
730 4285 791 4332 Asia
800 4300 853 4346 ges·
919 4291 951 4333 49
967 4283 1045 4330 Aliud
1052 4283 1170 4330 Arenata
1181 4281 1250 4344 juris
1265 4277 1400 4348 statuistis]

344 4347 388 4411 tir]
405 4351 456 4397 iles
470 4353 542 4412 gestas
564 4350 689 4408 Antiochi,
709 4351 795 4412 partim
815 4352 857 4398 ad·
888 4351 941 4400 lma
951 4350 1068 4398 statuitis.
1094 4349 1153 4400 iac.
1165 4349 1325 4396 Gronovius.

344 4427 423 4462 versus
435 4416 541 4476 rebelles,
553 4416 637 4476 partim
654 4417 763 4464 adversus
778 4417 854 4464 Ptole·
