<?xml version="1.0" encoding="UTF-8"?>
<!DOCTYPE html PUBLIC "-//W3C//DTD XHTML 1.0 Transitional//EN"
    "http://www.w3.org/TR/xhtml1/DTD/xhtml1-transitional.dtd">
<html xmlns="http://www.w3.org/1999/xhtml" xml:lang="en" lang="en">
 <head>
  <title>
</title>
<meta http-equiv="Content-Type" content="text/html;charset=utf-8" />
  <meta name='ocr-system' content='tesseract 3.04.00' />
  <meta name='ocr-capabilities' content='ocr_page ocr_carea ocr_par ocr_line ocrx_word'/>
</head>
<body>
  <div class='ocr_page' id='page_1' title='image "./tliviipatavinih04crevgoog_0443.png"; bbox 0 0 3082 4976; ppageno 0'>
   <div class='ocr_carea' id='block_1_1' title="bbox 348 149 1033 212">
    <p class='ocr_par' dir='ltr' id='par_1_1' title="bbox 348 149 1033 212">
     <span class='ocr_line' id='line_1_1' title="bbox 348 149 1033 212; baseline -0.003 0"><span class='ocrx_word' id='word_1_1' title='bbox 348 151 408 212; x_wconf 76' lang='lat'><em>436</em></span> <span class='ocrx_word' id='word_1_2' title='bbox 748 149 864 211; x_wconf 85' lang='grc' dir='ltr'>ΤΙΤΙ</span> <span class='ocrx_word' id='word_1_3' title='bbox 892 149 1033 210; x_wconf 83' lang='lat' dir='ltr'><em>L1v11</em></span> 
     </span>
    </p>
   </div>
   <div class='ocr_carea' id='block_1_2' title="bbox 183 314 1428 2466">
    <p class='ocr_par' dir='ltr' id='par_1_2' title="bbox 183 314 1428 571">
     <span class='ocr_line' id='line_1_2' title="bbox 185 314 1428 400; baseline 0.002 -22"><span class='ocrx_word' id='word_1_4' title='bbox 185 321 216 369; x_wconf 84' lang='lat' dir='ltr'><em>U·</em></span> <span class='ocrx_word' id='word_1_5' title='bbox 226 323 254 368; x_wconf 80' lang='lat'><em>⁰·</em></span> <span class='ocrx_word' id='word_1_6' title='bbox 266 327 321 370; x_wconf 75' lang='lat'><em>⁶⁶⁰·</em></span> <span class='ocrx_word' id='word_1_7' title='bbox 346 335 427 400; x_wconf 87' lang='lat' dir='ltr'><em>que:</em></span> <span class='ocrx_word' id='word_1_8' title='bbox 450 317 604 399; x_wconf 86' lang='lat' dir='ltr'><em>qnoniam,</em></span> <span class='ocrx_word' id='word_1_9' title='bbox 615 317 763 399; x_wconf 80' lang='lat' dir='ltr'><em>prataria</em></span> <span class='ocrx_word' id='word_1_10' title='bbox 777 316 964 399; x_wconf 70' lang='lat' dir='ltr'><em>anegaudi</em></span> <span class='ocrx_word' id='word_1_11' title='bbox 976 316 1100 378; x_wconf 83' lang='lat' dir='ltr'><em>comitia</em></span> <span class='ocrx_word' id='word_1_12' title='bbox 1115 335 1153 378; x_wconf 86' lang='lat' dir='ltr'><em>ne</em></span> <span class='ocrx_word' id='word_1_13' title='bbox 1166 314 1428 400; x_wconf 79' lang='lat' dir='ltr'><em>legibuafiarent,</em></span> 
     </span>
     <span class='ocr_line' id='line_1_3' title="bbox 183 387 1428 484; baseline 0 -19"><span class='ocrx_word' id='word_1_14' title='bbox 183 387 215 433; x_wconf 61' lang='grc' dir='ltr'><em>Α·</em></span> <span class='ocrx_word' id='word_1_15' title='bbox 226 387 254 433; x_wconf 80' lang='lat'><em>⁰·</em></span> <span class='ocrx_word' id='word_1_16' title='bbox 269 393 323 437; x_wconf 77' lang='lat'><strong>¹⁸⁴·</strong></span> <span class='ocrx_word' id='word_1_17' title='bbox 340 403 521 484; x_wconf 81' lang='lat' dir='ltr'><em>pertinacia</em></span> <span class='ocrx_word' id='word_1_18' title='bbox 541 403 579 476; x_wconf 84' lang='lat' dir='ltr'><em>Q.</em></span> <span class='ocrx_word' id='word_1_19' title='bbox 595 403 703 466; x_wconf 83' lang='lat' dir='ltr'><em>Flacci</em></span> <span class='ocrx_word' id='word_1_20' title='bbox 721 411 751 466; x_wconf 86' lang='lat' dir='ltr'><em>et</em></span> <span class='ocrx_word' id='word_1_21' title='bbox 766 403 991 484; x_wconf 62' lang='lat' dir='ltr'><em>praestaria</em></span> <span class='ocrx_word' id='word_1_22' title='bbox 1004 401 1155 463; x_wconf 76' lang='lat' dir='ltr'><em>hominnm</em></span> <span class='ocrx_word' id='word_1_23' title='bbox 1168 404 1359 484; x_wconf 82' lang='lat' dir='ltr'><em>inpedirent,</em></span> <span class='ocrx_word' id='word_1_24' title='bbox 1375 425 1428 465; x_wconf 81' lang='lat' dir='ltr'><em>aa·</em></span> 
     </span>
     <span class='ocr_line' id='line_1_4' title="bbox 346 487 1427 571; baseline -0.001 -21"><span class='ocrx_word' id='word_1_25' title='bbox 346 497 452 550; x_wconf 83' lang='lat' dir='ltr'><em>natam</em></span> <span class='ocrx_word' id='word_1_26' title='bbox 467 509 595 564; x_wconf 84' lang='lat' dir='ltr'><em>censere,</em></span> <span class='ocrx_word' id='word_1_27' title='bbox 611 490 689 554; x_wconf 82' lang='lat' dir='ltr'><em>satis</em></span> <span class='ocrx_word' id='word_1_28' title='bbox 697 497 867 570; x_wconf 72' lang='lat' dir='ltr'><em>praeeram</em></span> <span class='ocrx_word' id='word_1_29' title='bbox 881 507 959 550; x_wconf 83' lang='lat' dir='ltr'><em>esse.-</em></span> <span class='ocrx_word' id='word_1_30' title='bbox 981 487 1023 550; x_wconf 94' lang='lat' dir='ltr'><em>P.</em></span> <span class='ocrx_word' id='word_1_31' title='bbox 1042 488 1199 551; x_wconf 82' lang='lat' dir='ltr'><em>Cornelius</em></span> <span class='ocrx_word' id='word_1_32' title='bbox 1210 497 1371 571; x_wconf 79' lang='lat' dir='ltr'><em>atramque</em></span> <span class='ocrx_word' id='word_1_33' title='bbox 1388 491 1427 550; x_wconf 84' lang='lat' dir='ltr'><em>in</em></span> 
     </span>
    </p>

    <p class='ocr_par' dir='ltr' id='par_1_3' title="bbox 184 571 1426 2466">
     <span class='ocr_line' id='line_1_5' title="bbox 347 571 1311 658; baseline -0.001 -22"><span class='ocrx_word' id='word_1_34' title='bbox 347 573 421 636; x_wconf 82' lang='lat' dir='ltr'><em>arbe</em></span> <span class='ocrx_word' id='word_1_35' title='bbox 423 572 674 655; x_wconf 81' lang='lat' dir='ltr'><em>jurisdictionem</em></span> <span class='ocrx_word' id='word_1_36' title='bbox 689 573 824 648; x_wconf 79' lang='lat' dir='ltr'><em>liaberet,</em></span> <span class='ocrx_word' id='word_1_37' title='bbox 840 571 866 610; x_wconf 75' lang='lat'><em>⁴⁸</em></span> <span class='ocrx_word' id='word_1_38' title='bbox 871 571 1074 655; x_wconf 83' lang='lat' dir='ltr'><em>Apollinique</em></span> <span class='ocrx_word' id='word_1_39' title='bbox 1086 573 1311 658; x_wconf 74' lang='lat' dir='ltr'><em>ladossacaret.</em></span> 
     </span>
     <span class='ocr_line' id='line_1_6' title="bbox 185 657 1425 742; baseline 0 -20"><span class='ocrx_word' id='word_1_40' title='bbox 185 663 327 712; x_wconf 68' lang='lat' dir='ltr'><em>contsutio-</em></span> <span class='ocrx_word' id='word_1_41' title='bbox 392 658 470 722; x_wconf 88' lang='lat' dir='ltr'><em>XL.</em></span> <span class='ocrx_word' id='word_1_42' title='bbox 496 659 560 724; x_wconf 91' lang='lat' dir='ltr'><em>His</em></span> <span class='ocrx_word' id='word_1_43' title='bbox 585 659 720 723; x_wconf 90' lang='lat' dir='ltr'><em>comitiis</em></span> <span class='ocrx_word' id='word_1_44' title='bbox 740 657 911 742; x_wconf 87' lang='lat' dir='ltr'><em>prudentia</em></span> <span class='ocrx_word' id='word_1_45' title='bbox 932 670 965 722; x_wconf 91' lang='lat' dir='ltr'><em>et</em></span> <span class='ocrx_word' id='word_1_46' title='bbox 986 658 1102 722; x_wconf 90' lang='lat' dir='ltr'><em>virtute</em></span> <span class='ocrx_word' id='word_1_47' title='bbox 1126 671 1254 723; x_wconf 87' lang='lat' dir='ltr'><em>senatus</em></span> <span class='ocrx_word' id='word_1_48' title='bbox 1275 658 1425 735; x_wconf 86' lang='lat' dir='ltr'><em>sublatis,</em></span> 
     </span>
     <span class='ocr_line' id='line_1_7' title="bbox 184 731 1425 840; baseline 0.001 -32"><span class='ocrx_word' id='word_1_49' title='bbox 184 731 265 840; x_wconf 47' lang='grc' dir='ltr'><em>ἓξὲξ*</em></span> <span class='ocrx_word' id='word_1_50' title='bbox 276 744 332 778; x_wconf 72' lang='lat'><strong>⁰⁸¹¹·</strong></span> <span class='ocrx_word' id='word_1_51' title='bbox 348 743 409 808; x_wconf 89' lang='lat' dir='ltr'><em>alia</em></span> <span class='ocrx_word' id='word_1_52' title='bbox 426 745 553 830; x_wconf 87' lang='lat' dir='ltr'><em>majoris</em></span> <span class='ocrx_word' id='word_1_53' title='bbox 574 744 766 821; x_wconf 79' lang='lat' dir='ltr'><em>certaminis,</em></span> <span class='ocrx_word' id='word_1_54' title='bbox 782 765 847 829; x_wconf 89' lang='lat' dir='ltr'><em>quo</em></span> <span class='ocrx_word' id='word_1_55' title='bbox 861 757 893 808; x_wconf 91' lang='lat' dir='ltr'><em>et</em></span> <span class='ocrx_word' id='word_1_56' title='bbox 913 743 1034 828; x_wconf 88' lang='lat' dir='ltr'><em>majore</em></span> <span class='ocrx_word' id='word_1_57' title='bbox 1049 741 1089 807; x_wconf 89' lang='lat' dir='ltr'><em>de</em></span> <span class='ocrx_word' id='word_1_58' title='bbox 1103 763 1148 820; x_wconf 87' lang='lat' dir='ltr'><em>re,</em></span> <span class='ocrx_word' id='word_1_59' title='bbox 1163 755 1196 808; x_wconf 92' lang='lat' dir='ltr'><em>et</em></span> <span class='ocrx_word' id='word_1_60' title='bbox 1213 746 1295 808; x_wconf 90' lang='lat' dir='ltr'><em>inter</em></span> <span class='ocrx_word' id='word_1_61' title='bbox 1309 745 1425 828; x_wconf 88' lang='lat' dir='ltr'><em>plures</em></span> 
     </span>
     <span class='ocr_line' id='line_1_8' title="bbox 242 825 1426 916; baseline -0.002 -22"><span class='ocrx_word' id='word_1_62' title='bbox 242 825 249 841; x_wconf 82' lang='lat'>&#39;</span> <span class='ocrx_word' id='word_1_63' title='bbox 346 831 605 916; x_wconf 89' lang='lat' dir='ltr'><em>potentioresque</em></span> <span class='ocrx_word' id='word_1_64' title='bbox 624 831 718 909; x_wconf 89' lang='lat' dir='ltr'><em>viros,</em></span> <span class='ocrx_word' id='word_1_65' title='bbox 735 843 808 894; x_wconf 89' lang='lat' dir='ltr'><em>sunt</em></span> <span class='ocrx_word' id='word_1_66' title='bbox 828 841 954 894; x_wconf 87' lang='lat' dir='ltr'><em>exorta.</em></span> <span class='ocrx_word' id='word_1_67' title='bbox 1000 829 1174 894; x_wconf 66' lang='lat' dir='ltr'><em>&amp;neuram</em></span> <span class='ocrx_word' id='word_1_68' title='bbox 1195 852 1319 894; x_wconf 90' lang='lat' dir='ltr'><em>summa</em></span> <span class='ocrx_word' id='word_1_69' title='bbox 1341 853 1426 896; x_wconf 91' lang='lat' dir='ltr'><em>con-</em></span> 
     </span>
     <span class='ocr_line' id='line_1_9' title="bbox 348 913 1424 1001; baseline 0.001 -22"><span class='ocrx_word' id='word_1_70' title='bbox 348 915 489 980; x_wconf 83' lang='lat' dir='ltr'><em>tentione</em></span> <span class='ocrx_word' id='word_1_71' title='bbox 509 917 660 1001; x_wconf 87' lang='lat' dir='ltr'><em>petebant</em></span> <span class='ocrx_word' id='word_1_72' title='bbox 682 917 723 981; x_wconf 92' lang='lat' dir='ltr'><em>L.</em></span> <span class='ocrx_word' id='word_1_73' title='bbox 738 913 881 980; x_wconf 87' lang='lat' dir='ltr'><em>Valerius</em></span> <span class='ocrx_word' id='word_1_74' title='bbox 905 915 1044 991; x_wconf 76' lang='lat' dir='ltr'><em>Flaccus,</em></span> <span class='ocrx_word' id='word_1_75' title='bbox 1071 914 1108 979; x_wconf 91' lang='lat' dir='ltr'><em>P.</em></span> <span class='ocrx_word' id='word_1_76' title='bbox 1127 929 1160 980; x_wconf 91' lang='lat' dir='ltr'><em>et</em></span> <span class='ocrx_word' id='word_1_77' title='bbox 1181 915 1222 979; x_wconf 87' lang='lat' dir='ltr'><em>L.</em></span> <span class='ocrx_word' id='word_1_78' title='bbox 1240 916 1424 1000; x_wconf 83' lang='lat' dir='ltr'><em>Scipiones,</em></span> 
     </span>
     <span class='ocr_line' id='line_1_10' title="bbox 345 999 1426 1086; baseline 0 -21"><span class='ocrx_word' id='word_1_79' title='bbox 345 1000 410 1065; x_wconf 90' lang='lat' dir='ltr'><em>.Cn.</em></span> <span class='ocrx_word' id='word_1_80' title='bbox 426 1001 569 1066; x_wconf 88' lang='lat' dir='ltr'><em>Manlius</em></span> <span class='ocrx_word' id='word_1_81' title='bbox 591 1003 699 1078; x_wconf 82' lang='lat' dir='ltr'>Vulso,</span> <span class='ocrx_word' id='word_1_82' title='bbox 721 1001 763 1065; x_wconf 96' lang='lat' dir='ltr'><em>L.</em></span> <span class='ocrx_word' id='word_1_83' title='bbox 781 1001 896 1066; x_wconf 80' lang='lat' dir='ltr'><em>Furius</em></span> <span class='ocrx_word' id='word_1_84' title='bbox 924 999 1102 1084; x_wconf 87' lang='lat' dir='ltr'><em>Purpureo,</em></span> <span class='ocrx_word' id='word_1_85' title='bbox 1126 1002 1268 1082; x_wconf 88' lang='lat' dir='ltr'><em>patricii:</em></span> <span class='ocrx_word' id='word_1_86' title='bbox 1299 1001 1426 1086; x_wconf 90' lang='lat' dir='ltr'><em>plebeii</em></span> 
     </span>
     <span class='ocr_line' id='line_1_11' title="bbox 345 1085 1425 1172; baseline 0.003 -22"><span class='ocrx_word' id='word_1_87' title='bbox 345 1101 461 1163; x_wconf 84' lang='lat' dir='ltr'><em>autem,</em></span> <span class='ocrx_word' id='word_1_88' title='bbox 488 1087 537 1152; x_wconf 91' lang='lat' dir='ltr'><em>M.</em></span> <span class='ocrx_word' id='word_1_89' title='bbox 555 1088 688 1154; x_wconf 86' lang='lat' dir='ltr'><em>Porcius</em></span> <span class='ocrx_word' id='word_1_90' title='bbox 711 1087 804 1164; x_wconf 88' lang='lat' dir='ltr'><em>Cato,</em></span> <span class='ocrx_word' id='word_1_91' title='bbox 829 1085 879 1151; x_wconf 92' lang='lat' dir='ltr'><em>M.</em></span> <span class='ocrx_word' id='word_1_92' title='bbox 896 1086 1026 1172; x_wconf 86' lang='lat' dir='ltr'><em>Fulvius</em></span> <span class='ocrx_word' id='word_1_93' title='bbox 1049 1085 1210 1172; x_wconf 73' lang='lat' dir='ltr'><em>Nobilior,</em></span> <span class='ocrx_word' id='word_1_94' title='bbox 1234 1087 1288 1152; x_wconf 92' lang='lat' dir='ltr'><em>Ti.</em></span> <span class='ocrx_word' id='word_1_95' title='bbox 1307 1101 1341 1152; x_wconf 88' lang='lat' dir='ltr'><em>et</em></span> <span class='ocrx_word' id='word_1_96' title='bbox 1365 1087 1425 1153; x_wconf 92' lang='lat' dir='ltr'><em>M.</em></span> 
     </span>
     <span class='ocr_line' id='line_1_12' title="bbox 348 1172 1424 1262; baseline -0.001 -24"><span class='ocrx_word' id='word_1_97' title='bbox 348 1173 540 1258; x_wconf 86' lang='lat' dir='ltr'><em>Sempronii,</em></span> <span class='ocrx_word' id='word_1_98' title='bbox 559 1175 692 1258; x_wconf 89' lang='lat' dir='ltr'><em>Longus</em></span> <span class='ocrx_word' id='word_1_99' title='bbox 712 1187 744 1238; x_wconf 86' lang='lat' dir='ltr'><em>et</em></span> <span class='ocrx_word' id='word_1_100' title='bbox 759 1172 950 1238; x_wconf 90' lang='lat' dir='ltr'><em>Tuditanus.</em></span> <span class='ocrx_word' id='word_1_101' title='bbox 973 1173 1026 1237; x_wconf 88' lang='lat' dir='ltr'><em>sod</em></span> <span class='ocrx_word' id='word_1_102' title='bbox 1046 1194 1156 1238; x_wconf 89' lang='lat' dir='ltr'><em>omnes</em></span> <span class='ocrx_word' id='word_1_103' title='bbox 1176 1174 1327 1262; x_wconf 82' lang='lat' dir='ltr'><em>patricios</em></span> <span class='ocrx_word' id='word_1_104' title='bbox 1350 1174 1424 1259; x_wconf 81' lang='lat' dir='ltr'><em>ple-</em></span> 
     </span>
     <span class='ocr_line' id='line_1_13' title="bbox 346 1255 1425 1348; baseline 0.002 -26"><span class='ocrx_word' id='word_1_105' title='bbox 346 1258 498 1346; x_wconf 82' lang='lat' dir='ltr'><em>beiosque</em></span> <span class='ocrx_word' id='word_1_106' title='bbox 520 1260 790 1325; x_wconf 88' lang='lat' dir='ltr'><em>nobilissimarum</em></span> <span class='ocrx_word' id='word_1_107' title='bbox 811 1257 1001 1322; x_wconf 80' lang='lat' dir='ltr'><em>familiarum</em></span> <span class='ocrx_word' id='word_1_108' title='bbox 1020 1255 1071 1322; x_wconf 93' lang='lat' dir='ltr'><em>M.</em></span> <span class='ocrx_word' id='word_1_109' title='bbox 1090 1259 1222 1324; x_wconf 88' lang='lat' dir='ltr'><em>Porcius</em></span> <span class='ocrx_word' id='word_1_110' title='bbox 1243 1259 1348 1348; x_wconf 73' lang='lat' dir='ltr'><em>longe¹</em></span> <span class='ocrx_word' id='word_1_111' title='bbox 1361 1283 1425 1324; x_wconf 87' lang='lat' dir='ltr'><em>an-</em></span> 
     </span>
     <span class='ocr_line' id='line_1_14' title="bbox 346 1345 1423 1432; baseline 0.001 -23"><span class='ocrx_word' id='word_1_112' title='bbox 346 1345 456 1410; x_wconf 88' lang='lat' dir='ltr'><em>teibat.</em></span> <span class='ocrx_word' id='word_1_113' title='bbox 500 1346 540 1412; x_wconf 94' lang='lat' dir='ltr'><em>In</em></span> <span class='ocrx_word' id='word_1_114' title='bbox 569 1345 631 1412; x_wconf 89' lang='lat' dir='ltr'><em>hoc</em></span> <span class='ocrx_word' id='word_1_115' title='bbox 656 1348 726 1411; x_wconf 87' lang='lat' dir='ltr'><em>viro</em></span> <span class='ocrx_word' id='word_1_116' title='bbox 752 1357 840 1410; x_wconf 90' lang='lat' dir='ltr'><em>tanta</em></span> <span class='ocrx_word' id='word_1_117' title='bbox 866 1345 912 1407; x_wconf 90' lang='lat' dir='ltr'><em>vis</em></span> <span class='ocrx_word' id='word_1_118' title='bbox 940 1345 1037 1408; x_wconf 87' lang='lat' dir='ltr'><em>animi</em></span> <span class='ocrx_word' id='word_1_119' title='bbox 1067 1345 1251 1432; x_wconf 88' lang='lat' dir='ltr'><em>ingeniique</em></span> <span class='ocrx_word' id='word_1_120' title='bbox 1275 1345 1346 1423; x_wconf 86' lang='lat' dir='ltr'><em>fuit,</em></span> <span class='ocrx_word' id='word_1_121' title='bbox 1370 1359 1423 1424; x_wconf 91' lang='lat' dir='ltr'><em>ut,</em></span> 
     </span>
     <span class='ocr_line' id='line_1_15' title="bbox 368 1425 1423 1518; baseline 0 -22"><span class='ocrx_word' id='word_1_122' title='bbox 368 1453 548 1518; x_wconf 88' lang='lat' dir='ltr'><em>uocumque</em></span> <span class='ocrx_word' id='word_1_123' title='bbox 576 1433 646 1498; x_wconf 90' lang='lat' dir='ltr'><em>loeo</em></span> <span class='ocrx_word' id='word_1_124' title='bbox 674 1445 768 1496; x_wconf 89' lang='lat' dir='ltr'><em>natus</em></span> <span class='ocrx_word' id='word_1_125' title='bbox 784 1425 892 1508; x_wconf 73' lang='lat' dir='ltr'><em>esset,</em></span> <span class='ocrx_word' id='word_1_126' title='bbox 911 1429 1069 1494; x_wconf 85' lang='lat' dir='ltr'><em>fortunam</em></span> <span class='ocrx_word' id='word_1_127' title='bbox 1097 1431 1157 1494; x_wconf 91' lang='lat' dir='ltr'><em>sibi</em></span> <span class='ocrx_word' id='word_1_128' title='bbox 1182 1433 1248 1516; x_wconf 87' lang='lat' dir='ltr'><em>ipae</em></span> <span class='ocrx_word' id='word_1_129' title='bbox 1273 1431 1423 1497; x_wconf 82' lang='lat' dir='ltr'><em>facturus</em></span> 
     </span>
     <span class='ocr_line' id='line_1_16' title="bbox 344 1453 1425 1605; baseline 0 -23"><span class='ocrx_word' id='word_1_130' title='bbox 344 1453 438 1582; x_wconf 77' lang='lat' dir='ltr'><em>ibisse</em></span> <span class='ocrx_word' id='word_1_131' title='bbox 461 1518 632 1584; x_wconf 89' lang='lat' dir='ltr'><em>videretur.</em></span> <span class='ocrx_word' id='word_1_132' title='bbox 677 1517 775 1584; x_wconf 88' lang='lat' dir='ltr'><em>Nulla</em></span> <span class='ocrx_word' id='word_1_133' title='bbox 796 1540 855 1592; x_wconf 87' lang='lat' dir='ltr'><em>ars,</em></span> <span class='ocrx_word' id='word_1_134' title='bbox 870 1538 972 1601; x_wconf 85' lang='lat' dir='ltr'><em>neque</em></span> <span class='ocrx_word' id='word_1_135' title='bbox 994 1517 1138 1600; x_wconf 65' lang='lat' dir='ltr'><em>privam,</em></span> <span class='ocrx_word' id='word_1_136' title='bbox 1155 1539 1257 1605; x_wconf 79' lang='lat' dir='ltr'><em>neque</em></span> <span class='ocrx_word' id='word_1_137' title='bbox 1278 1518 1425 1601; x_wconf 88' lang='lat' dir='ltr'><em>publicae</em></span> 
     </span>
     <span class='ocr_line' id='line_1_17' title="bbox 345 1603 1424 1690; baseline 0 -22"><span class='ocrx_word' id='word_1_138' title='bbox 345 1605 389 1668; x_wconf 89' lang='lat' dir='ltr'><em>rei</em></span> <span class='ocrx_word' id='word_1_139' title='bbox 404 1606 563 1690; x_wconf 85' lang='lat' dir='ltr'><em>gerandae,</em></span> <span class='ocrx_word' id='word_1_140' title='bbox 576 1608 604 1671; x_wconf 90' lang='lat' dir='ltr'><em>ei</em></span> <span class='ocrx_word' id='word_1_141' title='bbox 619 1604 730 1669; x_wconf 86' lang='lat' dir='ltr'><em>defuit.</em></span> <span class='ocrx_word' id='word_1_142' title='bbox 779 1603 926 1668; x_wconf 87' lang='lat' dir='ltr'><em>Urbanas</em></span> <span class='ocrx_word' id='word_1_143' title='bbox 941 1603 1140 1688; x_wconf 84' lang='lat' dir='ltr'><em>rusticasque</em></span> <span class='ocrx_word' id='word_1_144' title='bbox 1154 1625 1202 1666; x_wconf 86' lang='lat' dir='ltr'><em>rea</em></span> <span class='ocrx_word' id='word_1_145' title='bbox 1217 1604 1337 1688; x_wconf 88' lang='lat' dir='ltr'><em>pariter</em></span> <span class='ocrx_word' id='word_1_146' title='bbox 1352 1605 1424 1670; x_wconf 87' lang='lat' dir='ltr'><em>cal-</em></span> 
     </span>
     <span class='ocr_line' id='line_1_18' title="bbox 344 1686 1423 1774; baseline 0.001 -20"><span class='ocrx_word' id='word_1_147' title='bbox 344 1689 441 1755; x_wconf 81' lang='lat' dir='ltr'><em>lebat.</em></span> <span class='ocrx_word' id='word_1_148' title='bbox 486 1690 539 1754; x_wconf 82' lang='lat' dir='ltr'><em>Ad</em></span> <span class='ocrx_word' id='word_1_149' title='bbox 562 1713 703 1756; x_wconf 83' lang='lat' dir='ltr'><em>summos</em></span> <span class='ocrx_word' id='word_1_150' title='bbox 728 1689 867 1754; x_wconf 86' lang='lat' dir='ltr'><em>honores</em></span> <span class='ocrx_word' id='word_1_151' title='bbox 893 1688 972 1752; x_wconf 86' lang='lat' dir='ltr'><em>alios</em></span> <span class='ocrx_word' id='word_1_152' title='bbox 994 1688 1124 1752; x_wconf 88' lang='lat' dir='ltr'><em>seientia</em></span> <span class='ocrx_word' id='word_1_153' title='bbox 1140 1690 1233 1774; x_wconf 88' lang='lat' dir='ltr'><em>juris,</em></span> <span class='ocrx_word' id='word_1_154' title='bbox 1249 1686 1329 1753; x_wconf 86' lang='lat' dir='ltr'><em>alios</em></span> <span class='ocrx_word' id='word_1_155' title='bbox 1352 1691 1423 1755; x_wconf 88' lang='lat' dir='ltr'><em>elo-</em></span> 
     </span>
     <span class='ocr_line' id='line_1_19' title="bbox 343 1772 1423 1863; baseline 0 -23"><span class='ocrx_word' id='word_1_156' title='bbox 343 1777 482 1863; x_wconf 88' lang='lat' dir='ltr'><em>quentia,</em></span> <span class='ocrx_word' id='word_1_157' title='bbox 498 1777 577 1840; x_wconf 87' lang='lat' dir='ltr'><em>alios</em></span> <span class='ocrx_word' id='word_1_158' title='bbox 599 1777 701 1859; x_wconf 87' lang='lat' dir='ltr'><em>gloria</em></span> <span class='ocrx_word' id='word_1_159' title='bbox 723 1775 865 1840; x_wconf 85' lang='lat' dir='ltr'><em>militaris</em></span> <span class='ocrx_word' id='word_1_160' title='bbox 887 1775 1044 1858; x_wconf 87' lang='lat' dir='ltr'><em>provexit.</em></span> <span class='ocrx_word' id='word_1_161' title='bbox 1066 1772 1142 1838; x_wconf 89' lang='lat' dir='ltr'><em>huic</em></span> <span class='ocrx_word' id='word_1_162' title='bbox 1157 1776 1303 1840; x_wconf 79' lang='lat' dir='ltr'><em>versatile</em></span> <span class='ocrx_word' id='word_1_163' title='bbox 1325 1777 1423 1862; x_wconf 87' lang='lat' dir='ltr'><em>inge-</em></span> 
     </span>
     <span class='ocr_line' id='line_1_20' title="bbox 344 1860 1421 1946; baseline 0 -20"><span class='ocrx_word' id='word_1_164' title='bbox 344 1862 433 1926; x_wconf 89' lang='lat' dir='ltr'><em>nium</em></span> <span class='ocrx_word' id='word_1_165' title='bbox 448 1865 493 1926; x_wconf 89' lang='lat' dir='ltr'><em>sic</em></span> <span class='ocrx_word' id='word_1_166' title='bbox 514 1863 633 1946; x_wconf 88' lang='lat' dir='ltr'><em>pariter</em></span> <span class='ocrx_word' id='word_1_167' title='bbox 647 1863 688 1927; x_wconf 90' lang='lat' dir='ltr'><em>ad</em></span> <span class='ocrx_word' id='word_1_168' title='bbox 710 1863 819 1926; x_wconf 84' lang='lat' dir='ltr'><em>omnia</em></span> <span class='ocrx_word' id='word_1_169' title='bbox 839 1860 911 1940; x_wconf 85' lang='lat' dir='ltr'><em>fuit,</em></span> <span class='ocrx_word' id='word_1_170' title='bbox 929 1873 963 1924; x_wconf 88' lang='lat' dir='ltr'><em>ut</em></span> <span class='ocrx_word' id='word_1_171' title='bbox 985 1873 1094 1924; x_wconf 88' lang='lat' dir='ltr'><em>natum</em></span> <span class='ocrx_word' id='word_1_172' title='bbox 1109 1860 1151 1924; x_wconf 90' lang='lat' dir='ltr'><em>ad</em></span> <span class='ocrx_word' id='word_1_173' title='bbox 1167 1861 1199 1925; x_wconf 93' lang='lat' dir='ltr'><em>id</em></span> <span class='ocrx_word' id='word_1_174' title='bbox 1215 1883 1314 1925; x_wconf 90' lang='lat' dir='ltr'><em>unum</em></span> <span class='ocrx_word' id='word_1_175' title='bbox 1330 1863 1421 1927; x_wconf 89' lang='lat' dir='ltr'><em>dice·</em></span> 
     </span>
     <span class='ocr_line' id='line_1_21' title="bbox 343 1945 1421 2034; baseline 0.003 -24"><span class='ocrx_word' id='word_1_176' title='bbox 343 1969 402 2024; x_wconf 92' lang='lat' dir='ltr'><em>res,</em></span> <span class='ocrx_word' id='word_1_177' title='bbox 419 1948 645 2034; x_wconf 84' lang='lat' dir='ltr'><em>quodcumque</em></span> <span class='ocrx_word' id='word_1_178' title='bbox 666 1961 784 2032; x_wconf 87' lang='lat' dir='ltr'><em>ageret.</em></span> <span class='ocrx_word' id='word_1_179' title='bbox 830 1946 868 2010; x_wconf 91' lang='lat' dir='ltr'><em>In</em></span> <span class='ocrx_word' id='word_1_180' title='bbox 891 1945 976 2009; x_wconf 90' lang='lat' dir='ltr'><em>bello</em></span> <span class='ocrx_word' id='word_1_181' title='bbox 999 1967 1095 2009; x_wconf 88' lang='lat' dir='ltr'><em>manu</em></span> <span class='ocrx_word' id='word_1_182' title='bbox 1117 1945 1315 2033; x_wconf 76' lang='lat' dir='ltr'><em>fortissimus,</em></span> <span class='ocrx_word' id='word_1_183' title='bbox 1332 1949 1421 2013; x_wconf 90' lang='lat' dir='ltr'><em>mul·</em></span> 
     </span>
     <span class='ocr_line' id='line_1_22' title="bbox 344 2030 1419 2120; baseline 0.003 -24"><span class='ocrx_word' id='word_1_184' title='bbox 344 2034 447 2120; x_wconf 89' lang='lat' dir='ltr'><em>tisque</em></span> <span class='ocrx_word' id='word_1_185' title='bbox 462 2034 636 2120; x_wconf 77' lang='lat' dir='ltr'><em>insignibus</em></span> <span class='ocrx_word' id='word_1_186' title='bbox 651 2034 756 2098; x_wconf 88' lang='lat' dir='ltr'><em>clarus</em></span> <span class='ocrx_word' id='word_1_187' title='bbox 777 2032 903 2119; x_wconf 79' lang='lat' dir='ltr'><em>pugnis.</em></span> <span class='ocrx_word' id='word_1_188' title='bbox 926 2030 1022 2109; x_wconf 83' lang='lat' dir='ltr'><em>idern,</em></span> <span class='ocrx_word' id='word_1_189' title='bbox 1038 2045 1205 2118; x_wconf 88' lang='lat' dir='ltr'><em>postquam</em></span> <span class='ocrx_word' id='word_1_190' title='bbox 1220 2034 1419 2120; x_wconf 21' lang='lat' dir='ltr'><em>adlmagnos</em></span> 
     </span>
     <span class='ocr_line' id='line_1_23' title="bbox 344 2118 1418 2206; baseline 0.004 -24"><span class='ocrx_word' id='word_1_191' title='bbox 344 2121 481 2182; x_wconf 84' lang='lat' dir='ltr'><em>honores</em></span> <span class='ocrx_word' id='word_1_192' title='bbox 503 2121 657 2203; x_wconf 86' lang='lat' dir='ltr'><em>pervenit,</em></span> <span class='ocrx_word' id='word_1_193' title='bbox 672 2141 813 2184; x_wconf 89' lang='lat' dir='ltr'><em>summus</em></span> <span class='ocrx_word' id='word_1_194' title='bbox 834 2118 1024 2206; x_wconf 75' lang='lat' dir='ltr'><em>imperator:</em></span> <span class='ocrx_word' id='word_1_195' title='bbox 1047 2118 1132 2204; x_wconf 80' lang='lat' dir='ltr'><em>idem</em></span> <span class='ocrx_word' id='word_1_196' title='bbox 1155 2119 1188 2182; x_wconf 95' lang='lat' dir='ltr'><em>in</em></span> <span class='ocrx_word' id='word_1_197' title='bbox 1210 2141 1298 2205; x_wconf 81' lang='lat' dir='ltr'><em>paee,</em></span> <span class='ocrx_word' id='word_1_198' title='bbox 1314 2120 1418 2206; x_wconf 48' lang='lat' dir='ltr'><em>sisjus</em></span> 
     </span>
     <span class='ocr_line' id='line_1_24' title="bbox 344 2203 1418 2292; baseline 0.001 -23"><span class='ocrx_word' id='word_1_199' title='bbox 344 2205 533 2284; x_wconf 85' lang='lat' dir='ltr'><em>consuleres,</em></span> <span class='ocrx_word' id='word_1_200' title='bbox 556 2205 780 2292; x_wconf 89' lang='lat' dir='ltr'><em>peritissimus;</em></span> <span class='ocrx_word' id='word_1_201' title='bbox 811 2206 837 2269; x_wconf 90' lang='lat' dir='ltr'><em>si</em></span> <span class='ocrx_word' id='word_1_202' title='bbox 864 2225 973 2268; x_wconf 82' lang='lat' dir='ltr'><em>caussa</em></span> <span class='ocrx_word' id='word_1_203' title='bbox 997 2203 1119 2268; x_wconf 86' lang='lat' dir='ltr'><em>oranda</em></span> <span class='ocrx_word' id='word_1_204' title='bbox 1148 2219 1238 2283; x_wconf 87' lang='lat' dir='ltr'><em>esset,</em></span> <span class='ocrx_word' id='word_1_205' title='bbox 1262 2206 1418 2292; x_wconf 85' lang='lat' dir='ltr'><em>eloquen-</em></span> 
     </span>
     <span class='ocr_line' id='line_1_25' title="bbox 343 2283 1419 2378; baseline 0.001 -22"><span class='ocrx_word' id='word_1_206' title='bbox 343 2291 491 2356; x_wconf 86' lang='lat' dir='ltr'><em>tissimus.</em></span> <span class='ocrx_word' id='word_1_207' title='bbox 514 2314 574 2357; x_wconf 90' lang='lat' dir='ltr'><em>nee</em></span> <span class='ocrx_word' id='word_1_208' title='bbox 595 2293 622 2356; x_wconf 90' lang='lat' dir='ltr'><em>is</em></span> <span class='ocrx_word' id='word_1_209' title='bbox 644 2304 780 2372; x_wconf 87' lang='lat' dir='ltr'><em>tantum,</em></span> <span class='ocrx_word' id='word_1_210' title='bbox 796 2292 884 2355; x_wconf 85' lang='lat' dir='ltr'><em>cu&#39;us</em></span> <span class='ocrx_word' id='word_1_211' title='bbox 904 2289 1014 2378; x_wconf 86' lang='lat' dir='ltr'><em>lingua</em></span> <span class='ocrx_word' id='word_1_212' title='bbox 1033 2291 1107 2354; x_wconf 89' lang='lat' dir='ltr'><em>vivo</em></span> <span class='ocrx_word' id='word_1_213' title='bbox 1128 2311 1167 2354; x_wconf 90' lang='lat' dir='ltr'><em>eo</em></span> <span class='ocrx_word' id='word_1_214' title='bbox 1181 2283 1327 2378; x_wconf 85' lang='lat' dir='ltr'><em>viguerit,</em></span> <span class='ocrx_word' id='word_1_215' title='bbox 1345 2314 1419 2357; x_wconf 92' lang='lat' dir='ltr'><em>mo·</em></span> 
     </span>
     <span class='ocr_line' id='line_1_26' title="bbox 343 2314 1419 2466; baseline 0.004 -26"><span class='ocrx_word' id='word_1_216' title='bbox 343 2391 533 2442; x_wconf 89' lang='lat' dir='ltr'><em>numentum</em></span> <span class='ocrx_word' id='word_1_217' title='bbox 563 2379 753 2464; x_wconf 81' lang='lat' dir='ltr'><em>eloquentiae</em></span> <span class='ocrx_word' id='word_1_218' title='bbox 782 2314 1051 2466; x_wconf 62' lang='lat' dir='ltr'><em>nuilumlanstet:</em></span> <span class='ocrx_word' id='word_1_219' title='bbox 1083 2377 1160 2439; x_wconf 88' lang='lat' dir='ltr'><em>vivit</em></span> <span class='ocrx_word' id='word_1_220' title='bbox 1186 2377 1284 2441; x_wconf 89' lang='lat' dir='ltr'><em>immo</em></span> <span class='ocrx_word' id='word_1_221' title='bbox 1313 2379 1419 2464; x_wconf 89' lang='lat' dir='ltr'><em>viget·</em></span> 
     </span>
    </p>
   </div>
   <div class='ocr_carea' id='block_1_3' title="bbox 344 2461 1420 2612">
    <p class='ocr_par' dir='ltr' id='par_1_4' title="bbox 344 2461 1420 2612">
     <span class='ocr_line' id='line_1_27' title="bbox 344 2461 1420 2612; baseline 0.002 -84"><span class='ocrx_word' id='word_1_222' title='bbox 344 2486 407 2550; x_wconf 90' lang='lat' dir='ltr'><em>que</em></span> <span class='ocrx_word' id='word_1_223' title='bbox 431 2464 613 2550; x_wconf 89' lang='lat' dir='ltr'><em>eloquentia</em></span> <span class='ocrx_word' id='word_1_224' title='bbox 633 2466 712 2550; x_wconf 84' lang='lat' dir='ltr'><em>ejus,</em></span> <span class='ocrx_word' id='word_1_225' title='bbox 734 2477 855 2528; x_wconf 86' lang='lat' dir='ltr'><em>sacrata</em></span> <span class='ocrx_word' id='word_1_226' title='bbox 877 2461 1001 2546; x_wconf 87' lang='lat' dir='ltr'><em>scriptis</em></span> <span class='ocrx_word' id='word_1_227' title='bbox 1023 2463 1126 2550; x_wconf 82' lang='lat' dir='ltr'><em>omnis</em></span> <span class='ocrx_word' id='word_1_228' title='bbox 1139 2463 1284 2612; x_wconf 68' lang='lat' dir='ltr'><em>generis.</em></span> <span class='ocrx_word' id='word_1_229' title='bbox 1331 2465 1420 2530; x_wconf 72' lang='lat' dir='ltr'><em>Or‘a-</em></span> 
     </span>
    </p>
   </div>
   <div class='ocr_carea' id='block_1_4' title="bbox 268 2547 1519 3497">
    <p class='ocr_par' dir='ltr' id='par_1_5' title="bbox 344 2547 1419 2635">
     <span class='ocr_line' id='line_1_28' title="bbox 344 2547 1419 2635; baseline 0.001 -21"><span class='ocrx_word' id='word_1_230' title='bbox 344 2552 447 2614; x_wconf 89' lang='lat' dir='ltr'><em>tiones</em></span> <span class='ocrx_word' id='word_1_231' title='bbox 469 2566 500 2616; x_wconf 85' lang='lat' dir='ltr'><em>et</em></span> <span class='ocrx_word' id='word_1_232' title='bbox 522 2572 581 2635; x_wconf 91' lang='lat' dir='ltr'><em>pro</em></span> <span class='ocrx_word' id='word_1_233' title='bbox 602 2573 636 2614; x_wconf 89' lang='lat' dir='ltr'><em>se</em></span> <span class='ocrx_word' id='word_1_234' title='bbox 659 2550 778 2626; x_wconf 86' lang='lat' dir='ltr'><em>multae,</em></span> <span class='ocrx_word' id='word_1_235' title='bbox 800 2563 832 2614; x_wconf 90' lang='lat' dir='ltr'><em>et</em></span> <span class='ocrx_word' id='word_1_236' title='bbox 853 2567 914 2635; x_wconf 84' lang='lat' dir='ltr'><em>pro</em></span> <span class='ocrx_word' id='word_1_237' title='bbox 935 2547 1014 2625; x_wconf 87' lang='lat' dir='ltr'><em>aliis,</em></span> <span class='ocrx_word' id='word_1_238' title='bbox 1030 2560 1063 2612; x_wconf 88' lang='lat' dir='ltr'><em>ct</em></span> <span class='ocrx_word' id='word_1_239' title='bbox 1084 2547 1116 2610; x_wconf 92' lang='lat' dir='ltr'><em>in</em></span> <span class='ocrx_word' id='word_1_240' title='bbox 1171 2549 1228 2612; x_wconf 88' lang='lat' dir='ltr'><em>ios.</em></span> <span class='ocrx_word' id='word_1_241' title='bbox 1249 2571 1323 2614; x_wconf 87' lang='lat' dir='ltr'><em>nam</em></span> <span class='ocrx_word' id='word_1_242' title='bbox 1348 2573 1419 2615; x_wconf 92' lang='lat' dir='ltr'><em>non</em></span> 
     </span>
    </p>

    <p class='ocr_par' dir='ltr' id='par_1_6' title="bbox 344 2629 1419 2726">
     <span class='ocr_line' id='line_1_29' title="bbox 344 2629 1419 2726; baseline 0.002 -28"><span class='ocrx_word' id='word_1_243' title='bbox 344 2635 448 2699; x_wconf 86' lang='lat' dir='ltr'><em>solum</em></span> <span class='ocrx_word' id='word_1_244' title='bbox 463 2637 652 2714; x_wconf 88' lang='lat' dir='ltr'><em>accusando,</em></span> <span class='ocrx_word' id='word_1_245' title='bbox 669 2635 723 2718; x_wconf 81' lang='lat' dir='ltr'><em>sed</em></span> <span class='ocrx_word' id='word_1_246' title='bbox 747 2637 842 2701; x_wconf 89' lang='lat' dir='ltr'><em>etiam</em></span> <span class='ocrx_word' id='word_1_247' title='bbox 864 2629 1005 2698; x_wconf 79' lang='lat' dir='ltr'><em>caussam</em></span> <span class='ocrx_word' id='word_1_248' title='bbox 1030 2633 1177 2726; x_wconf 84' lang='lat' dir='ltr'><em>dicendo,</em></span> <span class='ocrx_word' id='word_1_249' title='bbox 1193 2629 1336 2724; x_wconf 78' lang='lat' dir='ltr'><em>fatigavit</em></span> <span class='ocrx_word' id='word_1_250' title='bbox 1355 2637 1419 2701; x_wconf 92' lang='lat' dir='ltr'><em>ini-</em></span> 
     </span>
    </p>

    <p class='ocr_par' dir='ltr' id='par_1_7' title="bbox 344 2720 1420 2804">
     <span class='ocr_line' id='line_1_30' title="bbox 344 2720 1420 2804; baseline 0.003 -20"><span class='ocrx_word' id='word_1_251' title='bbox 344 2721 460 2786; x_wconf 79' lang='lat' dir='ltr'><em>micos.</em></span> <span class='ocrx_word' id='word_1_252' title='bbox 501 2722 717 2788; x_wconf 61' lang='lat' dir='ltr'><em>”Simultates</em></span> <span class='ocrx_word' id='word_1_253' title='bbox 739 2722 839 2785; x_wconf 89' lang='lat' dir='ltr'><em>nimio</em></span> <span class='ocrx_word' id='word_1_254' title='bbox 861 2720 968 2804; x_wconf 85' lang='lat' dir='ltr'><em>plures</em></span> <span class='ocrx_word' id='word_1_255' title='bbox 989 2735 1020 2784; x_wconf 89' lang='lat' dir='ltr'><em>et</em></span> <span class='ocrx_word' id='word_1_256' title='bbox 1042 2735 1254 2785; x_wconf 84' lang='lat' dir='ltr'><em>exercuerunt</em></span> <span class='ocrx_word' id='word_1_257' title='bbox 1274 2745 1361 2800; x_wconf 88' lang='lat' dir='ltr'><em>eum,</em></span> <span class='ocrx_word' id='word_1_258' title='bbox 1384 2736 1420 2787; x_wconf 89' lang='lat' dir='ltr'><em>et</em></span> 
     </span>
    </p>

    <p class='ocr_par' dir='ltr' id='par_1_8' title="bbox 344 2799 1519 2896">
     <span class='ocr_line' id='line_1_31' title="bbox 344 2799 1519 2896; baseline 0.003 -25"><span class='ocrx_word' id='word_1_259' title='bbox 344 2809 413 2892; x_wconf 88' lang='lat' dir='ltr'><em>ipse</em></span> <span class='ocrx_word' id='word_1_260' title='bbox 435 2809 576 2892; x_wconf 86' lang='lat' dir='ltr'><em>exercuit</em></span> <span class='ocrx_word' id='word_1_261' title='bbox 602 2831 662 2873; x_wconf 87' lang='lat' dir='ltr'><em>eas.</em></span> <span class='ocrx_word' id='word_1_262' title='bbox 689 2830 748 2872; x_wconf 90' lang='lat' dir='ltr'><em>nec</em></span> <span class='ocrx_word' id='word_1_263' title='bbox 773 2807 864 2873; x_wconf 84' lang='lat' dir='ltr'><em>facile</em></span> <span class='ocrx_word' id='word_1_264' title='bbox 884 2799 1017 2885; x_wconf 76' lang='lat' dir='ltr'><em>dixeris,</em></span> <span class='ocrx_word' id='word_1_265' title='bbox 1040 2819 1146 2870; x_wconf 86' lang='lat' dir='ltr'><em>utrum</em></span> <span class='ocrx_word' id='word_1_266' title='bbox 1170 2809 1270 2896; x_wconf 83' lang='lat' dir='ltr'><em>magis</em></span> <span class='ocrx_word' id='word_1_267' title='bbox 1294 2830 1419 2893; x_wconf 85' lang='lat' dir='ltr'><em>presse-</em></span> <span class='ocrx_word' id='word_1_268' title='bbox 1518 2827 1519 2878; x_wconf 59' lang='lat' dir='ltr'><em>t</em></span> 
     </span>
    </p>

    <p class='ocr_par' dir='ltr' id='par_1_9' title="bbox 268 2892 1519 3068">
     <span class='ocr_line' id='line_1_32' title="bbox 344 2892 1519 2982; baseline 0.002 -24"><span class='ocrx_word' id='word_1_269' title='bbox 344 2895 386 2958; x_wconf 90' lang='lat' dir='ltr'><em>rit</em></span> <span class='ocrx_word' id='word_1_270' title='bbox 417 2917 488 2960; x_wconf 88' lang='lat' dir='ltr'><em>eum</em></span> <span class='ocrx_word' id='word_1_271' title='bbox 515 2894 674 2972; x_wconf 90' lang='lat' dir='ltr'><em>nobilitas,</em></span> <span class='ocrx_word' id='word_1_272' title='bbox 699 2917 737 2958; x_wconf 85' lang='lat' dir='ltr'><em>an</em></span> <span class='ocrx_word' id='word_1_273' title='bbox 767 2894 821 2957; x_wconf 89' lang='lat' dir='ltr'><em>ille</em></span> <span class='ocrx_word' id='word_1_274' title='bbox 850 2895 1016 2982; x_wconf 86' lang='lat' dir='ltr'><em>agitaverit</em></span> <span class='ocrx_word' id='word_1_275' title='bbox 1045 2892 1255 2959; x_wconf 83' lang='lat' dir='ltr'><em>nobilitatem.</em></span> <span class='ocrx_word' id='word_1_276' title='bbox 1301 2897 1420 2979; x_wconf 89' lang='lat' dir='ltr'><em>Asperi</em></span> <span class='ocrx_word' id='word_1_277' title='bbox 1518 2939 1519 2967; x_wconf 64' lang='lat'><strong>.</strong></span> 
     </span>
     <span class='ocr_line' id='line_1_33' title="bbox 268 2979 1418 3068; baseline 0.003 -26"><span class='ocrx_word' id='word_1_278' title='bbox 268 3018 270 3022; x_wconf 94' lang='lat'>·</span> <span class='ocrx_word' id='word_1_279' title='bbox 343 2980 457 3066; x_wconf 86' lang='lat' dir='ltr'><em>procul</em></span> <span class='ocrx_word' id='word_1_280' title='bbox 482 2982 579 3046; x_wconf 89' lang='lat' dir='ltr'><em>dubio</em></span> <span class='ocrx_word' id='word_1_281' title='bbox 604 2982 713 3057; x_wconf 86' lang='lat' dir='ltr'><em>animi,</em></span> <span class='ocrx_word' id='word_1_282' title='bbox 737 2995 768 3044; x_wconf 89' lang='lat' dir='ltr'><em>et</em></span> <span class='ocrx_word' id='word_1_283' title='bbox 791 2979 910 3064; x_wconf 86' lang='lat' dir='ltr'><em>liuguae</em></span> <span class='ocrx_word' id='word_1_284' title='bbox 937 2979 1071 3068; x_wconf 82' lang='lat' dir='ltr'><em>acerbae,</em></span> <span class='ocrx_word' id='word_1_285' title='bbox 1094 2991 1125 3043; x_wconf 92' lang='lat' dir='ltr'><em>et</em></span> <span class='ocrx_word' id='word_1_286' title='bbox 1149 2979 1310 3044; x_wconf 86' lang='lat' dir='ltr'><em>inmodice</em></span> <span class='ocrx_word' id='word_1_287' title='bbox 1335 2981 1418 3046; x_wconf 84' lang='lat' dir='ltr'><em>libe-</em></span> 
     </span>
    </p>

    <p class='ocr_par' dir='ltr' id='par_1_10' title="bbox 344 3064 1418 3152">
     <span class='ocr_line' id='line_1_34' title="bbox 344 3064 1418 3152; baseline 0.002 -23"><span class='ocrx_word' id='word_1_288' title='bbox 344 3087 390 3130; x_wconf 73' lang='lat' dir='ltr'><em>re</em></span> <span class='ocrx_word' id='word_1_289' title='bbox 418 3066 493 3130; x_wconf 87' lang='lat' dir='ltr'><em>fuit:</em></span> <span class='ocrx_word' id='word_1_290' title='bbox 526 3067 580 3131; x_wconf 88' lang='lat' dir='ltr'><em>sed</em></span> <span class='ocrx_word' id='word_1_291' title='bbox 607 3068 714 3130; x_wconf 91' lang='lat' dir='ltr'><em>invicti</em></span> <span class='ocrx_word' id='word_1_292' title='bbox 742 3089 761 3130; x_wconf 87' lang='lat' dir='ltr'><em>a</em></span> <span class='ocrx_word' id='word_1_293' title='bbox 786 3064 1012 3150; x_wconf 88' lang='lat' dir='ltr'><em>cupiditatibus</em></span> <span class='ocrx_word' id='word_1_294' title='bbox 1037 3064 1146 3140; x_wconf 89' lang='lat' dir='ltr'><em>animi,</em></span> <span class='ocrx_word' id='word_1_295' title='bbox 1168 3078 1200 3130; x_wconf 89' lang='lat' dir='ltr'><em>et</em></span> <span class='ocrx_word' id='word_1_296' title='bbox 1226 3066 1339 3152; x_wconf 78' lang='lat' dir='ltr'><em>rigidae</em></span> <span class='ocrx_word' id='word_1_297' title='bbox 1365 3069 1418 3132; x_wconf 94' lang='lat' dir='ltr'><em>in-</em></span> 
     </span>
    </p>

    <p class='ocr_par' dir='ltr' id='par_1_11' title="bbox 343 3150 1518 3238">
     <span class='ocr_line' id='line_1_35' title="bbox 343 3150 1518 3238; baseline 0.004 -22"><span class='ocrx_word' id='word_1_298' title='bbox 343 3153 517 3228; x_wconf 78' lang='lat' dir='ltr'><em>nocentite3</em></span> <span class='ocrx_word' id='word_1_299' title='bbox 548 3165 727 3235; x_wconf 86' lang='lat' dir='ltr'><em>contemtor</em></span> <span class='ocrx_word' id='word_1_300' title='bbox 755 3153 878 3238; x_wconf 71' lang='lat' dir='ltr'><em>gratiae,</em></span> <span class='ocrx_word' id='word_1_301' title='bbox 901 3150 1094 3215; x_wconf 89' lang='lat' dir='ltr'><em>divitiarum.</em></span> <span class='ocrx_word' id='word_1_302' title='bbox 1140 3151 1179 3215; x_wconf 93' lang='lat' dir='ltr'><em>In</em></span> <span class='ocrx_word' id='word_1_303' title='bbox 1210 3153 1417 3237; x_wconf 87' lang='lat' dir='ltr'><em>parsimonia,</em></span> <span class='ocrx_word' id='word_1_304' title='bbox 1517 3211 1518 3221; x_wconf 70' lang='grc'>,</span> 
     </span>
    </p>

    <p class='ocr_par' dir='ltr' id='par_1_12' title="bbox 342 3229 1417 3323">
     <span class='ocr_line' id='line_1_36' title="bbox 342 3229 1417 3323; baseline 0.003 -22"><span class='ocrx_word' id='word_1_305' title='bbox 342 3239 376 3301; x_wconf 91' lang='lat' dir='ltr'><em>in</em></span> <span class='ocrx_word' id='word_1_306' title='bbox 400 3239 552 3322; x_wconf 88' lang='lat' dir='ltr'><em>patientia</em></span> <span class='ocrx_word' id='word_1_307' title='bbox 573 3239 700 3316; x_wconf 83' lang='lat' dir='ltr'><em>loboris,</em></span> <span class='ocrx_word' id='word_1_308' title='bbox 716 3237 847 3323; x_wconf 87' lang='lat' dir='ltr'><em>periculi</em></span> <span class='ocrx_word' id='word_1_309' title='bbox 858 3240 880 3314; x_wconf 84' lang='lat'><em>¹¹,</em></span> <span class='ocrx_word' id='word_1_310' title='bbox 894 3235 989 3322; x_wconf 84' lang='lat' dir='ltr'><em>¹ferrei</em></span> <span class='ocrx_word' id='word_1_311' title='bbox 1011 3229 1122 3322; x_wconf 73' lang='lat' dir='ltr'><em>prope‘</em></span> <span class='ocrx_word' id='word_1_312' title='bbox 1134 3231 1278 3321; x_wconf 78' lang='lat' dir='ltr'><em>cor&#39;poris</em></span> <span class='ocrx_word' id='word_1_313' title='bbox 1297 3241 1417 3304; x_wconf 86' lang='lat' dir='ltr'><em>&#39;animi-</em></span> 
     </span>
    </p>

    <p class='ocr_par' dir='ltr' id='par_1_13' title="bbox 344 3323 1416 3412">
     <span class='ocr_line' id='line_1_37' title="bbox 344 3323 1416 3412; baseline 0.004 -25"><span class='ocrx_word' id='word_1_314' title='bbox 344 3347 421 3408; x_wconf 83' lang='lat' dir='ltr'><em>que3</em></span> <span class='ocrx_word' id='word_1_315' title='bbox 446 3346 538 3411; x_wconf 87' lang='lat' dir='ltr'><em>quam</em></span> <span class='ocrx_word' id='word_1_316' title='bbox 560 3347 612 3408; x_wconf 86' lang='lat' dir='ltr'><em>ne</em></span> <span class='ocrx_word' id='word_1_317' title='bbox 623 3338 767 3388; x_wconf 88' lang='lat' dir='ltr'><em>senectus</em></span> <span class='ocrx_word' id='word_1_318' title='bbox 782 3324 922 3409; x_wconf 89' lang='lat' dir='ltr'><em>quidem,</em></span> <span class='ocrx_word' id='word_1_319' title='bbox 939 3345 1012 3410; x_wconf 84' lang='lat' dir='ltr'><em>quoe</em></span> <span class='ocrx_word' id='word_1_320' title='bbox 1034 3323 1126 3388; x_wconf 88' lang='lat' dir='ltr'><em>solvit</em></span> <span class='ocrx_word' id='word_1_321' title='bbox 1139 3324 1257 3396; x_wconf 87' lang='lat' dir='ltr'><em>omnia,</em></span> <span class='ocrx_word' id='word_1_322' title='bbox 1273 3323 1416 3412; x_wconf 75' lang='lat' dir='ltr'><em>fregerit.</em></span> 
     </span>
    </p>

    <p class='ocr_par' dir='ltr' id='par_1_14' title="bbox 342 3409 1417 3497">
     <span class='ocr_line' id='line_1_38' title="bbox 342 3409 1417 3497; baseline 0.003 -24"><span class='ocrx_word' id='word_1_323' title='bbox 342 3409 443 3486; x_wconf 83' lang='lat' dir='ltr'><em>⁶⁰Qui</em></span> <span class='ocrx_word' id='word_1_324' title='bbox 476 3425 600 3477; x_wconf 88' lang='lat' dir='ltr'><em>sextum</em></span> <span class='ocrx_word' id='word_1_325' title='bbox 630 3427 663 3474; x_wconf 89' lang='lat' dir='ltr'><em>et</em></span> <span class='ocrx_word' id='word_1_326' title='bbox 696 3412 924 3497; x_wconf 88' lang='lat' dir='ltr'><em>octogesimum</em></span> <span class='ocrx_word' id='word_1_327' title='bbox 958 3431 1076 3472; x_wconf 80' lang='lat' dir='ltr'><em>anirum</em></span> <span class='ocrx_word' id='word_1_328' title='bbox 1110 3431 1207 3496; x_wconf 87' lang='lat' dir='ltr'><em>agens</em></span> <span class='ocrx_word' id='word_1_329' title='bbox 1235 3409 1417 3478; x_wconf 81' lang='lat' dir='ltr'><em>⁶¹·caussam</em></span> 
     </span>
    </p>
   </div>
   <div class='ocr_carea' id='block_1_5' title="bbox 711 3540 1047 3612">
    <p class='ocr_par' dir='ltr' id='par_1_15' title="bbox 711 3540 1047 3612">
     <span class='ocr_line' id='line_1_39' title="bbox 711 3540 1047 3612; baseline 0.003 -16"><span class='ocrx_word' id='word_1_330' title='bbox 711 3548 724 3587; x_wconf 75' lang='lat' dir='ltr'>h</span> <span class='ocrx_word' id='word_1_331' title='bbox 730 3540 880 3612; x_wconf 66' lang='lat' dir='ltr'><em>pareantque</em></span> <span class='ocrx_word' id='word_1_332' title='bbox 891 3551 966 3598; x_wconf 76' lang='lat' dir='ltr'><em>oron.</em></span> <span class='ocrx_word' id='word_1_333' title='bbox 978 3551 1047 3598; x_wconf 67' lang='lat' dir='ltr'><em>cres.</em></span> 
     </span>
    </p>
   </div>
   <div class='ocr_carea' id='block_1_6' title="bbox 342 3661 1515 4377">
    <p class='ocr_par' dir='ltr' id='par_1_16' title="bbox 343 3661 1515 3856">
     <span class='ocr_line' id='line_1_40' title="bbox 377 3661 1417 3726; baseline 0.007 -18"><span class='ocrx_word' id='word_1_334' title='bbox 377 3667 408 3708; x_wconf 73' lang='lat' dir='ltr'><em>tt</em></span> <span class='ocrx_word' id='word_1_335' title='bbox 425 3663 579 3724; x_wconf 77' lang='lat' dir='ltr'><em>Apollinique</em></span> <span class='ocrx_word' id='word_1_336' title='bbox 588 3661 655 3709; x_wconf 78' lang='lat' dir='ltr'><em>indas</em></span> <span class='ocrx_word' id='word_1_337' title='bbox 658 3663 766 3726; x_wconf 76' lang='lat' dir='ltr'><em>sacam]</em></span> <span class='ocrx_word' id='word_1_338' title='bbox 784 3663 863 3709; x_wconf 80' lang='lat' dir='ltr'><em>Ludos</em></span> <span class='ocrx_word' id='word_1_339' title='bbox 896 3666 973 3712; x_wconf 82' lang='lat' dir='ltr'><em>iaetus</em></span> <span class='ocrx_word' id='word_1_340' title='bbox 994 3669 1037 3710; x_wconf 82' lang='lat' dir='ltr'><em>eat.</em></span> <span class='ocrx_word' id='word_1_341' title='bbox 1071 3664 1142 3712; x_wconf 83' lang='lat' dir='ltr'><em>Unda</em></span> <span class='ocrx_word' id='word_1_342' title='bbox 1158 3671 1233 3724; x_wconf 80' lang='lat' dir='ltr'><em>quum</em></span> <span class='ocrx_word' id='word_1_343' title='bbox 1249 3669 1345 3712; x_wconf 82' lang='lat' dir='ltr'><em>constet</em></span> <span class='ocrx_word' id='word_1_344' title='bbox 1361 3680 1417 3715; x_wconf 80' lang='lat' dir='ltr'><em>eum</em></span> 
     </span>
     <span class='ocr_line' id='line_1_41' title="bbox 343 3727 1418 3791; baseline 0.007 -19"><span class='ocrx_word' id='word_1_345' title='bbox 343 3727 495 3786; x_wconf 77' lang='lat' dir='ltr'><em>Apollinares</em></span> <span class='ocrx_word' id='word_1_346' title='bbox 519 3734 605 3788; x_wconf 77' lang='lat' dir='ltr'><em>prator</em></span> <span class='ocrx_word' id='word_1_347' title='bbox 627 3730 732 3776; x_wconf 80' lang='lat' dir='ltr'><em>urbanus</em></span> <span class='ocrx_word' id='word_1_348' title='bbox 754 3728 863 3775; x_wconf 82' lang='lat' dir='ltr'><em>iaciebat.</em></span> <span class='ocrx_word' id='word_1_349' title='bbox 895 3733 1016 3776; x_wconf 67' lang='lat' dir='ltr'><em>manuum</em></span> <span class='ocrx_word' id='word_1_350' title='bbox 1034 3729 1106 3776; x_wconf 85' lang='lat' dir='ltr'><em>iuiaae</em></span> <span class='ocrx_word' id='word_1_351' title='bbox 1125 3733 1152 3777; x_wconf 84' lang='lat'><em>1..</em></span> <span class='ocrx_word' id='word_1_352' title='bbox 1165 3729 1256 3776; x_wconf 88' lang='lat' dir='ltr'><em>Marcio</em></span> <span class='ocrx_word' id='word_1_353' title='bbox 1272 3732 1418 3791; x_wconf 83' lang='lat' dir='ltr'><em>Censorino,</em></span> 
     </span>
     <span class='ocr_line' id='line_1_42' title="bbox 344 3791 1515 3856; baseline 0.006 -19"><span class='ocrx_word' id='word_1_354' title='bbox 344 3792 398 3838; x_wconf 82' lang='lat' dir='ltr'><em>vid.</em></span> <span class='ocrx_word' id='word_1_355' title='bbox 411 3806 482 3854; x_wconf 83' lang='lat' dir='ltr'><em>supra</em></span> <span class='ocrx_word' id='word_1_356' title='bbox 493 3794 508 3838; x_wconf 86' lang='lat' dir='ltr'><em>l·</em></span> <span class='ocrx_word' id='word_1_357' title='bbox 520 3791 626 3840; x_wconf 85' lang='lat' dir='ltr'><em>xxvlt.</em></span> <span class='ocrx_word' id='word_1_358' title='bbox 639 3810 658 3840; x_wconf 90' lang='lat' dir='ltr'><em>c.</em></span> <span class='ocrx_word' id='word_1_359' title='bbox 672 3801 712 3842; x_wconf 66' lang='grc' dir='ltr'><em>ΩΒ.</em></span> <span class='ocrx_word' id='word_1_360' title='bbox 896 3794 941 3840; x_wconf 85' lang='grc' dir='ltr'><em>Μ’.</em></span> <span class='ocrx_word' id='word_1_361' title='bbox 953 3795 1055 3842; x_wconf 88' lang='lat' dir='ltr'><em>Manilio</em></span> <span class='ocrx_word' id='word_1_362' title='bbox 1077 3795 1145 3841; x_wconf 80' lang='lat' dir='ltr'><em>Coss.</em></span> <span class='ocrx_word' id='word_1_363' title='bbox 1165 3807 1229 3842; x_wconf 86' lang='lat' dir='ltr'><em>anno</em></span> <span class='ocrx_word' id='word_1_364' title='bbox 1250 3795 1327 3856; x_wconf 86' lang='lat' dir='ltr'><em>ptime</em></span> <span class='ocrx_word' id='word_1_365' title='bbox 1350 3799 1419 3844; x_wconf 84' lang='lat' dir='ltr'><em>tertii</em></span> <span class='ocrx_word' id='word_1_366' title='bbox 1514 3805 1515 3816; x_wconf 60' lang='lat'>³</span> 
     </span>
    </p>

    <p class='ocr_par' dir='ltr' id='par_1_17' title="bbox 342 3854 1420 4116">
     <span class='ocr_line' id='line_1_43' title="bbox 376 3854 1420 3921; baseline 0.007 -18"><span class='ocrx_word' id='word_1_367' title='bbox 376 3863 408 3906; x_wconf 80' lang='grc'><em>49</em></span> <span class='ocrx_word' id='word_1_368' title='bbox 424 3857 565 3904; x_wconf 76' lang='lat' dir='ltr'><em>Simultates</em></span> <span class='ocrx_word' id='word_1_369' title='bbox 590 3859 667 3906; x_wconf 82' lang='lat' dir='ltr'><em>nimio</em></span> <span class='ocrx_word' id='word_1_370' title='bbox 682 3854 784 3921; x_wconf 76' lang='lat' dir='ltr'><em>¹planca]</em></span> <span class='ocrx_word' id='word_1_371' title='bbox 812 3860 862 3904; x_wconf 87' lang='lat' dir='ltr'><em>lui·</em></span> <span class='ocrx_word' id='word_1_372' title='bbox 895 3860 978 3906; x_wconf 82' lang='lat' dir='ltr'><em>Punici</em></span> <span class='ocrx_word' id='word_1_373' title='bbox 1000 3860 1066 3918; x_wconf 85' lang='lat' dir='ltr'><em>belii,</em></span> <span class='ocrx_word' id='word_1_374' title='bbox 1090 3865 1227 3920; x_wconf 75' lang='lat' dir='ltr'><em>aequaretur</em></span> <span class='ocrx_word' id='word_1_375' title='bbox 1248 3874 1303 3906; x_wconf 88' lang='lat' dir='ltr'><em>eum</em></span> <span class='ocrx_word' id='word_1_376' title='bbox 1328 3861 1420 3910; x_wconf 79' lang='lat' dir='ltr'><em>vixisse</em></span> 
     </span>
     <span class='ocr_line' id='line_1_44' title="bbox 342 3923 1418 3984; baseline 0.003 -14"><span class='ocrx_word' id='word_1_377' title='bbox 342 3923 408 3980; x_wconf 86' lang='lat' dir='ltr'><em>mici,</em></span> <span class='ocrx_word' id='word_1_378' title='bbox 421 3937 480 3983; x_wconf 85' lang='lat' dir='ltr'><em>qnos</em></span> <span class='ocrx_word' id='word_1_379' title='bbox 499 3923 628 3984; x_wconf 78' lang='lat' dir='ltr'><em>permultos</em></span> <span class='ocrx_word' id='word_1_380' title='bbox 648 3923 741 3981; x_wconf 83' lang='lat' dir='ltr'><em>babuit,</em></span> <span class='ocrx_word' id='word_1_381' title='bbox 755 3937 863 3970; x_wconf 66' lang='lat' dir='ltr'><em>uerene·</em></span> <span class='ocrx_word' id='word_1_382' title='bbox 895 3938 971 3972; x_wconf 86' lang='lat' dir='ltr'><em>annos</em></span> <span class='ocrx_word' id='word_1_383' title='bbox 995 3931 1090 3971; x_wconf 87' lang='lat' dir='ltr'><em>tantum</em></span> <span class='ocrx_word' id='word_1_384' title='bbox 1113 3926 1217 3984; x_wconf 88' lang='lat' dir='ltr'><em>quinque</em></span> <span class='ocrx_word' id='word_1_385' title='bbox 1238 3932 1263 3971; x_wconf 83' lang='lat' dir='ltr'><em>et</em></span> <span class='ocrx_word' id='word_1_386' title='bbox 1284 3927 1418 3981; x_wconf 73' lang='lat' dir='ltr'><em>octogiuta</em></span> 
     </span>
     <span class='ocr_line' id='line_1_45' title="bbox 343 3988 1417 4050; baseline 0.004 -16"><span class='ocrx_word' id='word_1_387' title='bbox 343 3994 401 4037; x_wconf 85' lang='lat' dir='ltr'><em>runt</em></span> <span class='ocrx_word' id='word_1_388' title='bbox 412 4002 477 4046; x_wconf 84' lang='lat' dir='ltr'><em>eum,</em></span> <span class='ocrx_word' id='word_1_389' title='bbox 489 3997 515 4034; x_wconf 85' lang='lat' dir='ltr'><em>et</em></span> <span class='ocrx_word' id='word_1_390' title='bbox 530 3988 580 4050; x_wconf 85' lang='lat' dir='ltr'><em>ipae</em></span> <span class='ocrx_word' id='word_1_391' title='bbox 591 4003 631 4036; x_wconf 87' lang='lat' dir='ltr'><em>eos</em></span> <span class='ocrx_word' id='word_1_392' title='bbox 642 3991 745 4036; x_wconf 80' lang='lat' dir='ltr'><em>vicissim</em></span> <span class='ocrx_word' id='word_1_393' title='bbox 760 3989 864 4036; x_wconf 82' lang='lat' dir='ltr'><em>exercuit</em></span> <span class='ocrx_word' id='word_1_394' title='bbox 896 3989 941 4037; x_wconf 84' lang='lat' dir='ltr'><em>Sed</em></span> <span class='ocrx_word' id='word_1_395' title='bbox 970 3990 1081 4037; x_wconf 87' lang='lat' dir='ltr'><em>nimirum</em></span> <span class='ocrx_word' id='word_1_396' title='bbox 1104 3991 1184 4036; x_wconf 85' lang='lat' dir='ltr'><em>Livius</em></span> <span class='ocrx_word' id='word_1_397' title='bbox 1206 3990 1258 4037; x_wconf 86' lang='lat' dir='ltr'><em>aliia</em></span> <span class='ocrx_word' id='word_1_398' title='bbox 1277 3993 1417 4038; x_wconf 76' lang='lat' dir='ltr'><em>auctoribus</em></span> 
     </span>
     <span class='ocr_line' id='line_1_46' title="bbox 343 4053 1419 4116; baseline 0.003 -16"><span class='ocrx_word' id='word_1_399' title='bbox 343 4055 499 4114; x_wconf 62' lang='lat' dir='ltr'><em>aciaflgavit.</em></span> <span class='ocrx_word' id='word_1_400' title='bbox 895 4060 1006 4102; x_wconf 77' lang='lat' dir='ltr'><em>nauseat.</em></span> <span class='ocrx_word' id='word_1_401' title='bbox 1040 4056 1103 4102; x_wconf 90' lang='lat' dir='ltr'><em>Nam</em></span> <span class='ocrx_word' id='word_1_402' title='bbox 1120 4056 1181 4101; x_wconf 86' lang='lat' dir='ltr'><em>etin</em></span> <span class='ocrx_word' id='word_1_403' title='bbox 1195 4053 1225 4101; x_wconf 89' lang='lat' dir='ltr'><em>iia</em></span> <span class='ocrx_word' id='word_1_404' title='bbox 1242 4069 1294 4116; x_wconf 75' lang='lat' dir='ltr'><em>qna</em></span> <span class='ocrx_word' id='word_1_405' title='bbox 1313 4070 1419 4103; x_wconf 84' lang='lat' dir='ltr'><em>maxae-</em></span> 
     </span>
    </p>

    <p class='ocr_par' dir='ltr' id='par_1_18' title="bbox 342 4119 1419 4377">
     <span class='ocr_line' id='line_1_47' title="bbox 376 4119 1419 4180; baseline 0.002 -14"><span class='ocrx_word' id='word_1_406' title='bbox 376 4125 407 4166; x_wconf 77' lang='lat'><em>50</em></span> <span class='ocrx_word' id='word_1_407' title='bbox 426 4119 586 4175; x_wconf 67' lang='lat' dir='ltr'><em>Qniseatum</em></span> <span class='ocrx_word' id='word_1_408' title='bbox 602 4126 626 4166; x_wconf 84' lang='lat' dir='ltr'><em>et</em></span> <span class='ocrx_word' id='word_1_409' title='bbox 642 4120 810 4180; x_wconf 74' lang='lat' dir='ltr'><em>octogesimam</em></span> <span class='ocrx_word' id='word_1_410' title='bbox 821 4133 863 4164; x_wconf 88' lang='lat' dir='ltr'><em>an·</em></span> <span class='ocrx_word' id='word_1_411' title='bbox 896 4123 1013 4179; x_wconf 87' lang='lat' dir='ltr'><em>quuntur,</em></span> <span class='ocrx_word' id='word_1_412' title='bbox 1030 4134 1084 4168; x_wconf 81' lang='lat' dir='ltr'><em>eum</em></span> <span class='ocrx_word' id='word_1_413' title='bbox 1106 4133 1195 4167; x_wconf 86' lang='lat' dir='ltr'><em>anuum</em></span> <span class='ocrx_word' id='word_1_414' title='bbox 1215 4125 1270 4180; x_wconf 90' lang='lat' dir='ltr'><em>quo&#39;</em></span> <span class='ocrx_word' id='word_1_415' title='bbox 1283 4121 1345 4167; x_wconf 89' lang='lat' dir='ltr'><em>Cato</em></span> <span class='ocrx_word' id='word_1_416' title='bbox 1363 4123 1419 4170; x_wconf 81' lang='lat' dir='ltr'><em>Ser·</em></span> 
     </span>
     <span class='ocr_line' id='line_1_48' title="bbox 342 4179 1418 4246; baseline 0.007 -19"><span class='ocrx_word' id='word_1_417' title='bbox 342 4196 401 4230; x_wconf 78' lang='lat' dir='ltr'><em>anna</em></span> <span class='ocrx_word' id='word_1_418' title='bbox 417 4179 503 4244; x_wconf 59' lang='lat' dir='ltr'><em>wana]</em></span> <span class='ocrx_word' id='word_1_419' title='bbox 520 4185 557 4231; x_wconf 85' lang='lat' dir='ltr'><em>Ex</em></span> <span class='ocrx_word' id='word_1_420' title='bbox 578 4185 665 4232; x_wconf 65' lang='lat' dir='ltr'><em>eisin</em></span> <span class='ocrx_word' id='word_1_421' title='bbox 682 4185 743 4232; x_wconf 86' lang='lat' dir='ltr'><em>Dial.</em></span> <span class='ocrx_word' id='word_1_422' title='bbox 762 4186 790 4230; x_wconf 86' lang='lat' dir='ltr'><em>da</em></span> <span class='ocrx_word' id='word_1_423' title='bbox 809 4186 864 4232; x_wconf 83' lang='lat' dir='ltr'><em>San.</em></span> <span class='ocrx_word' id='word_1_424' title='bbox 896 4185 962 4231; x_wconf 85' lang='lat' dir='ltr'><em>vium</em></span> <span class='ocrx_word' id='word_1_425' title='bbox 983 4187 1085 4232; x_wconf 81' lang='lat' dir='ltr'><em>Galbam</em></span> <span class='ocrx_word' id='word_1_426' title='bbox 1107 4186 1235 4242; x_wconf 82' lang='lat' dir='ltr'><em>accusavit,</em></span> <span class='ocrx_word' id='word_1_427' title='bbox 1257 4188 1297 4246; x_wconf 86' lang='lat' dir='ltr'><em>qut</em></span> <span class='ocrx_word' id='word_1_428' title='bbox 1318 4187 1418 4234; x_wconf 76' lang='lat' dir='ltr'><em>ultimus</em></span> 
     </span>
     <span class='ocr_line' id='line_1_49' title="bbox 343 4251 1419 4312; baseline 0.008 -21"><span class='ocrx_word' id='word_1_429' title='bbox 343 4260 368 4293; x_wconf 90' lang='lat' dir='ltr'><em>n.</em></span> <span class='ocrx_word' id='word_1_430' title='bbox 382 4254 419 4295; x_wconf 82' lang='lat' dir='ltr'><em>to.</em></span> <span class='ocrx_word' id='word_1_431' title='bbox 436 4251 496 4296; x_wconf 85' lang='lat' dir='ltr'><em>Cato</em></span> <span class='ocrx_word' id='word_1_432' title='bbox 508 4255 579 4296; x_wconf 83' lang='lat' dir='ltr'><em>natus</em></span> <span class='ocrx_word' id='word_1_433' title='bbox 590 4257 641 4297; x_wconf 87' lang='lat' dir='ltr'><em>erat</em></span> <span class='ocrx_word' id='word_1_434' title='bbox 651 4263 715 4296; x_wconf 76' lang='lat' dir='ltr'><em>antro</em></span> <span class='ocrx_word' id='word_1_435' title='bbox 726 4255 782 4296; x_wconf 83' lang='lat' dir='ltr'><em>ante</em></span> <span class='ocrx_word' id='word_1_436' title='bbox 793 4263 863 4311; x_wconf 88' lang='lat' dir='ltr'><em>qnam</em></span> <span class='ocrx_word' id='word_1_437' title='bbox 896 4251 948 4308; x_wconf 84' lang='lat' dir='ltr'><em>ejus</em></span> <span class='ocrx_word' id='word_1_438' title='bbox 964 4251 1019 4297; x_wconf 74' lang='lat' dir='ltr'><em>vita</em></span> <span class='ocrx_word' id='word_1_439' title='bbox 1038 4251 1094 4307; x_wconf 84' lang='lat' dir='ltr'><em>tuit,</em></span> <span class='ocrx_word' id='word_1_440' title='bbox 1108 4251 1289 4312; x_wconf 80' lang='lat' dir='ltr'><em>nonagesimum</em></span> <span class='ocrx_word' id='word_1_441' title='bbox 1308 4259 1419 4300; x_wconf 82' lang='lat' dir='ltr'><em>numerat</em></span> 
     </span>
     <span class='ocr_line' id='line_1_50' title="bbox 344 4311 1417 4377; baseline -0.003 -15"><span class='ocrx_word' id='word_1_442' title='bbox 344 4311 376 4362; x_wconf 80' lang='lat' dir='ltr'><em>Q.</em></span> <span class='ocrx_word' id='word_1_443' title='bbox 393 4315 480 4361; x_wconf 81' lang='lat' dir='ltr'><em>Fabius</em></span> <span class='ocrx_word' id='word_1_444' title='bbox 508 4315 627 4363; x_wconf 87' lang='lat' dir='ltr'><em>Maximus</em></span> <span class='ocrx_word' id='word_1_445' title='bbox 652 4316 736 4362; x_wconf 84' lang='lat' dir='ltr'><em>consul</em></span> <span class='ocrx_word' id='word_1_446' title='bbox 761 4315 863 4377; x_wconf 85' lang='lat' dir='ltr'><em>primum</em></span> <span class='ocrx_word' id='word_1_447' title='bbox 877 4319 881 4328; x_wconf 87' lang='grc'><strong>’</strong></span> <span class='ocrx_word' id='word_1_448' title='bbox 896 4316 985 4364; x_wconf 82' lang='lat' dir='ltr'><em>Livius.</em></span> <span class='ocrx_word' id='word_1_449' title='bbox 1016 4317 1081 4364; x_wconf 81' lang='lat' dir='ltr'><em>Toto</em></span> <span class='ocrx_word' id='word_1_450' title='bbox 1102 4331 1158 4377; x_wconf 81' lang='lat' dir='ltr'><em>crgo</em></span> <span class='ocrx_word' id='word_1_451' title='bbox 1180 4317 1345 4376; x_wconf 84' lang='lat' dir='ltr'><em>quinquennia</em></span> <span class='ocrx_word' id='word_1_452' title='bbox 1367 4319 1417 4364; x_wconf 74' lang='lat' dir='ltr'><em>bia.</em></span> 
     </span>
    </p>
   </div>
   <div class='ocr_carea' id='block_1_7' title="bbox 0 0 1546 4976">
    <p class='ocr_par' dir='ltr' id='par_1_19' title="bbox 0 0 1546 4976">
     <span class='ocr_line' id='line_1_51' title="bbox 0 0 1546 4976; baseline 0 1"><span class='ocrx_word' id='word_1_453' title='bbox 0 0 1546 4976; x_wconf 95' lang='lat' dir='ltr'><em> </em></span> 
     </span>
    </p>
   </div>
  </div>
 </body>
</html>
