3042 4954
438 133 532 210 crui
558 147 692 213 mu.
715 147 818 210 cur.
843 131 902 210 nt
1150 161 1189 217 ss

126 304 282 406 pediturn,
297 303 457 378 ducentos
467 313 610 401 equitesz
633 314 678 379 itu
698 324 735 378 ut
748 311 783 376 hi
802 324 952 398 praetores
965 313 1071 394 ambo,
1081 335 1184 402 quum
1192 340 1226 391 u,
1237 343 1265 391 u
1276 348 1331 392 ω,

126 413 161 456 ln
181 395 361 478 provincius
375 399 541 478 venissent,
557 414 675 465 veteres
696 398 890 464 dimitterent
910 399 1031 486 pedites
1052 402 1185 502 equites·
1194 407 1263 456 M»
1277 414 1332 458 ¹⁹⁸⁴

129 500 207 564 que.
249 482 350 548 Attali
364 483 480 552 deiude
493 486 577 574 regis
591 485 711 573 legatos
724 485 758 548 in
774 498 915 550 senatum
930 485 1074 552 consules
1087 499 1186 552 rutro·
1194 507 1348 570 Aturtregur

129 565 299 632 duxeruut.
344 571 402 648 Hi,
418 593 524 658 regem
550 571 647 636 classe
669 593 726 636 suu
748 571 909 658 copiisque
934 571 1081 648 omnibus
1103 575 1347 640 utrumm-

128 643 1261 818 incursantetinnituinstituam

126 998 292 1062 montibus
306 1001 556 1085 terrestribusque
569 1023 692 1086 regnum
714 999 820 1065 Attali
834 1000 1015 1066 Antiochum
1029 1004 1188 1069 inuasisse.

126 1083 241 1167 Itaque
256 1084 396 1150 Attalum
410 1109 501 1152 orare
514 1089 628 1152 Patres
640 1089 832 1170 conscriptos,
847 1088 876 1151 si
888 1109 943 1152 suo
958 1090 1190 1174 classemque
1238 1133 1239 1140 κ

107 1203 115 1214 ·
129 1189 224 1250 opera
236 1171 286 1234 uti
295 1174 340 1234 ud
350 1171 579 1236 Macedonicum
589 1172 695 1236 tellum
705 1174 825 1249 velleret,
838 1174 992 1238 mitterent
1006 1177 1069 1258 ipsi
1075 1177 1190 1258 prusi-

65 1309 70 1322 .
129 1255 212 1318 dicon
235 1259 281 1319 od
301 1279 424 1340 regnum
445 1259 509 1344 ejus
522 1259 700 1322 tutandum.-
720 1260 750 1322 si
770 1260 806 1322 id
824 1259 950 1336 notent,
966 1261 1062 1343 circem
1076 1263 1121 1324 aa
1132 1282 1189 1326 seco

130 1341 324 1425 defendenda
349 1365 414 1407 cum
437 1346 532 1408 classe
552 1365 590 1406 ae
614 1345 742 1427 reliquis
759 1344 856 1426 copiis
876 1347 979 1408 redire
993 1356 1188 1428 poteremur.

132 1425 269 1492 Senatus
284 1430 394 1514 legatis
409 1430 454 1494 itu
466 1427 649 1514 responderi
665 1430 768 1514 jussit,
787 1428 877 1504 Quod
889 1453 945 1494 rec
958 1433 1083 1496 Attalus
1095 1434 1345 1511 clossenuponsuu

131 1515 288 1598 copiisque
309 1516 384 1580 oliis
404 1519 491 1580 druos
511 1517 668 1579 Renum
681 1514 822 1598 juvisset,
837 1513 908 1578 ⁸¹id
923 1507 1301 1599 groum'senacutwutu

81 1635 85 1642 ·
133 1611 219 1662 esset
264 1598 432 1666 ”Aucilia
450 1623 503 1665 nec
527 1604 607 1686 ipsos
626 1602 766 1665 misucros
788 1600 897 1664 Attalo
918 1601 1190 1668 adversusAntt'o-

133 1685 228 1762 abunt,
240 1687 350 1750 socium
360 1698 390 1751 et
399 1690 526 1752 umicrun
530 1687 644 1770 populi
654 1687 810 1750 Romni:
830 1707 885 1749 nec
895 1685 1000 1750 Attali
1009 1689 1131 1751 oucilia
1143 1710 1192 1752 re·

132 1779 279 1848 tenturos,
294 1774 379 1836 ultro
394 1795 483 1858 quom
499 1775 567 1858 regi
585 1774 764 1836 commodum
783 1781 866 1836 essct.
911 1772 1035 1855 Semper
1044 1776 1192 1856 populum

133 1856 306 1922 Romanum
320 1861 430 1924 olienis
450 1860 546 1937 rebus,
562 1858 693 1922 oze-tinio
713 1859 933 1936 alienaturum.
954 1868 985 1922 ct
999 1861 1192 1942 principium

133 1944 265 2025 etfimm
279 1945 314 2008 iu
321 1953 476 2027 potestate
489 1946 631 2028 ipsorum,
647 1946 701 2028 qui
710 1965 767 2027 ope
776 1965 831 2008 sua
841 1946 936 2009 velint
946 1943 1065 2029 amotos
1076 1945 1193 2009 Romo-

134 2049 196 2105 nos,
211 2051 286 2094 esse.
329 2032 465 2116 Legatos
478 2033 522 2094 od
531 2031 710 2096 Antiochum
732 2033 881 2106 missrcros,
896 2032 951 2113 qui
964 2033 1118 2110 nuncient,
1133 2032 1193 2096 At-

135 2115 195 2179 tali
208 2117 391 2202 nauiumque
404 2115 467 2200 ejus
479 2126 510 2181 et
522 2118 652 2181 militum
665 2137 759 2200 opera
769 2119 912 2181 aduersus
921 2117 1105 2202 Philrppum
1114 2139 1193 2182 com-

134 2221 251 2266 munem
264 2203 376 2267 testem
389 2203 438 2268 uti
443 2204 590 2288 populum
604 2203 786 2266 Romanum.
828 2200 856 2240 ⁸³
863 2200 997 2266 Gratum
1011 2225 1076 2268 erm
1081 2203 1194 2288 fectu·

135 2308 200 2351 rum
223 2296 255 2352 et
275 2291 406 2366 senatui,
428 2290 457 2354 si
479 2310 572 2373 regno
593 2289 696 2352 Attali
719 2288 881 2364 abstineat,
902 2287 1036 2373 belloque
1053 2289 1192 2354 absistat.

136 2373 274 2458 Quum
297 2395 368 2452 esse,
383 2377 477 2440 socios
496 2385 527 2439 ct
551 2376 662 2438 amicos
681 2374 789 2457 populi
807 2373 945 2437 Romani
963 2396 1048 2460 reges
1067 2375 1150 2440 inter
1161 2397 1196 2440 se

136 2480 253 2610 Ἢ
265 2481 713 2625 ‘ggfflssffimfffiffi'cfium’
728 2547 773 2612 itu
793 2546 904 2613 habito
924 2546 1059 2626 delectu,
1082 2560 1119 2614 ut
1139 2571 1194 2614 eos

136 2629 199 2695 sere
213 2631 343 2720 legeret,
359 2633 461 2718 quiin
477 2633 633 2718 Hispania
646 2645 701 2698 aut
717 2632 826 2698 Africa
846 2633 1032 2699 meruissent
1046 2648 1193 2736 spectutae

21 2717 23 2744 '
136 2717 262 2782 virtutis
285 2718 411 2796 milites,
428 2730 650 2804 properantem
671 2719 705 2782 in
726 2719 921 2804 provinciam
944 2721 1033 2802 prod'
1070 2743 1090 2784 e
1110 2741 1318 2802 nun-Prodigia

136 2803 220 2868 ciutu
234 2818 332 2889 utque
352 2826 461 2870 eorum
483 2805 665 2892 procuratio
680 2805 794 2869 Romoe
815 2817 995 2868 tenuerunt.
1074 2827 1093 2868 e
1113 2803 1196 2870 eoela

136 2901 220 2956 tuctu
241 2902 333 2955 erunt
345 2890 398 2955 viu
417 2889 543 2978 publicu
557 2890 654 2969 Veiis,
669 2888 774 2954 forum
796 2903 828 2953 et
848 2888 933 2953 oedes
946 2889 1035 2953 Jovis
1049 2891 1195 2969 Lanuuii,

138 2975 292 3041 Herculis
306 2976 390 3041 redes
404 2977 528 3056 Ardeoe,
546 2976 667 3063 Capuae
684 2997 792 3040 murus
806 2987 838 3039 et
852 2987 954 3039 turres
968 2985 1001 3039 et
1016 2973 1110 3052 oedes,
1144 2998 1195 3040 uae

137 3062 223 3126 Albe
244 3061 372 3126 dicitur.
393 3063 508 3128 coelurn
530 3063 641 3128 ardere
655 3062 755 3127 visum
777 3074 845 3126 erut
858 3061 987 3126 Arretii.
1011 3073 1095 3126 terre
1140 3061 1196 3126 eli·

136 3149 191 3212 tris
205 3148 304 3212 trium
314 3149 462 3234 jugerum
476 3151 577 3233 spatio
589 3170 722 3214 coverne
734 3147 766 3211 in
808 3147 854 3212 nti
864 3145 1037 3212 desederat.
1072 3147 1196 3214 Suessre

138 3234 303 3300 Auruncae
317 3237 507 3300 nuntiabunt
520 3257 637 3318 agnum
659 3257 733 3300 cum
777 3234 879 3298 uobus
899 3233 1054 3318 capitibus
1073 3246 1195 3312 uatum,

136 3333 168 3386 et
183 3321 344 3386 sinuessae
361 3342 493 3406 porcum
510 3321 652 3386 humano
672 3321 785 3406 cupite.
831 3319 953 3384 Earum
973 3319 1067 3405 prodi
1091 3321 1195 3386 iorum

137 3427 247 3472 caussa
262 3406 451 3493 supplicatio
471 3429 570 3472 unum
593 3406 676 3472 diem
698 3405 817 3471 habitu.
839 3418 871 3470 et
885 3405 1027 3470 consules
1041 3343 1134 3472 reisue
1149 3407 1196 3470 di·
1312 3454 1315 3463 .

137 3493 219 3564 uinis
240 3515 369 3578 operam
392 3492 568 3572 dederunt3
590 3491 783 3578 placatisque
804 3491 888 3568 Diis,
909 3491 1040 3574 profecti
1063 3493 1096 3557 in
1119 3515 1196 3578 pro-

137 3579 257 3646 vincius
275 3589 362 3644 tunt.
407 3578 513 3679 AElius
535 3601 607 3644 cum
627 3578 665 3644 C.
683 3577 803 3644 Helvio
824 3589 960 3663 proetore
982 3578 1014 3642 in
1038 3577 1346 3684 Gelliumtprruscos.

549 3735 622 3797 ⁰fore
632 3735 707 3782 Grec·
719 3733 787 3781 Creu.
1073 3733 1076 3738 '
1203 3669 1328 3785 iix&-

168 3872 199 3914 at
219 3865 254 3912 111
259 3866 464 3926 gemmatus·
466 3860 536 3926 sore]
551 3863 611 3923 Ejus
619 3863 652 3910 ssi
685 3857 734 3924 rur]
752 3860 898 3908 ·Suctulent
918 3859 1031 3907 Gelenius
1056 3861 1196 3922 articulum

140 3944 266 3978 ncmomm
284 3930 337 3978 fore
356 3933 464 3976 reustum
483 3929 564 3986 nuri·
583 3941 655 3990 opert
685 3934 724 3974 et.-
757 3926 862 3986 reposuit
892 3925 1037 3983 Gronoviur,
1070 3927 1197 3974 obsecutus

140 4009 210 4058 reque
220 3995 359 4044 referendis.
381 3997 541 4042 Gnarrovrus.
686 3992 755 4040 MSS·
777 3990 921 4038 secuntur.
953 3991 1084 4038 stillum
1102 4005 1117 4036 a
1135 3989 1197 4035 tivit

170 4068 202 4110 82
217 4051 582 4121 Acitttomtpmmtmm.
595 4073 655 4106 arec
685 4056 1071 4117 nuuu‚locusproleetovitiesus
1082 4059 1126 4100 est
1146 4051 1198 4098 nu·

140 4129 220 4174 Attalo·
237 4127 335 4182 milia
353 4121 495 4186 menum]
510 4125 586 4172 Vacat
603 4138 655 4172 om·
686 4122 771 4170 bonius
781 4122 849 4184 legit,
864 4122 964 4168 &arun
974 4122 1006 4176 et,
1014 4131 1098 4178 nempe
1108 4116 1197 4176 populu

141 4193 196 4241 uino
210 4193 334 4254 pastorius
352 4190 411 4238 illud
426 4191 530 4248 milio,
549 4195 574 4237 et
590 4191 654 4236 vids·
686 4189 806 4245 Renoua,
814 4187 932 4248 futurum
944 4192 968 4232 et
983 4184 1085 4232 mter·-
1119 4181 1197 4226 Futu-

142 4263 177 4305 tur
187 4274 201 4306 e
211 4258 322 4319 margine
330 4255 357 4302 iu
369 4260 506 4306 contextum
517 4256 645 4317 irrepsisse·
687 4267 742 4301 cum
752 4252 866 4314 reperitur
877 4252 903 4300 in
914 4250 1005 4299 duobus
1014 4245 1083 4294 MSS.

168 4329 198 4372 88
218 4325 325 4372 Grmm
344 4336 397 4368 cum
406 4321 534 4382 sucturum
549 4329 573 4369 ct
589 4335 657 4368 uena·

734 4389 790 4444 nt
