3136 4982
435 208 528 270 LIB.
549 203 714 267 xxxin.
739 205 841 264 CAP.
863 204 956 264 XLV.
1168 213 1225 272 817

162 350 216 454 iri,
229 371 318 459 prius
334 369 479 438 Eumene
492 384 660 448 convento,
697 389 771 434 uem
785 369 918 454 propter
930 380 1036 434 vetera
1055 367 1265 436 certaminum
1275 387 1302 434 o.
1315 391 1370 434 sse.

167 480 314 523 aversum
335 459 473 522 maxime
486 482 506 522 a
520 480 598 542 pace
619 391 789 521 crebebant
810 477 886 532 esse,
903 467 935 520 et
955 455 1130 540 placatiore
1143 479 1182 520 eo
1196 455 1265 520 ets„
1276 455 1302 500 ⁰·
1318 459 1381 502 ¹⁹⁰··

167 568 226 610 sua
240 558 271 609 et
285 542 368 624 regie
382 565 438 629 spe
457 546 676 619 inmutatum
693 543 729 606 P.
743 543 934 626 Scipionem,
946 557 978 606 et
991 563 1049 628 per
1063 563 1135 606 eum
1150 564 1228 607 eon·

168 630 280 710 sulem,
294 629 460 695 adierunt:
507 629 682 714 raebitoque
702 628 741 692 iis
763 629 940 712 petentibus
953 627 1111 714 frequenti
1126 629 1229 694 consi·

167 717 213 781 lio
228 715 269 782 ed
292 715 440 781 mandata
460 653 593 792 eimau,
614 717 685 779 Non
706 725 779 790 tam,
794 715 872 800 quid
893 716 956 798 ipsi
976 717 1121 800 dicamus,
1137 715 1229 780 babe-

170 825 246 882 mus,
260 802 364 889 inquit
385 802 509 881 Zeuxis,
525 825 616 887 quam
630 811 665 866 ut
678 823 699 864 a
714 801 797 866 uobis
815 821 994 885 queramus,
1008 801 1155 878 Romani,
1171 823 1230 888 qua

162 891 293 974 piaculo
314 890 442 972 capiare
466 911 597 954 errorem
619 890 711 973 regis,
728 909 837 970 pacem
862 889 1039 972 veniamque
1064 890 1230 970 impetrare

168 999 190 1040 a
205 976 369 1041 uictoribus
388 977 546 1060 possimus.
591 975 734 1038 Moaimo
747 995 863 1056 semper
876 976 982 1038 animo
1001 973 1090 1038 victis
1109 975 1230 1060 regibus

162 1063 347 1148 populisque
361 1063 530 1148 ignovistis.
553 1071 669 1147 quanta
689 1061 726 1124 id
744 1059 859 1144 majore
880 1069 910 1124 et
930 1061 1105 1148 placatiore
1126 1063 1231 1126 animo

168 1151 253 1212 deret
267 1169 318 1213 nos
326 1149 440 1232 facere
455 1151 489 1212 in
503 1150 561 1212 bac
575 1147 715 1222 motoria,
728 1147 796 1230 qua
809 1167 860 1212 uos
874 1148 1011 1211 dominos
1031 1147 1114 1210 orbis
1129 1157 1230 1210 terra-

166 1237 343 1318 rumsecit?
366 1237 485 1300 Positis
492 1233 565 1318 jam
578 1235 722 1298 aduersus
736 1253 836 1297 omnes
848 1235 992 1296 mortales
1005 1233 1229 1312 certaminibus,
1285 1293 1291 1302 .

167 1321 253 1386 baud
264 1343 347 1385 secus
360 1343 450 1405 quam
461 1323 557 1398 Deos,
572 1321 726 1384 consulere
735 1328 766 1383 et
770 1339 902 1402 parcere
916 1341 967 1383 uos
978 1321 1087 1403 generi
1100 1321 1232 1382 bumano

168 1416 298 1490 oportet.
333 1407 355 1471 J
355 1430 405 1470 um
421 1419 503 1484 ante,
515 1427 611 1491 quem
619 1405 716 1492 legati
727 1405 879 1481 venirent,
890 1403 1050 1469 decretum
1062 1417 1140 1481 erat,
1153 1405 1230 1492 quid

169 1493 428 1578 responderetur.
451 1491 644 1578 respondere
665 1490 850 1555 Africanum
873 1491 1013 1576 placuit„
1046 1492 1080 1556 Is
1096 1491 1130 1555 in
1144 1491 1231 1555 huna

169 1580 301 1644 modum
327 1577 460 1645 locutus·
477 1579 593 1644 fertura
616 1579 754 1642 Romarm
781 1599 819 1641 ea
841 1579 891 1656 iis,
914 1599 982 1662 quse
1004 1580 1037 1642 in
1060 1577 1163 1642 Derim·
1183 1580 1388 1652 in-nuponsum

167 1668 342 1742 mortalium
365 1677 519 1750 potestate
543 1675 643 1740 erant,
666 1686 705 1728 ea
726 1664 877 1744 babemus,
893 1685 961 1748 quce
986 1665 1050 1728 Dii
1074 1656 1355 1750 dederunt.¹³f¹²⁰¹¹¹sb
1440 1675 1446 1682 '

168 1755 304 1832 Animos,
320 1755 375 1837 qui
387 1763 500 1817 rrodrce
513 1753 621 1818 mentis
634 1761 716 1830 sunt,
725 1752 840 1816 eosdem
855 1753 890 1814 in
904 1746 987 1814 omni
987 1751 1126 1834 fortuna
1136 1752 1234 1836 gessi·

165 1835 244 1916 xrustes,
256 1843 463 1925 gemmasque.-
485 1861 580 1924 neque
594 1860 643 1903 eos
655 1839 794 1916 secunda
802 1835 1045 1916 res'eatuierunt,
1056 1859 1111 1901 nea
1124 1839 1234 1902 adom-

167 1947 211 1990 sae
224 1928 408 1991 minuerunt.
430 1925 493 2010 ejus
505 1929 563 2004 rei,
577 1934 612 1990 ut
625 1926 705 1989 alios
719 1925 865 2000 omittam,
882 1922 1092 1988 Hannibalem
1107 1934 1235 1988 oestmam

169 2012 254 2078 uobis
267 2013 371 2076 darem
392 2021 505 2088 testem,
525 2013 600 2076 nisi
614 2033 664 2084 uos
692 2011 774 2094 ipsos
799 2011 875 2074 dare
894 2031 1023 2093 possem.
1068 2011 1235 2094 Postquam

171 2097 607 2182 Hellespontum'trejecimus‚
617 2099 799 2181 priusquam
820 2107 922 2161 castra
943 2098 1045 2182 regia,
1052 2098 1236 2180 priusquam
1284 2086 1288 2100 ’

170 2185 266 2248 aciem
276 2186 461 2261 uideremus,
477 2205 566 2268 quam
580 2185 742 2247 communis
756 2181 850 2247 Mars
864 2193 893 2246 et
908 2184 1040 2247 incertus
1061 2183 1135 2246 belli
1149 2203 1236 2248 eaen-
1343 2256 1345 2264 y

169 2279 219 2336 tus
232 2279 317 2347 esset,
329 2271 367 2334 de
375 2292 456 2353 paee
469 2270 552 2334 uobis
573 2269 741 2353 agentium,
757 2289 833 2352 quas
849 2290 946 2352 pares
961 2269 1094 2351 paribus
1102 2270 1234 2352 fereba-

168 2378 234 2421 mus
243 2357 439 2433 mnditiones,
455 2357 573 2420 easdem
588 2376 667 2418 nunc
680 2358 808 2420 uiatores
821 2356 911 2419 nictit
910 2355 1059 2439 ferimus.
1085 2437 1087 2442 Ι
1102 2357 1233 2440 Europa
1243 2373 1376 2420 Paciscen-

169 2443 330 2519 abstinete‚
340 2443 478 2527 Asiaque
492 2444 584 2518 omni,
597 2459 665 2526 quae
678 2443 722 2506 cis
737 2442 872 2504 Taurum
883 2439 1008 2506 mantem
1023 2451 1077 2518 est,
1087 2443 1234 2507 decedite.
1243 2439 1353 2486 istm·

168 2530 239 2594 Pro
254 2530 390 2611 inpensis
403 2531 515 2593 duride
528 2531 563 2592 in
577 2529 791 2612 bellumfaetis
804 2529 975 2614 quindecim
984 2530 1087 2593 millia
1099 2527 1127 2567 ⁶⁴
1135 2532 1235 2594 talen·

169 2616 235 2680 tdm
249 2615 452 2680 Euboicorum
467 2616 602 2679 dabitis.-
625 2615 792 2700 quingenta
801 2618 988 2696 praesentim
1012 2617 1072 2679 duo
1086 2616 1187 2680 millia
1206 2626 1237 2680 et

190 2703 347 2786 uingenta,
360 2723 449 2785 quum
458 2704 774 2784 senataspopadusque
783 2701 943 2764 Romarm
948 2723 1055 2784 pacem
1069 2700 1237 2785 “compro-

168 2723 326 2864 iuverim,-
348 2789 446 2852 millia
455 2787 719 2852 deindetaientim
728 2807 790 2868 per
800 2788 955 2850 duodecim
965 2808 1072 2851 annos.
1104 2789 1238 2852 Eumeni

169 2895 287 2960 quoque
299 2876 391 2938 reddi
404 2875 633 2959 quadringenta
647 2875 777 2949 talenta,
792 2883 823 2936 et
837 2873 1074 2957 qnodfrumenti
1087 2876 1237 2958 reliquum

171 2983 211 3026 ea
224 2983 268 3037 eo,
278 2963 360 3046 quod
366 2962 460 3044 patri
469 2961 601 3025 debitum
616 2967 669 3037 est,
679 2961 790 3042 placet.
828 2959 907 3023 Hcee
921 2980 1009 3043 quum
1016 2962 1236 3044 pepigerimus,

162 3047 311 3132 serenares
321 3069 373 3112 oos
386 3057 420 3112 ut
426 3067 488 3130 pro
497 3057 579 3112 certo
593 3047 764 3124 babeamus,
777 3047 839 3109 erit
848 3047 967 3131 quidem
978 3047 1107 3130 aliquod
1109 3049 1236 3132 pignus,

171 3135 201 3198 si
208 3133 325 3198 obsides
336 3135 451 3219 uiginti
459 3144 563 3199 nostro
574 3133 730 3201 arbitratu
741 3132 874 3197 dabitis.-
896 3135 951 3197 sed
963 3130 990 3172 ³⁶
999 3135 1172 3218 numquam*
1184 3154 1237 3197 sa-

170 3222 214 3285 tis
223 3220 352 3305 liquebit
363 3221 458 3299 nobis,
472 3221 517 3285 ibi
525 3242 634 3303 pacem
645 3241 707 3284 esse
714 3221 832 3303 popula
841 3220 993 3296 Romano,
1005 3219 1059 3284 ubi
1066 3218 1239 3284 Hannibal

595 3332 604 3372 ¹
615 3355 732 3403 nusquam
741 3341 817 3388 Grau.

101 3469 105 3476 ·
205 3461 238 3502 ³4
258 3454 386 3503 Talentum
405 3451 575 3518 Euboicarum]
602 3457 688 3504 Teleo—
721 3471 770 3504 uon
793 3458 851 3505 tetis
879 3456 961 3518 liquet.
1002 3456 1109 3504 Sufficiet
1134 3457 1237 3506 diversas

172 3524 226 3568 tum
237 3519 370 3568 Euboicum
379 3521 464 3568 Festus
475 3537 526 3568 esse
537 3523 572 3568 eit
586 3527 689 3583 quatuor
720 3523 844 3570 amborum
872 3522 1004 3570 sententies
1029 3524 1171 3584 exposuisse.
1212 3523 1238 3571 Si

171 3585 275 3634 millium
293 3587 450 3634 uenenorum.
483 3587 555 3638 Quod
571 3587 687 3635 sinduit-
719 3588 804 3635 Budei
823 3588 987 3635 auctoritatem
1009 3603 1144 3649 sequamur,
1160 3590 1239 3636 teleu-

171 3655 248 3704 tstur‚
269 3652 403 3716 Euboicum
431 3652 511 3700 miuus
533 3653 578 3699 erit
603 3653 687 3700 Attico
719 3657 772 3700 tam
786 3653 920 3701 Euboicum
936 3654 982 3700 erit
997 3667 1127 3703 merentum
1147 3655 1240 3711 ementi

172 3717 306 3764 unatertia
321 3721 395 3778 perte.
428 3715 540 3766 Quetuor
555 3718 619 3765 enim
636 3719 690 3764 mil·
722 3718 866 3765 austrenum
885 3719 956 3778 paulo
974 3720 1028 3781 plus
1049 3726 1089 3767 8⁸.
1122 3720 1147 3767 si
1165 3721 1239 3774 Festi,

172 3783 207 3830 lia
228 3781 376 3829 dauniorum
402 3782 508 3829 efficiunt
535 3783 691 3843 quodraginta
721 3795 854 3832 marearum
865 3787 904 3829 62.
917 3797 970 3832 eum
982 3785 1060 3832 unciis
1068 3791 1092 3832 4.

172 3847 262 3904 mian,
280 3860 338 3908 qun
354 3847 464 3894 Atticum
485 3848 603 3894 talentum
618 3849 707 3894 hebet·
754 3853 787 3896 86
805 3845 1024 3912 Gumpmbaeerint]
1039 3851 1103 3898 meu
1120 3851 1240 3908 eodex‚ut

172 3912 305 3974 napata.
337 3911 372 3960 At
381 3913 496 3970 Budaeus,
507 3914 522 3958 l.
535 3913 578 3960 lv.
584 3915 614 3959 de
621 3914 692 3970 Asse,
723 3918 748 3960 et
759 3913 850 3970 Siaouii
867 3915 926 3960 liber
941 3915 1160 3976 eumprsbwminte
1176 3916 1240 3975 quod

173 3977 266 4039 colligit
282 3991 311 4024 ex
324 3977 448 4026 Herodoto
467 3978 584 4025 utentum
602 3977 693 4026 Euboi·
723 3979 824 4026 tortum
836 3981 1036 4040 anteponendum.
1069 3981 1124 4027 Vnt
1137 3984 1241 4029 aot-tlt.

173 4055 228 4090 enm
248 4041 359 4090 habuisse
373 4044 451 4090 mines
470 4057 511 4090 sex
529 4047 554 4090 et
574 4044 691 4104 qoinqua-
724 4045 779 4092 «ΙΙ.
792 4044 815 4093 1.
825 4059 846 4092 a.
858 4051 898 4092 ot.

174 4107 409 4170 gintaeumduabus
417 4108 489 4156 mines
499 4109 621 4170 pertibus:
639 4122 693 4169 quae
756 4113 790 4156 88
806 4101 949 4172 Nunqm]
986 4109 1144 4170 Reposuimns
1178 4123 1264 4156 nun·-

174 4185 270 4228 tumme
285 4173 364 4220 sadud
385 4173 457 4220 debet
474 4175 504 4221 nd
522 4189 564 4222 aex
583 4179 608 4222 et
628 4188 693 4222 sexa
725 4189 797 4238 worn
817 4189 847 4224 ex
863 4175 927 4222 Vtat-
944 4175 1035 4232 codiee,
1052 4187 1126 4234 quum
1148 4174 1241 4235 vulgati

174 4237 244 4300 ‘inte
266 4251 338 4300 supra
362 4244 486 4288 museto·
512 4245 538 4288 et
567 4239 694 4300 quinquies
724 4241 779 4288 libri
795 4241 922 4304 praeierant
940 4253 1071 4301 napum:
1087 4238 1167 4288 minoe
1185 4253 1241 4300 pru·

172 4301 241 4350 mille
279 4303 395 4351 denarios.
439 4305 502 4352 Utro
534 4293 692 4354 etuhttiam
726 4307 788 4368 pris.

175 4368 288 4422 utendum
304 4370 347 4436 pn,
363 4370 478 4418 Budaine
495 4382 526 4418 eu
539 4371 614 4430 Furti,
624 4370 692 4418 uobis
