3126 4978
345 185 432 266 ssa'
488 286 490 297 Α
724 196 1011 260 u1r1u1v11

183 382 251 439 usn
264 379 320 436 ssa
346 367 435 446 solet,
464 376 614 452 exceptos
642 363 846 432 declinabunt
875 364 973 443 ictum
1005 362 1098 430 ”sed
1122 364 1236 446 armati
1264 365 1415 452 trequen-

183 455 251 503 Μ
267 461 320 504 ¹⁹¹·
345 467 404 532 tes,
428 453 556 540 quidam
586 451 676 540 ignes
701 452 809 533 etiarn,
831 471 911 538 quos
936 451 1106 540 aggeribus
1135 450 1309 539 injicerent,
1332 452 1415 524 fere-

343 541 434 607 bant.
463 539 599 605 fornices
624 559 752 625 quoque
779 537 813 602 in
843 559 936 604 muro
964 550 1055 604 erant
1083 537 1151 622 apti
1178 538 1217 602 ad
1240 559 1415 606 excurren-

345 627 443 694 dum:
467 637 499 691 ot
512 626 523 690 i
562 625 583 703 i,
599 646 698 712 quum
713 646 773 711 pro
787 624 902 691 dirutis
922 623 1089 690 reficerent
1103 645 1223 706 muros,
1238 625 1416 700 crebriores

345 711 412 791 eos,'
438 725 475 779 ut
502 711 647 798 puribus
675 725 897 797 erumperetur
918 712 950 776 in
974 709 1098 776 bostem
1128 710 1216 790 louis,
1246 712 1414 778 faciebant.

348 801 425 866 Hoc
439 800 550 886 primis
569 797 690 877 diebus,
710 796 789 900 dum
814 799 948 899 intagtae
971 795 1053 862 vires
1074 810 1174 900 erant,
1190 810 1222 864 et
1235 798 1415 900 frequentes

346 884 772 1059 fflltffiltlltl
794 883 1415 1060 lteltllttffilltlt‘ffit

334 1076 384 1125 ao
397 1058 514 1148 vigilia
527 1057 740 1126 conficiebant
748 993 835 1133 :bib

347 1145 590 1212 succedentibus
614 1143 685 1209 aliis
709 1145 742 1208 in
767 1145 933 1210 stationem
960 1143 1109 1226 aliorum,
1126 1143 1254 1210 AEtolos
1283 1157 1416 1232 propter

347 1233 540 1320 paucitatem
566 1229 693 1297 eosdem
722 1229 789 1295 dies
812 1243 982 1318 noctesque
1006 1231 1131 1298 assiduo
1156 1231 1266 1298 labore
1291 1243 1415 1298 urente.

350 1319 423 1386 Per⁴
442 1332 581 1406 quatuor
608 1329 641 1383 et
669 1316 781 1406 viginti
811 1317 888 1392 dies,
912 1319 957 1383 ita
985 1329 1022 1383 ut
1051 1316 1173 1384 nullum
1205 1331 1331 1405 tempus
1360 1341 1415 1384 va-

344 1425 444 1472 ountn
474 1405 677 1470 dimicatione
705 1415 797 1483 esset,
827 1403 978 1470 adversus
1008 1417 1145 1491 quatuor
1168 1428 1185 1469 e
1208 1406 1352 1490 partibus
1373 1407 1415 1470 si-

348 1492 416 1558 mul
431 1492 669 1581 obpugnantem
684 1489 808 1556 hostem
826 1503 1001 1556 nocturnus
1020 1490 1138 1557 diurno
1152 1491 1355 1558 continuatus
1369 1491 1417 1558 la·

352 1581 412 1645 bor
435 1592 492 1646 est.
537 1578 650 1656 Quum
675 1575 823 1666 fatigatos
843 1579 911 1680 jam
926 1576 1053 1642 AEtolos
1075 1577 1168 1643 sciret
1191 1578 1303 1644 consul
1321 1591 1356 1644 et
1376 1601 1417 1646 ex

349 1666 473 1735 rabono
494 1664 656 1750 temporis,
677 1676 709 1730 et
732 1663 819 1751 quod
843 1677 888 1730 tta
910 1662 1082 1752 transfugia
1102 1661 1327 1744 adfirmabant,
1353 1665 1417 1732 tale

348 1751 516 1819 consilium
537 1751 619 1816 iniit.
640 1749 744 1815 media
765 1764 859 1816 noete
884 1750 1024 1836 receptui
1052 1750 1178 1840 signum
1200 1751 1297 1830 dedit,
1320 1763 1354 1818 et
1376 1751 1417 1818 ab

347 1840 588 1928 obpugnatione
606 1836 700 1901 simul
724 1858 833 1902 omnes
856 1837 971 1902 milites
992 1835 1145 1903 deductos
1169 1839 1331 1926 usquead
1353 1851 1418 1904 ter-

349 1930 425 1992 tiam
446 1925 508 1990 diei
529 1923 791 2023 borumnquietus
811 1924 845 1986 in
867 1923 977 1988 eastlis
1000 1924 1111 1989 tenuit.
1133 1926 1208 1990 inde
1231 1938 1337 2010 coepta
1359 1925 1417 1992 ob-

347 2009 837 2183 lrlllelqltdllllltl
852 2009 1418 2186 iiiiinpifdiiiiioii‘i‘iii
1540 2065 1541 2076 '

349 2205 493 2251 caussam
517 2203 585 2249 esse
599 2179 702 2246 AEtoli
726 2203 793 2247 non
815 2182 1040 2249 continuandae
1063 2183 1321 2272 obpugnationis,
1343 2207 1417 2274 quae

350 2287 382 2338 et
396 2274 481 2360 ipsos
503 2270 673 2348 adfecerat,
689 2268 745 2334 ubi
762 2269 917 2336 Romanis
939 2269 1049 2336 datum
1070 2271 1211 2356 receptui
1227 2275 1355 2362 signum
1368 2295 1417 2337 es·

347 2371 405 2436 set,
421 2357 509 2424 velut
523 2357 583 2444 ipsi
597 2377 725 2442 quoque
747 2355 810 2421 hoe
831 2357 979 2432 revocati,
1000 2377 1061 2442 pro
1082 2357 1269 2446 aequisque
1290 2381 1331 2424 ex
1353 2375 1417 2424 sta-

347 2442 715 2598 tionibupddeeadbgbant:
740 2463 799 2508 nec
813 2455 886 2510 ante
900 2443 1026 2510 tertiam
1043 2442 1106 2510 diei
1121 2443 1234 2512 horam
1254 2446 1370 2512 armati
1383 2445 1419 2510 in

350 2532 449 2598 muns
532 2552 585 2596 are
627 2539 674 2594 ut.

837 1058 936 1123 manis
959 1058 992 1122 iu
1012 1071 1135 1146 ‘magua
1159 1059 1254 1144 eopia
1276 1059 1415 1124 militum

388 2618 482 2690 ¹XXI
517 2663 526 2683 .
551 2615 682 2694 Consul.
698 2635 797 2702 quum
819 2625 913 2680 nocte
935 2617 1039 2682 media
1060 2610 1279 2685 intermisisset
1291 2621 1419 2708 obpug-

350 2706 526 2784 nationem,
543 2713 656 2790 quarta
669 2701 777 2786 vigilio
798 2723 906 2767 rursus
920 2702 962 2767 ab
976 2704 1077 2769 tribus
1091 2705 1235 2790 partibus
1249 2729 1374 2771 summo
1389 2707 1420 2771 vi

348 2791 529 2881 adgressus,
552 2789 592 2855 ab
614 2809 679 2854 una
698 2787 751 2854 Ti.
769 2789 994 2874 Sempronium
1015 2800 1123 2856 tenere
1142 2792 1280 2858 intentos
1301 2794 1419 2858 milites

279 2969 283 2980 ·
351 2874 1013 3034 ltllltlt‘tlllltnlliltltt
1026 2877 1419 3032 lilttlltttffit

351 3072 413 3119 ros.
458 3050 561 3118 AEtoli
584 3071 658 3134 pars
683 3049 779 3133 sopiti
795 3007 927 3116 ’adfecto
951 3049 1062 3115 labore
1084 3071 1122 3116 ao
1143 3051 1258 3140 vigiliis
1281 3073 1420 3138 corpora

349 3147 393 3206 ‘ox
407 3159 521 3206 somno
535 3135 765 3203 moliebantur:
790 3157 863 3220 pars
878 3133 1044 3224 vigilantes
1064 3136 1170 3203 adhuc
1190 3139 1232 3204 ad
1252 3141 1420 3228 strepitum

352 3225 566 3315 pugnantium
587 3223 620 3288 in
643 3221 782 3288 tenebris
801 3234 968 3288 currunt·
991 3221 1112 3290 Hostes
1134 3226 1251 3309 partim
1273 3247 1332 3312 per
1354 3229 1421 3292 rui·

347 3333 411 3377 nas
429 3311 563 3399 jacentis
585 3307 670 3373 muri
691 3307 915 3373 transcendere
928 3320 1101 3386 conantum
1124 3312 1240 3395 partim
1256 3310 1348 3378 scalis
1362 3314 1420 3380 ad-

350 3419 479 3468 soenaus
498 3409 631 3464 tentant.
653 3394 805 3460 adversus
819 3416 898 3482 quos
914 3395 1054 3483 undique
1076 3396 1118 3462 ad
1139 3419 1235 3484 opem
1256 3398 1421 3468 ferendum

352 3483 530 3552 obsurrunt
543 3482 653 3549 AEtoli.
696 3479 723 3521 ⁹⁰
734 3480 813 3546 Pars
827 3503 901 3558 unu,
917 3481 951 3558 in
966 3504 1029 3569 qua
1043 3483 1179 3550 edificia
1194 3497 1286 3552 extra
1305 3487 1420 3554 urbem

352 3582 453 3649 orant,
469 3592 572 3658 neque
583 3566 777 3651 defenditur,
788 3590 891 3656 neque
905 3568 1126 3658 obpugnatus:
1150 3571 1214 3650 sed,
1225 3573 1280 3660 qui
1294 3572 1421 3664 obpug-

253 3693 256 3701 ·
351 3669 476 3739 natent,
493 3655 607 3724 intenti
621 3654 747 3744 signum
762 3657 1006 3743 exspectabant3
1028 3647 1175 3724 defen'sor
1188 3679 1285 3724 nemo
1298 3661 1420 3728 aderat.

353 3995 387 4044 sle
398 3992 491 4041 Geleoll
504 3993 572 4050 liber,
584 4007 637 4040 enm
648 4005 699 4040 uno
711 4008 724 4040 s
736 3995 870 4042 Gronovis·
903 4007 947 4043 sno
969 3995 1095 4057 exemplari
1118 3993 1246 4044 Gelenius:
1266 4008 1340 4056 quum
1364 3997 1421 4043 ants

353 4063 390 4111 uis
401 4064 520 4107 otnostro
531 4059 595 4105 luet.
805 4075 808 4082 ⁴
902 4075 956 4108 eum
968 4061 1099 4122 legeretur:
1114 4075 1420 4123 parcumquoprogm·

386 4132 416 4176 89
434 4125 484 4173 Sed
503 4125 593 4172 armati
608 4119 761 4187 frequenter]
785 4124 869 4183 Adjioe
901 4127 926 4173 ai
944 4132 1020 4172 nant.
1065 4125 1122 4177 Qus
1139 4127 1165 4176 in
1186 4127 1352 4175 mentatione
1376 4127 1423 4172 hoo

352 4191 452 4241 omnino
463 4189 625 4253 erumpebant,
636 4189 674 4236 vel
686 4189 750 4236 alind
765 4189 822 4250 quid
840 4189 872 4236 ti·
903 4203 978 4236 unum
990 4191 1052 4238 haud
1066 4192 1165 4241 omniuo
1182 4193 1268 4255 placet,
1280 4193 1344 4252 quod
1356 4191 1421 4239 audi-

351 4259 417 4306 mila.
902 4259 944 4302 tur
954 4253 1071 4315 particula
1081 4259 1118 4317 in,
1131 4259 1241 4320 ignorata
1256 4257 1309 4306 aliis
1326 4255 1421 4318 seriptis

381 4329 415 4372 9ο
432 4319 495 4367 Pars
506 4335 565 4376 una,
581 4320 608 4366 la
624 4333 671 4380 qua
687 4317 789 4376 edificia
799 4324 871 4365 astra
902 4325 927 4367 et
939 4326 997 4368 vett
1010 4322 1095 4372 editisz
1113 4337 1165 4385 qua
1182 4323 1276 4386 quidem
1288 4321 1421 4381 elegantius

351 4389 431 4434 erlem
451 4383 531 4448 erant]
549 4385 622 4434 Hunc
633 4385 714 4433 locum
725 4383 830 4432 restituit
841 4398 870 4432 ex
902 4385 1002 4440 abeam.
