3126 4978
406 193 501 254 LIB.
524 194 686 254 XXXVII.
713 194 816 254 CAR
838 193 984 275 XXXIV.
1164 202 1222 262 ³⁰7

159 355 331 420 conuenire
340 357 442 443 jubet,
458 359 499 424 ne
520 358 729 424 violarent-nr:
752 370 784 424 et
805 358 839 422 in
860 358 1021 436 omnibus,
1036 380 1109 445 qum
1123 359 1260 444 ipsi'usu.
1270 372 1297 420 c.
1308 371 1381 422 aas..

158 443 324 527 potestatis
343 435 481 522 fuerunt,
495 444 576 510 fides
598 445 739 510 constitit
758 444 915 530 praemris.
961 445 1096 523 Urbem,
1112 469 1220 534 agros·
1227 437 1295 484 M·
1310 440 1362 488 ’θα

159 551 234 615 quo,
256 543 289 594 et
310 532 382 594 suas
403 531 488 618 leges
511 532 549 595 iis
574 533 728 597 restituit:
752 545 794 610 et,
816 533 891 618 quia
912 531 976 617 jam
1003 531 1102 596 hiems
1124 533 1221 620 adpe-

157 613 254 692 tebat,
273 615 417 682 Phocaeas
431 626 542 703 portus
556 619 596 682 ad
612 617 843 692 hibernandum
860 618 950 682 classi
967 617 1090 702 delegit.

109 749 114 752 -
203 702 373 770 XXXIII.
398 704 461 768 Par
490 703 574 768 idem
606 704 671 768 sere
706 718 831 788 tempus
862 705 999 783 consuli,
1027 711 1220 792 transgresso

158 787 333 854 AEniorum
351 789 648 878 Maronitarumque
668 791 757 868 fines,
772 791 952 868 nunciatur,
967 792 1081 870 victam
1101 792 1219 892 regiam

155 875 288 940 classem
310 875 352 942 ad
380 875 605 959 Myonnesum,
629 877 834 964 relictamque
859 900 878 941 a
900 877 1051 962 presidio
1076 877 1221 963 Lysima-
1314 933 1317 940 .

114 979 115 982 ’
155 960 262 1026 chiam
286 985 365 1029 esse.
408 963 487 1028 ”Id
512 963 624 1041 multo,
638 965 743 1050 'quam
766 964 807 1028 de
825 964 930 1028 navali
951 963 1094 1042 victoria,
1116 963 1220 1030 laetius

154 1047 233 1112 fuit:
257 1049 367 1136 utique
382 1063 548 1135 postquam
563 1073 602 1116 eo
617 1064 783 1128 venerunt,
795 1049 971 1136 refertaque
985 1051 1062 1114 urbs
1076 1053 1220 1116 omnium

155 1154 265 1200 rerum
281 1137 517 1215 commeatibus,
534 1137 620 1202 velut
642 1137 673 1200 in
696 1137 866 1202 adventum
889 1137 1046 1202 exercitus
1060 1159 1220 1222 praepara·-

157 1223 209 1300 tis,
225 1241 278 1286 eos
294 1223 434 1308 excepit3
457 1224 513 1286 ubi
536 1225 674 1310 inopiam
698 1222 842 1288 ultimam
865 1223 1070 1310 laboremque
1091 1224 1221 1293 inobsi-

158 1307 266 1373 denda
280 1313 359 1374 urbe
382 1310 441 1374 sibi
463 1321 703 1395 proposuerant.
749 1309 799 1374 Ibi
814 1332 931 1394 paucos
945 1311 1013 1374 dies
1035 1311 1149 1376 stativa
1162 1310 1220 1375 ha-

158 1397 266 1473 buere,
284 1408 320 1460 ot
336 1395 556 1477 inpedimenta
577 1397 719 1483 aegrique
741 1409 1019 1482 consequerentur,
1035 1397 1092 1483 qui
1106 1399 1219 1483 passim

155 1504 216 1564 per
237 1483 344 1546 omnia
367 1482 518 1548 Thraciae
540 1483 678 1561 castella,
699 1483 770 1548 fessi
784 1483 810 1521 ⁹⁸
822 1484 940 1549 morbis
962 1505 999 1547 ac
1020 1483 1221 1570 longitudine

156 1569 230 1645 uim,
252 1569 356 1632 relicti
381 1581 481 1634 erant.
528 1567 676 1654 Receptis
695 1569 852 1645 omnibns,
876 1570 1007 1656 ingressi
1030 1592 1140 1636 rursus
1161 1571 1221 1635 iter

156 1659 217 1740 per
239 1653 484 1734 Chersonesum,
502 1655 745 1740 Hellespontum
771 1657 968 1740 perveniunt.
991 1655 1057 1733 uui,
1073 1658 1221 1720 omnibus
1230 1669 1374 1728 Hellespon·

154 1763 237 1806 cura
257 1743 342 1828 regis
374 1741 527 1808 Eumenis
547 1743 586 1806 ad
610 1741 827 1827 trajiciendum
856 1743 1054 1828 preparatis,
1076 1742 1170 1808 velut
1187 1739 1336 1812 infll'm·

154 1841 276 1912 -pocatu
300 1827 403 1906 litora,
426 1827 516 1894 nullo
541 1827 742 1914 prohibente,
760 1828 830 1908 aliis
853 1829 915 1893 alio
938 1828 1051 1894 delatis
1076 1807 1288 1908 navibuslffl'

155 1915 227 1978 siue
241 1915 381 1980 tumultu
396 1916 554 2002 trajecere.
600 1915 648 1980 Ea
664 1937 739 1978 vcro
754 1937 804 1982 res
820 1915 971 1980 Romanis
983 1914 1072 1980 auxit
1086 1915 1220 1996 animoa,

157 2021 343 2066 concessum
365 2002 425 2066 sibi
448 2003 580 2066 transire
602 2001 806 2066 cernentibus
830 2001 862 2066 in
884 2001 1014 2078 Asiam3
1037 2024 1140 2089 quam.
1154 2023 1220 2068 rem

153 2087 269 2172 magni
291 2088 472 2152 certaminis
491 2087 629 2154 futuram
649 2087 857 2154 crediderant.
903 2087 1023 2154 Statius
1045 2086 1160 2152 deiude
1181 2088 1223 2154 ad

157 2173 408 2258 Hellespontum
423 2175 617 2261 aliquamdiu
633 2174 823 2253 habuerunt,
839 2174 915 2260 quia
928 2174 954 2213 ⁹⁹
965 2175 1031 2238 dics
1045 2172 1136 2253 forte,
1153 2176 1224 2261 qui-

157 2260 219 2324 bus
234 2259 350 2324 ancilia
362 2261 695 2349 mouentum-religiosi
707 2261 748 2324 ad
757 2261 819 2324 iter
833 2261 1021 2326 inciderant.
1043 2260 1223 2326 iidem'dies

159 2347 199 2410 P.
217 2347 399 2432 Scipionem
426 2347 578 2432 propiore
602 2347 696 2412 etiam
722 2346 884 2433 religione,
911 2347 987 2433 quia
1011 2347 1116 2412 Saliu's
1142 2362 1221 2425 erat,

156 2432 379 2519 disjunxerant
400 2434 441 2499 ab
462 2434 622 2500 exercitu:
645 2455 818 2519 cerussaque
838 2445 869 2498 et
891 2434 917 2497 is
938 2431 1007 2519 ipo'e
1029 2455 1128 2503 morae
1144 2448 1222 2510 erat,

155 2519 237 2584 dum
250 2523 507 2607 consequeretur.
997 2571 1001 2580 .

176 2640 179 2646 ·
203 2607 361 2678 XXXIV.
383 2607 447 2672 Per
467 2629 521 2670 eos
541 2605 623 2671 forte
644 2605 710 2670 dies
732 2607 853 2693 legatus
874 2606 914 2670 ab
932 2604 1093 2673 Antiocho
1113 2605 1151 2670 in
1169 2619 1332 2694 car-mauu.

156 2704 224 2758 stra
247 2705 376 2758 venerat
389 2693 563 2780 Byzantius
583 2691 782 2769 Heraclides.
802 2691 851 2756 de.
865 2713 943 2778 pace
966 2690 1110 2757 adferens
1132 2713 1221 2757 man·
1229 2684 1345 2794 prooem

155 2779 235 2844 data
249 2805 258 2844 :¹
279 2779 375 2865 quam
402 2779 634 2864 impetrabilem
656 2777 735 2855 fore,
759 2800 907 2864 magnam
933 2778 962 2841 ci
991 2800 1078 2862 spem
1108 2777 1223 2842 adtulit
1246 2762 1335 2810 ‘⁹⁸⁰⁶’

157 2888 250 2930 mora
274 2879 305 2931 et
329 2867 489 2930 cunctatio
516 2865 754 2941 Romanorum
777 2886 866 2950 qnos,
889 2863 983 2928 simul
1008 2865 1116 2927 Asiam
1139 2864 1222 2928 adti-

154 2951 285 3036 pissent,
314 2952 416 3018 effuso
443 2952 571 3038 agmine
600 2951 641 3016 ad
668 2963 831 3016 castrare
855 2949 865 2998 ⁹-
908 2949 1009 3015 ituros
1035 2948 1220 3014 crediderat.

156 3039 277 3104 Statuit
298 3051 404 3104 tamen
427 3061 491 3104 non
516 3038 604 3122 prius
625 3037 713 3102 adire
735 2973 907 3116 causalium,
930 3057 1026 3121 quam
1042 3036 1080 3100 P.
1099 3036 1243 3121 Scipio.
1310 3065 1326 3082 ἰ

157 3147 251 3190 neme
273 3126 362 3190 etita
378 3125 562 3191 mandatum
583 3125 623 3190 ab
638 3145 714 3212 rege
727 3137 804 3188 erat.
828 3125 860 3186 in
884 3145 923 3188 eo
944 3122 1116 3188 maalmam
1132 3144 1219 3208 spem

155 3210 306 3292 habebat,
322 3212 558 3298 ¹praetarqoam
574 3211 660 3297 quod
675 3223 706 3275 et
727 3209 914 3292 magnitudo
935 3208 1035 3274 animi
1049 3222 1080 3272 et
1093 3209 1221 3274 satietas

155 3297 269 3384 gloriae
297 3298 484 3383 placabilem
510 3319 582 3362 eum
610 3298 747 3362 maxime
776 3295 927 3374 faciebam
949 3309 1125 3382 notumque
1153 3307 1220 3361 erat

179 3384 315 3462 entibus,
331 3386 386 3470 qui
408 3386 508 3450 rimor
523 3383 575 3448 ille
596 3385 628 3448 in
653 3383 823 3467 Hispania,
853 3384 907 3471 qui
929 3382 1041 3446 deinde
1062 3383 1096 3445 in
1111 3381 1301 3466 Africanum
1311 3386 1376 3463 Atri-

154 3405 283 3535 Vuisset:
307 3473 402 3538 etlam
417 3473 501 3558 quod
516 3471 600 3536 filius
615 3471 680 3556 ejus
695 3481 805 3554 captus
820 3470 853 3534 in
875 3480 1028 3556 potestate
1044 3469 1127 3553 regis
1140 3483 1218 3534 erat.
1227 3467 1280 3500 ‘⁸¹¹¹
1292 3457 1367 3564 Ὗ

155 3557 190 3622 Is
212 3558 279 3636 ubi,
300 3569 331 3622 et
353 3558 491 3650 quaudo,
504 3571 548 3622 et
568 3579 632 3643 quo
658 3579 734 3622 casu
759 3569 871 3641 captus
891 3557 944 3633 sit,
962 3557 1043 3620 sicut
1067 3532 1384 3644 pleraquelsuseffium

187 3739 218 3782 97
235 3733 270 3778 Id
278 3733 433 3794 multoquana
444 3732 560 3780 denarrati
570 3731 674 3786 otctoria,
705 3729 755 3792 tur]
773 3730 840 3787 Dies,
849 3731 935 3790 quibua
947 3730 1003 3779 Salii
1012 3731 1108 3779 Ancilic
1118 3733 1220 3782 terentes

155 3797 236 3846 latim
251 3795 319 3860 fito]
342 3799 443 3858 supplet
461 3797 584 3856 Dujatiua,
602 3812 672 3858 quum
702 3810 745 3858 per
757 3796 837 3842 urbem
849 3802 908 3842 eunt
919 3811 973 3842 cum
989 3796 1098 3856 tripudii·
1113 3799 1221 3845 solenni·

154 3861 259 3909 nunnius
273 3864 300 3908 de
319 3863 520 3909 aaauh'm'clorr'a.
549 3861 594 3908 Sed
605 3862 672 3922 clllp·
704 3875 750 3921 qne
773 3861 867 3906 saltatu.
901 3863 938 3910 De
961 3861 1029 3906 Saliis
1051 3866 1076 3908 et
1096 3863 1221 3911 Ancilibur

153 3927 534 3988 airprolectocatdurlor,quam
545 3931 671 3974 uteaere·
703 3925 777 3972 vidl.
791 3925 842 3972 I.c.
855 3928 894 3973 90.
911 3927 974 3972 Dies
988 3959 994 3971 .
1070 3927 1225 3988 religr'car'od

153 3991 237 4042 damus
256 3994 290 4040 uti
306 3994 409 4041 voluisse
426 3993 528 4042 Livium.
563 3993 671 4056 Suspica-
704 3993 751 4038 tter
768 3995 825 4045 strat
842 3987 901 4049 dier,
921 3992 1006 4052 quibus
1024 4006 1065 4053 per
1084 3993 1222 4054 religionem

152 4073 208 4106 mur
218 4059 258 4105 lrIc
269 4059 357 4119 aliquid
368 4073 419 4106 esse
429 4059 542 4120 corrupti.
705 4071 754 4106 nou
765 4054 821 4102 IIcet
832 4058 877 4116 iter
887 4058 969 4104 facere.

187 4111 225 4174 98¹
235 4113 339 4188 Maru]
355 4122 418 4171 vat.
438 4125 519 4181 codex,
531 4125 595 4170 utet
606 4123 672 4168 Tuo«
738 4128 750 4168 1
761 4121 950 4183 *hanapum
956 4125 1033 4186 qaod.
1047 4156 1054 4170 .
1065 4125 1140 4169 etiam
1151 4119 1224 4183 quod]

153 4203 246 4266 apa-qm,
266 4190 357 4236 morbo.-
376 4189 447 4250 quue
468 4191 599 4252 genuinum
621 4203 671 4236 esse
705 4189 766 4266 Ilaec
776 4187 857 4264 eodem
868 4190 939 4249 plane
950 4189 1067 4267 recidunt,
1080 4201 1107 4235 ac
1119 4187 1139 4240 ri
1151 4187 1224 4246 scrip-

153 4245 672 4380 tutemnitrtnttrt
706 4253 942 4380 :tte-ttulit

188 4391 219 4433 99
238 4385 299 4432 Dies
311 4417 318 4430 .
332 4416 355 4430 ..
371 4385 455 4447 qulbus
464 4385 564 4432 Ancilla
583 4397 673 4432 moven-

763 4455 820 4510 x?
