3082 4976
298 237 300 241 .
388 185 446 256 us
762 181 880 276 Ιτίτι
910 181 1048 260 n1v1'1

222 368 358 423 unsre.
383 357 463 423 eules
488 357 626 437 fuerunt,
651 361 692 426 ab
715 362 757 430 A.
775 361 939 428 Postumio
962 364 1091 428 consule
1116 364 1148 428 in
1174 373 1306 428 senatum
1326 358 1409 423 intro·

218 436 358 523 ,¹²·⁰‘¹⁸⁰·
383 445 482 526 ducti,
511 448 566 534 qui
598 469 638 511 ex
658 447 833 532 ,Hispania
865 450 1009 514 citeriore
1037 464 1188 515 venerant
1216 473 1234 514 e
1261 447 1297 524 Q.
1314 443 1410 510 Fulvio

384 531 511 611 Flacco,
539 533 578 596 L.
595 532 758 598 Minucius
785 536 913 622 legatus,
939 550 971 601 et
992 536 1058 600 duo
1081 536 1199 601 tribuni
1223 534 1357 607 militum,
1376 529 1411 592 T.

384 617 524 684 Maenius
545 630 580 702 et
599 618 671 684 ¹⁸L.
687 621 854 685 Terentius
871 621 1072 687 Massiliota&
1118 621 1176 700 Hi,
1191 641 1283 710 quum
1303 619 1361 682 duo
1373 639 1411 680 se·

382 704 486 768 cunda
518 705 639 790 proelie,
665 705 858 770 deditionem
877 709 1080 785 'Celtiberiae,
1107 709 1275 772 confectum
1302 701 1412 790 provin·

382 791 464 854 ciam
479 792 690 869 nunciassent,
706 814 764 856 nec
779 794 944 878 stipendio,
961 795 1047 880 quod
1064 795 1144 860 nritti
1161 795 1281 869 soleret,
1295 788 1373 854 neci
1400 819 1413 837 ·

382 890 489 940 mento
503 887 630 962 porteto
652 878 691 941 ad
712 883 882 944 exercitum
902 880 934 944 in
957 903 1028 945 eum
1051 903 1169 946 unnum
1191 901 1268 965 opus
1287 897 1355 960 estes
1369 895 1412 957 ΡΘ·

381 963 498 1026 tierunt
513 963 553 1027 ab
568 978 676 1028 senatu
694 965 841 1048 primunr,
856 976 890 1030 ut
904 967 940 1030 ob
954 989 1003 1031 res
1017 987 1167 1052 prospere
1181 976 1280 1052 gestas
1293 964 1361 1027 Diis
1374 962 1412 1023 in-

380 1050 555 1115 mortalibus
568 1052 663 1114 bonos
676 1053 845 1116 baberetur.
868 1051 992 1129 deinde,
1008 1064 1042 1117 ut
1059 1053 1099 1129 Q.
1110 1055 1220 1118 Fulvio
1234 1046 1372 1115 decedenti
1384 1047 1414 1108 de

374 1137 540 1217 provincia
555 1139 717 1219 deportare
732 1140 802 1200 inde
815 1141 986 1216 occuitum,
997 1139 1170 1225 crpusfirrti
1184 1159 1274 1221 opera
1285 1145 1313 1200 et
1325 1136 1415 1218 ipscet

380 1223 469 1285 multi
481 1233 554 1286 ante
567 1243 631 1286 eum
641 1229 791 1306 praetores
804 1226 853 1288 usi
868 1235 973 1300 essent,
989 1227 1103 1290 liceret.
1126 1224 1293 1310 quodfieri,
1303 1227 1414 1304 prater-

380 1325 470 1391 quam
492 1312 573 1392 quod
586 1311 633 1372 ita
647 1309 773 1386 deberet,
789 1309 910 1374 ¹⁹ettam
928 1333 1027 1394 prope
1049 1314 1245 1376 necessarium
1259 1316 1335 1372 esset.
1372 1303 1415 1369 Ita

380 1395 459 1457 enim
474 1394 639 1459 obstinatos
651 1416 713 1459 esse
726 1397 846 1472 milites,
858 1405 892 1460 ut
906 1417 966 1460 non
981 1399 1064 1461 ultra
1078 1399 1209 1461 retineri
1216 1415 1302 1479 posse
1315 1394 1344 1469 in
1353 1409 1415 1480 proj

266 1503 269 1511 ’
323 1487 332 1500 ’
380 1481 483 1544 pincia
497 1483 687 1557 uiderentur,
698 1482 869 1566 irp'ussuque
883 1482 1000 1546 abituri
1014 1485 1086 1547 inde
1098 1493 1205 1558 essent,
1220 1485 1248 1546 si
1262 1501 1318 1543 nan
1330 1475 1416 1540 dimit-

290 1627 293 1634 ,
379 1575 533 1631 tereretur:
550 1578 605 1630 aut
620 1569 654 1631 in
663 1570 875 1650 perniciosam,
890 1569 996 1652 siquis
1011 1571 1136 1652 inpense
1149 1571 1299 1644 retineret,
1313 1561 1416 1627 seditio·

220 1665 358 1714 ruenda.
379 1669 446 1717 nem
475 1656 626 1718 erarsuri.
672 1652 862 1717 Consulibus
894 1654 1049 1718 ainbobus
1078 1656 1272 1740 provinciam
1302 1645 1415 1734 Ligures

379 1761 445 1804 esse
459 1752 584 1804 senatus
594 1741 696 1826 jussit.
742 1739 900 1804 Praetores
913 1739 987 1804 inde
1001 1741 1103 1805 sortiti
1115 1753 1200 1804 sunt.
1243 1743 1281 1804 Α.
1297 1729 1417 1802 Hostilio

379 1826 511 1903 urbana,
528 1826 581 1890 Ti.
600 1826 746 1890 Minucio
761 1827 927 1914 peregrina
945 1825 1082 1902 obvenit,
1100 1827 1136 1891 P.
1154 1825 1304 1891 Cornelio
1318 1815 1415 1916 Sicilia,

381 1913 421 1977 C.
437 1911 561 1976 Maenio
578 1913 732 1976 Sardinia.
777 1912 951 1996 Hispanias
971 1913 1084 1990 sortiti,
1102 1915 1138 1976 L.
1156 1910 1333 1977 Postumius
1352 1905 1415 1969 ulte·

379 1998 506 2073 riorem,
523 1998 576 2062 Ti.
595 1999 799 2082 Sempronius
814 1999 1001 2062 citeriorem.
1046 2001 1076 2063 ls
1091 1999 1165 2085 quia
1180 2015 1369 2062 successurus
1382 1990 1415 2067 Q·

321 2151 332 2174 ,
380 2083 493 2148 Fulvio
510 2083 625 2148 Flacco
639 2095 715 2161 eret,
731 2106 771 2147 ne
783 2095 887 2148 vetere
901 2085 1042 2149 exercitu
1063 2086 1228 2170 provincia
1243 2082 1417 2169 spoliaretur

384 2172 505 2248 Quare,
521 2170 634 2256 inquit,
650 2173 688 2234 de
702 2180 742 2247 te,
759 2170 799 2234 L.
815 2171 948 2246 Minuci,
964 2193 1052 2256 quum
1071 2172 1238 2256 consectam
1247 2165 1416 2254 prouinciam

377 2259 511 2333 nuncies,
527 2259 723 2335 existimesne,
742 2257 907 2322 Celtiberos
920 2267 1069 2340 perpetuo
1084 2260 1118 2322 in
1126 2259 1201 2340 fide
1214 2251 1418 2328 mammonin

229 2399 230 2404 ,
319 2413 323 2422 ,
379 2353 414 2408 ut
427 2344 494 2408 sine
507 2345 640 2408 caercitu
654 2366 691 2408 ea
702 2345 864 2426 prouincia
879 2343 1012 2408 obtineri
1024 2343 1144 2428 possit?
1166 2345 1206 2408 Si
1218 2363 1309 2427 neque
1321 2336 1418 2420 deside

269 2435 288 2467 ⁵
379 2429 577 2494 barbarorum
598 2431 759 2514 quidquam
779 2431 916 2506 recipere
934 2429 1174 2509 aut-adfirmare
1196 2430 1283 2493 nobis
1297 2426 1419 2510 potres

354 2592 359 2599 ¹
379 2517 546 2580 labendum
559 2517 623 2580 illic
637 2518 741 2600 utiquc
754 2518 915 2579 caercitum
935 2537 1034 2580 censes
1039 2550 1051 2588 ,·
1074 2525 1173 2580 utrum
1197 2517 1316 2580 tandem
1331 2517 1418 2573 auctor

378 2603 498 2666 senatui
515 2604 560 2667 'sis
579 2604 813 2686 ucpplcmentum
831 2605 864 2680 in
879 2602 1066 2686 Hispaniam
1081 2604 1233 2678 mittendi,
1248 2610 1282 2666 ut
1296 2599 1320 2664 ii
1338 2594 1417 2666 modos

379 2689 485 2772 quibus
505 2691 629 2753 emerita
650 2689 805 2771 stipendia
830 2689 902 2763 sint,
929 2689 1040 2752 milites
1064 2688 1270 2765 dimittantur,
1285 2679 1419 2749 primibus
1491 2701 1492 2706 ’

379 2775 526 2838 militibus
539 2777 655 2838 tirones
668 2775 907 2838 inmisceamur?
923 2795 976 2852 un,
992 2775 1127 2838 deductis
1141 2776 1179 2838 de
1188 2771 1342 2858 promruia
1354 2773 1417 2832 nete·

379 2861 463 2926 ribus
476 2862 654 2946 legionibus,-
669 2881 763 2924 novas
780 2859 986 2924 conscribendi
1006 2870 1036 2924 et
1050 2861 1194 2924 mittendi
1198 2895 1210 2934 ‚·
1234 2879 1320 2944 quum
1332 2854 1418 2915 ”con-

378 2956 497 3010 temtum
512 2949 685 3011 tirocinium
703 2949 794 3010 etiarn
814 2947 946 3011 mitiores
967 2947 1113 3010 barbaros
1132 2948 1268 3012 excitare
1281 2945 1323 3008 nd
1340 2935 1417 3005 rebel·

377 3035 502 3097 tandum
519 3035 638 3116 possit?
661 3033 769 3108 Dicta,
786 3053 875 3116 quarn
889 3033 1072 3117 rusticitius
1084 3034 1135 3108 sit,
1146 3033 1336 3115 prooirscicm
1350 3029 1419 3108 inge·

332 3148 334 3152 ¹
378 3121 432 3183 nio
451 3120 599 3204 ferocem,
629 3119 859 3194 rebellatricem,
886 3115 1068 3202 conperisse?
1094 3121 1209 3184 Poucae
1237 3113 1419 3188 ciuitateuui

247 3215 249 3223 ’
270 3217 274 3224 ’
290 3217 291 3222 ’
320 3279 347 3292 μ,
378 3207 497 3289 quidem
512 3227 566 3290 ega
581 3206 684 3280 audie,
700 3201 892 3288 quas-vicina
911 3207 1040 3268 manime
1053 3205 1183 3268 biberna
1200 3203 1380 3288 premebant,
1394 3195 1419 3258 in

367 3290 425 3374 jus
439 3293 643 3375 ditionemque
656 3300 816 3363 uenerunt‚·
840 3292 1000 3354 ulteriores
1014 3292 1049 3354 iu
1063 3292 1157 3355 cernis
1170 3302 1251 3356 sunt.
1270 3308 1336 3374 quae
1347 3299 1419 3369 qumi

378 3377 426 3441 ita
440 3379 512 3455 sint,
523 3385 583 3462 'ego
593 3377 664 3462 jam
678 3378 751 3440 binc
761 3377 912 3459 predico,
928 3377 1041 3441 Patres
1054 3379 1232 3460 conscripti,
1242 3397 1293 3440 'me
1306 3370 1421 3438 ereum

378 3485 425 3538 cu,
440 3466 496 3548 qui
509 3485 588 3527 nunc
602 3472 656 3539 est,
669 3463 878 3545 rempublicam
890 3464 1172 3527 administraturum
1184 3491 1195 3526 .-
1210 3465 1240 3527 si
1253 3463 1374 3526 deducat
1384 3473 1420 3518 ss·

378 3570 442 3614 cum
453 3551 581 3614 Flaccus
590 3551 734 3634 legiones,
745 3551 811 3612 loca
820 3557 937 3631 pacata
952 3571 998 3612 rue
1008 3551 1052 3612 cd
1058 3549 1259 3614 hibernacula
1270 3551 1421 3614 demunt

377 3655 416 3699 ne
486 3657 590 3700 nomm
605 3635 926 3719 militemferocissimo
939 3635 1020 3700 busti
1032 3633 1224 3718 objecturum.

458 3720 591 3786 xxvl.
615 3721 754 3808 Legatus
769 3720 809 3786 ad
829 3743 877 3801 ea,
894 3741 964 3806 quae
984 3721 1198 3807 interrogatus
1215 3733 1294 3801 erat,
1307 3731 1421 3800 respon·

376 3803 440 3871 dits
464 3807 571 3892 Neque
583 3830 625 3884 sc,
642 3829 737 3892 neque
751 3829 925 3891 quernquam
939 3809 1034 3871 alium
1049 3809 1192 3872 diuinare
1201 3829 1301 3891 passe,
1317 3801 1384 3889 qnid
1395 3799 1421 3860 in

376 3895 479 3958 animo
495 3894 641 3959 Celtiberi
661 3893 817 3973 baberent,
833 3903 887 3956 cut
904 3914 1001 3976 porro
1023 3893 1158 3957 imbituri
1178 3903 1285 3958 essent.
1327 3889 1422 3970 Ithtt
1491 3925 1492 3970 3

624 4026 633 4058 ⁸
644 4024 728 4072 Massa
739 4026 812 4073 Grou.
826 4027 893 4074 Cres.
959 4030 971 4058 ¹¹
982 4025 1111 4074 deocarum
1121 4023 1197 4074 Eud(

411 4169 439 4210 ts
456 4163 487 4210 t.
507 4162 631 4209 rameses
647 4157 742 4222 Maca]
768 4161 830 4208 vin.
850 4175 889 4208 co·
958 4167 986 4210 19
1003 4161 1090 4207 Eiram
1104 4176 1177 4222 prope
1191 4160 1348 4208 nmmum
1363 4143 1423 4210 me]

375 4230 428 4286 dex,
448 4227 584 4274 Mursattta
618 4227 678 4274 Vide
698 4232 749 4272 not.
769 4231 807 4272 tr.
825 4227 854 4272 sd
874 4227 888 4272 l.
922 4226 1249 4285 LegecamGrunoviome.

376 4293 473 4342 xxxi.
499 4307 520 4339 c.
548 4293 586 4339 50.
611 4298 636 4339 et
663 4298 711 4339 not
739 4296 778 4338 ts.
815 4292 844 4338 ud
873 4291 887 4336 l.
954 4297 986 4336 20
1003 4291 1168 4352 Contemptum
1194 4281 1344 4350 urreisan]
1367 4283 1421 4330 (Μ’

375 4355 550 4406 ΧΧΧἮΙΙ.ἀ
562 4363 603 4404 ⁴2.
920 4361 1025 4417 temptor
1034 4356 1122 4404 'timuis
1133 4356 1255 4404 meratus.
