3136 4982
441 231 534 292 nra.
563 227 741 292 xxxvrn.
770 227 872 292 cnr.
901 232 937 289 v.
1032 316 1035 326 Δ
1170 242 1228 306 ³³9

160 394 316 481 pugnatio
330 395 397 462 risa
417 407 473 464 est.
507 385 834 462 'Ambrheia‘tumulo
859 395 1130 484 aspero'rubjeota
1144 415 1263 482 este-U·
1275 415 1302 464 u.
1314 423 1394 470 sna„

69 484 71 490 ’
161 479 371 546 Perranthem
385 483 499 564 incol'ae
513 495 638 548 vocant
646 483 739 560 urbs,
756 503 818 568 qua
842 501 951 547 murus
971 485 1075 570 vergit
1088 485 1121 548 in
1136 481 1262 590 cano}
1275 481 1303 593 “b-
1316 489 1371 559 ¹2⁹·
1408 478 1412 489 ‘

158 585 218 649 pos
232 577 270 630 et¹
284 567 414 648 flumen,
430 569 644 645 occidentem
667 588 734 648 arx,
758 567 990 656 quae‘inpbsita
1003 583 1049 633 est
1068 572 1192 637 tumulo
1199 577 1220 652 ⁶,
1231 561 1363 658 “puncta

158 652 313 719 orientem
335 657 588 740 spectatamnis
611 655 745 737 Aretho,
754 653 1029 734 catechumenia?
1042 657 1154 736 fluens,
1170 681 1222 724 ca·

113 783 117 786 -
152 736 206 802 dit
222 741 254 803 in
269 740 373 820 sinum
388 745 492 820 maris,
503 745 543 806 ab
559 743 690 806 nomine
700 743 890 827 propinquae
910 742 997 806 urbis
1013 742 1221 824 Ambracium

151 824 362 910 adpellatum.
384 843 596 916 praeterquam
618 830 703 914 quod
716 828 803 892 »hinc
828 828 929 892 amnis
951 829 1062 904 munit,
1079 829 1154 894 hinc
1169 843 1221 896 tu·
1281 827 1290 846 '
1387 904 1389 908 ,

152 910 256 989 muli3
279 935 373 979 muro
394 929 521 1001 quoque
543 915 636 979 firmo
661 927 750 1000 septa
774 927 851 992 erat,
877 913 1061 997 pateritein
1085 918 1220 984 circuitu
1277 979 1281 984 .
1388 909 1390 918 .

150 997 267 1082 ‘paullo
280 1001 416 1084 amplius
430 1003 491 1067 tria
506 999 604 1065 millia
623 1022 783 1085 passuum.
829 1001 961 1066 Fulvius
981 1002 1091 1069 birra‘a
1106 1005 1220 1089 campo

153 1097 270 1162 castra,
286 1085 415 1151 modico
428 1089 511 1152 inter
522 1109 555 1152 se
569 1087 719 1152 distantia
740 1087 918 1167 intervallo,
933 1109 1032 1152 unum
1056 1089 1219 1155 castellum

154 1169 228 1234 loco
242 1171 329 1237 edito
343 1185 454 1240 centra
469 1197 572 1240 arcem
588 1173 714 1261 objecit.
736 1197 775 1238 ea
795 1174 902 1238 omnia
923 1173 1005 1250 vallo
1019 1195 1058 1238 ac
1075 1175 1159 1239 fossa
1174 1178 1220 1242 ita
1252 1235 1255 1242 ,

150 1257 289 1344 jungere
306 1273 407 1342 parat,
423 1283 465 1327 ne
485 1263 594 1326 exitus
604 1260 739 1325 'inclusis
761 1260 802 1325 ab
827 1263 915 1338 urhe,
931 1281 1010 1326 neve
1024 1261 1219 1328 aditusloris

156 1343 198 1407 ad
220 1345 597 1413 auxiliaintromittenda
618 1360 705 1412 esset.
751 1347 804 1411 A'd
829 1344 944 1410 famam
970 1347 1218 1435 obpugnationis

155 1430 339 1496 Ambratiae
356 1434 498 1499 Stratum
516 1434 581 1519 jam
605 1434 710 1499 edicto
727 1432 891 1498 Nicandri*
902 1434 1049 1518 praetoris
1063 1456 1218 1502 couvene-

155 1529 231 1580 rant
244 1517 356 1586 AEtoli.
401 1521 482 1586 lnde
501 1520 607 1606 primo
627 1519 729 1605 copiis
749 1519 896 1583 omnibus
921 1519 962 1584 ad
984 1519 1216 1604 prohibendam

153 1602 354 1672 obsidionem
367 1607 475 1691 venire
485 1608 518 1673 in
533 1608 640 1672 animo
653 1607 763 1671 fuerat.
778 1605 911 1686 deinde,
923 1617 1091 1694 postquam
1106 1607 1217 1674 urbem

43 1745 47 1755 .
149 1689 219 1774 jam
240 1711 357 1780 magna
377 1715 418 1758 ex
431 1708 523 1780 parte
536 1694 685 1779 operibus
699 1704 820 1778 septam
834 1692 991 1767 viderunt,
1009 1692 1216 1776 Epirotarum

132 1796 134 1800 ·
153 1779 378 1860 transflumen
400 1779 472 1846 loco
487 1780 583 1867 plano
604 1793 708 1844 castra
728 1779 832 1864 posita
857 1795 933 1856 esse,
949 1778 1089 1844 dividere
1110 1781 1218 1864 copias

152 1862 286 1948 placuit.
307 1887 381 1930 curn
395 1866 481 1935 nrille
495 1867 649 1954 expeditis
664 1866 860 1952 Eupolemus
875 1864 1078 1930 Ambraciam
1093 1866 1217 1951 profec-

144 1965 215 2028 tus,
229 1973 287 2036 per
302 1953 445 2019 nondum
460 1953 625 2018 commissa
640 1955 722 2018 inter
736 1950 978 2017 semunimenta
990 1953 1101 2016 urbem
1118 1953 1217 2018 intra·

87 2069 89 2081 .
151 2039 208 2101 vit.
254 2038 420 2113 Nicandro
434 2062 505 2106 cum
528 2053 632 2104 cetera
654 2060 750 2104 manu
772 2039 1098 2124 primoEpirotarum
1115 2052 1217 2104 castra

152 2135 249 2189 nocte
262 2125 394 2212 adgredi
408 2127 575 2192 consilium
590 2126 702 2203 fuerat,
719 2125 910 2190 haud'facili
922 2125 973 2189 'ab
990 2125 1145 2190 Romanis
1160 2149 1217 2191 au·

152 2209 245 2288 xilio,
262 2213 336 2298 quia
356 2211 475 2278 flumen
497 2215 658 2278 intererat.
680 2212 806 2289 deinde,
821 2211 1032 2297 periculosum
1054 2213 1215 2297 inceptum

150 2311 252 2375 ratus,
268 2319 388 2384 nequa
408 2301 565 2365 sentirent
580 2299 729 2376 Romani,
745 2311 777 2363 et
799 2320 956 2382 regressus
970 2299 1044 2362 inde
1062 2299 1095 2360 in
1112 2313 1217 2365 tutum

150 2403 218 2448 non
244 2397 335 2462 esset,
366 2384 533 2451 deterritus
558 2387 598 2452 ab
628 2387 689 2450 hoc
715 2384 855 2462 consilio,
886 2383 927 2449 ad
956 2383 1215 2470 depopulandam

144 2471 367 2536 ¹Acarnaniam
384 2473 444 2538 iter
457 2473 624 2539 convertit.

196 2554 240 2623 V.
255 2557 395 2636 Consul,
413 2560 480 2647 jam
500 2559 844 2644 monimentia,'quibus
866 2557 1016 2645 sepienda
1037 2561 1115 2624 urbs
1137 2571 1215 2639 erat,

144 2644 215 2730 jam
229 2644 388 2729 operibus,
406 2669 480 2733 quae
494 2647 661 2712 admovere
676 2649 773 2711 muris
787 2643 929 2732 parabat,
944 2646 1103 2735 perlectis,
1120 2650 1229 2734 quiu-¹

141 2752 215 2816 ’que
229 2731 324 2796 simul
339 2733 416 2797 locis
431 2734 548 2798 moenia
562 2747 609 2799 est
622 2734 800 2816 adgressus.
823 2733 906 2796 ⁹tria
923 2731 1053 2814 paribus
1067 2734 1217 2797 interval-

150 2816 191 2882 lis
212 2815 351 2884 faciliore
371 2819 460 2884 aditu
475 2843 494 2884 a
509 2841 623 2904 campo
637 2819 786 2884 adversus
808 2818 834 2858 ¹⁰
845 2817 1035 2904 Pyrrheum,
1051 2820 1138 2904 quod
1149 2833 1216 2882 ἰνο-

149 2916 235 2983 cant,
258 2905 414 2982 admouit3
438 2928 538 2971 unum
549 2928 572 2983 e
585 2907 715 2994 regione
729 2905 753 2944 ¹¹
764 2903 961 2988 AEsculapii3
984 2925 1084 2968 unum
1104 2905 1355 2985 adver-obpugna-

150 2995 205 3055 sus
230 3012 346 3057 arcem.
391 2993 555 3074 Arietibus
580 3015 688 3057 muros
714 2992 887 3077 quatiebat,
913 2990 1069 3055 asseribus
1094 2990 1276 3058 falcatistia

148 3077 473 3165 detergehat'pinnas.
518 3078 708 3165 Oppidanos
728 3081 832 3162 primo
852 3090 884 3142 et
906 3077 1108 3163 adrspeciem
1122 3091 1153 3142 et
1175 3079 1216 3144 ad

142 3167 231 3230 ictus
244 3167 412 3247 minoium,
427 3187 499 3232 curn
516 3167 650 3231 terribili
664 3166 769 3230 sonitu
783 3165 896 3242 editos,
910 3185 1012 3249 pavor
1026 3187 1064 3230 ac
1079 3165 1216 3250 trepida·

146 3251 195 3316 tio
209 3252 304 3337 cepit.
327 3252 454 3332 deinde,
464 3266 499 3318 ut
513 3266 630 3338 praeter
645 3275 733 3338 apem
748 3265 831 3316 stare
845 3273 954 3316 muros
969 3251 1126 3330 viderunt,
1139 3273 1216 3316 con-

147 3338 238 3404 leetis
266 3359 377 3404 rursus
406 3339 529 3418 animis,
555 3341 588 3403 in
618 3340 730 3405 arietes
751 3337 1001 3404 ”tollenonibus
1028 3338 1218 3404 libramenta

146 3424 348 3514 plumbiput
363 3447 518 3513 saxorum
533 3427 559 3466 ¹³
567 3427 725 3512 stipitesve
747 3428 893 3491 robustos
918 3425 1132 3502 incutiebant3
1156 3423 1216 3489 fal·

163 3563 279 3610 tardet.
292 3563 446 3614 (immersu.
490 3561 913 3626 dquaeposuaurrumuloerrued.
958 3561 1199 3610 ‘Acarnanuuaen

179 3701 195 3745 9
214 3695 274 3743 Μ
284 3697 385 3758 paribus
400 3697 533 3743 intoucllh
546 3729 552 3742 .
565 3727 571 3740 ·
584 3728 590 3741 .
603 3727 609 3740 .
623 3697 664 3743 ud·
698 3695 1098 3758 giorus,qnnsiabAErea1apium,
1111 3695 1141 3752 r'i,
1154 3695 1218 3754 quod

145 3757 232 3822 movit]
251 3762 361 3820 Intellige
377 3778 406 3810 ex
423 3777 443 3810 c.
465 3777 513 3822 req.
532 3762 578 3808 tria
595 3775 665 3822 opera
697 3769 734 3808 est
742 3762 856 3824 templum
865 3762 1006 3820 AEsculapii,
1014 3761 1103 3808 Grecis
1113 3759 1217 3809 ’Araun-

144 3827 258 3874 adversus
277 3842 352 3874 unum
372 3828 499 3889 Pyrrheum
523 3828 631 3873 admota:
651 3841 665 3874 a
697 3829 769 3874 rarior.
805 3827 893 3873 Eadem
920 3827 997 3873 forma
1024 3827 1108 3891 dieunt
1135 3825 1216 3870 Latini

144 3891 233 3952 quibua
254 3893 347 3940 diversa
369 3895 466 3941 fuerunt
487 3907 515 3940 ea
535 3907 587 3952 quoe
609 3899 665 3954 post
696 3893 827 3948 Dianium,
839 3891 994 3940 Mirrervluna

144 3957 315 4005 nominentur:
334 3959 369 4005 ita
379 3965 408 4007 ut
418 3957 665 4018 quinquealtomanir
735 3959 785 4003 12·
796 3955 971 4022 Tollenouibue]
991 3958 1045 4003 Vid.
1066 3960 1117 4002 not.
1136 3959 1176 4017 82.
1187 3953 1216 3998 rd

143 4035 217 4084 opera
228 4023 339 4071 adversus
348 4024 497 4073 Ambraciam
507 4024 603 4071 admota
613 4025 665 4070 sue·
698 4023 794 4070 XXIV.
806 4029 847 4070 st.

144 4087 202 4134 rint.
390 4137 392 4144 ,
734 4094 762 4134 13
781 4089 898 4150 Stipites.
911 4118 917 4132 .
932 4079 1067 4147 nolumus]
1086 4081 1183 4142 stipites
1202 4095 1217 4125 e

133 4211 136 4218 Ι
179 4158 209 4199 10
226 4150 373 4216 Pyrrheum]
394 4155 443 4206 Qui
462 4155 529 4203 locus
549 4157 583 4202 sic
601 4155 665 4200 vide·
699 4153 930 4210 robore,dnristlmo
946 4153 1019 4206 ligno.
1049 4147 1171 4207 Polybius,
1189 4159 1218 4190 ex

142 4220 185 4263 tur
196 4218 274 4266 dictur
287 4233 301 4266 t
312 4219 401 4279 Pyrrho
418 4235 481 4282 rege,
493 4221 560 4280 cuius
577 4220 664 4282 regiam
697 4233 745 4280 quo
764 4219 815 4266 heac
834 4225 929 4279 sumpta
946 4218 1050 4272 litarent,
1071 4219 1099 4258 ut
1122 4215 1219 4272 apparet

142 4282 170 4328 ln
185 4297 213 4330 ea
232 4285 291 4333 urba
310 4285 382 4332 fuisse
403 4285 470 4332 docet
488 4287 570 4333 Livius
592 4286 663 4343 infra,
697 4298 725 4394 px
737 4285 826 4346 insigni
843 4284 894 4342 ejus
910 4285 1052 4344 fragmento,
1070 4277 1141 4348 habet
1158 4274 1219 4328 rhen

143 4354 200 4396 (0⁹⁸
723 4347 776 4396 illm«

179 4419 205 4460 ll
224 4411 378 4475 halapre]
396 4415 451 4464 lloc
470 4417 559 4464 dictum
576 4413 664 4463 inlelli-
709 4369 721 4414 e
