3126 4978
450 181 545 252 ΜΒ.
566 183 736 299 xnxvu..
759 187 859 260 can
882 191 965 256 xvi.
1181 200 1235 271 mr

16 352 21 365 '
85 423 87 434 ,
168 349 552 438 nmmmelusse‘portan
566 355 735 420 o'ltsessml?
759 355 920 422 sescenta
933 354 1277 434 abaiamontem
1286 374 1315 423 c.
1324 379 1416 422 ass.x

172 429 255 502 biam
270 462 341 516 ease,
351 442 427 525 quin
440 443 538 508 tates
547 441 717 512 extracturi
728 443 877 508 mansas
889 445 980 508 moles
993 439 1066 522 sint,
1078 453 1109 508 et
1121 429 1276 512 irrisionesb
1287 441 1316 490 ἃ
1327 446 1381 492 ¹⁰⁰·

173 526 347 604 molimento
359 529 503 610 epernni
515 537 650 610 portum,
666 549 756 612 men
770 529 967 594 obstruam?
989 530 1045 596 Sin
1059 539 1160 596 antem
1172 553 1238 595 ma

174 611 305 680 man
327 613 377 678 ibi
398 615 596 680 nihilominus
619 617 671 692 sit,
694 617 771 698 qnid
792 617 942 693 adtinere,
962 617 1067 680 clmedi
1090 621 1237 700 portum?

177 696 264 773 Quin
282 709 400 777 eontra,
415 703 501 778 iilos,
510 699 660 768 tutissimo
676 703 1025 784 parmenianistae
1039 703 1113 767 urbe
1120 703 1238 788 finnat-

168 794 228 862 tes,
247 787 352 850 omnia
372 785 452 856 Asta
468 787 637 870 medente,
657 789 761 872 quieta
781 789 889 853 estiva
910 798 1048 854 acturos.-
1071 789 1237 868 Remum

169 881 283 954 aperto
297 874 331 936 in
345 873 579 961 mariflnetibm
588 875 871 959 tempestatibusque
880 874 1015 960 objectos,
1025 878 1156 942 omnium
1170 877 1241 942 ina·

134 1003 138 1016 .
165 959 276 1040 pes,in
285 959 410 1024 assidue
418 962 552 1026 statione
548 961 696 1046 finimas.-
712 962 1238 1046 ipsosmugisadligatosinpeditoa-
1297 1043 1300 1048 ¹

172 1065 286 1128 quana
296 1045 373 1129 qnid
380 1068 492 1121 eamne,
502 1049 780 1132 qnaeagendasint,
787 1050 909 1130 possint
918 1069 1117 1133 ageraqunm
1128 1050 1239 1116 attae

171 1141 218 1196 tes
231 1133 348 1198 etaaos
361 1133 504 1198 habeant.
529 1131 701 1210 Eudamus,
713 1135 882 1216 prefectus
894 1133 1031 1198 Rhodia
1040 1135 1159 1216 elassis,
1170 1157 1238 1203 ma·

170 1216 221 1304 gis
236 1239 306 1282 eam
322 1217 381 1282 sibi
396 1218 562 1304 displicere
583 1220 770 1284 sententiam
785 1215 935 1296 ostendit,
949 1243 1044 1306 quam
1066 1222 1142 1304 ipse,
1158 1222 1238 1308 quid

171 1315 313 1370 censeret
337 1303 528 1384 faciendum,
552 1307 641 1372 dixit.
688 1305 852 1391 Epicrates
880 1306 1036 1383 Rhodius,
1055 1307 1181 1374 Omissa
1202 1312 1239 1377 in

167 1392 338 1472 praesentia
353 1391 485 1475 Epheso,
499 1395 677 1458 mittendam
691 1395 814 1458 naviam
822 1403 947 1482 portent
962 1396 996 1457 in
1010 1395 1152 1479 Lyciam,
1161 1409 1238 1461 eeu·

169 1478 244 1554 suit,
255 1487 284 1542 et
297 1477 429 1558 Patara,
440 1490 534 1564 capnt
543 1481 657 1565 gentis,
667 1482 701 1542 in
712 1482 883 1544 sacietatem
894 1479 1102 1566 adjungenda.
1118 1483 1239 1549 induas

171 1565 1144 1650 retncgnusiduntifor'e.etlilodionpacatiscontraincidam
1152 1581 1238 1632 snam

108 1644 116 1660 ⁸
169 1653 275 1726 terris,
286 1653 360 1717 totis
370 1651 491 1718 uiribus
500 1652 667 1716 incumbere
678 1655 712 1716 in
726 1655 817 1717 anius
827 1652 909 1728 belli,
921 1655 1004 1736 qnod
1017 1655 1161 1719 adunans
1170 1655 1238 1718 An·

167 1737 301 1800 nochum
314 1739 366 1814 sit,
381 1759 485 1813 aarum
494 1759 600 1822 posse.-
615 1748 645 1803 et
655 1760 724 1802 eam
738 1741 871 1814 classem,
881 1751 949 1822 qnae
960 1741 993 1828 in
1006 1740 1107 1824 Incia
1117 1736 1238 1823 compn-

168 1833 304 1900 seretur,
321 1825 495 1900 intercludi,
511 1847 549 1888 ne
565 1826 766 1909 Polyxenida
779 1823 993 1910 conjungatur.
1037 1824 1123 1890 Hoec
1139 1825 1237 1912 maxi-

171 1923 224 1972 me
237 1909 334 1974 movit
344 1910 508 1982 sententia.
524 1909 643 1995 placuit
655 1927 772 1988 tamen,
788 1910 948 1999 Regillum
961 1911 1136 1986 totaclasse
1146 1909 1238 1978 enchi
1290 1923 1295 1932 ‘

168 1993 212 2060 ad
229 2006 354 2078 portum
368 1995 500 2081 Ephesi,
516 1996 557 2062 ad
574 1989 770 2062 inferendum
785 1996 929 2072 hostibus
943 2009 1106 2062 terrorem.

215 2081 313 2146 XVI.
338 2081 377 2148 C.
395 2079 503 2148 Livius
524 2087 598 2147 cum
619 2081 744 2158 duabus
765 2085 820 2170 qui
840 2100 845 2112 ·
869 2084 1045 2150 ueramibus
1071 2085 1391 2180 Romapis,utuusmis·

166 2181 353 2255 atquatuor
372 2169 627 2256 quadriremibus
645 2169 843 2245 Rhodiiset
872 2171 972 2244 nabas
993 2170 1110 2257 apertis
1127 2170 1306 2257 Smyr-titur
1317 2171 1398 2232 inty-

169 2257 261 2334 naeis‚
277 2256 310 2320 in
325 2255 457 2342 Lyciam
472 2268 521 2323 est
542 2259 664 2333 missus,
683 2255 835 2324 Rhodum
855 2257 943 2341 prius
959 2257 1067 2344 jussus
1088 2257 1188 2336 adire,
1205 2249 1312 2324 etum·
1477 2257 1483 2268 “

162 2343 279 2412 omnia
292 2365 366 2424 cum
381 2343 418 2407 iis
433 2343 668 2408 communicare
689 2341 831 2408 consilia.
878 2342 1038 2420 Civitates,
1055 2365 1133 2430 quas
1154 2361 1237 2429 prae-
1340 2396 1347 2402 .

162 2439 332 2502 tenuemus
362 2443 420 2508 est,
457 2429 600 2508 Miletus,
631 2425 784 2516 Myndus,
816 2423 1074 2511 Halicarnassus,
1104 2429 1235 2509 Cnidus,

167 2515 270 2594 Cous,
292 2516 447 2601 imperata
475 2518 560 2582 oniae
584 2515 738 2582 iecerunt·
784 2514 936 2586 Rhodum
957 2531 999 2580 'ut
1024 2529 1074 2582 est
1094 2529 1235 2595 ventum,

161 2601 263 2666 simul
276 2614 321 2681 et,
336 2602 379 2667 ad
394 2615 489 2688 quam
511 2601 579 2668 r'em
601 2604 714 2668 missus
729 2615 820 2680 esset,
835 2602 874 2667 iis
897 2603 1054 2688 exposuit,
1070 2617 1102 2670 et
1123 2621 1236 2682 consa-

62 2706 71 2731 ·
168 2688 230 2756 luit
244 2703 307 2754 eos.
322 2698 324 2704 ’
352 2688 617 2774 Adprobantibus
632 2690 763 2767 curretis,
779 2701 811 2754 et
825 2688 866 2753 ad
880 2711 963 2772 eam,
978 2711 1074 2775 quam
1089 2689 1235 2769 habebat,

168 2775 301 2840 classem
331 2775 487 2842 ,adamans
522 2772 626 2842 tribus
652 2775 916 2864 quadriremibus,
943 2777 1077 2861 navigat
1108 2776 1235 2859 Patara.
1306 2845 1314 2874 Ι

169 2862 282 2930 Primo
304 2863 460 2931 secundus
479 2875 590 2928 ventus
612 2861 653 2926 ad
678 2864 781 2946 ipsam
802 2860 916 2928 urbem
937 2860 1059 2926 ferebat
1072 2882 1144 2938 cos3
1166 2877 1236 2946 spe·

6 3007 7 3016 ,
91 3003 95 3008 .
168 2949 356 3040 rubentque,
365 2949 471 3014 subito
479 2962 601 3015 terrore
611 2947 730 3034 aliquid
741 2947 896 3021 moturos.
911 2959 1090 3034 postquam,
1100 2948 1236 3016 eircum-

163 3051 284 3121 agente
304 3059 338 3102 se
359 3049 464 3117 vento,
484 3036 631 3103 fluctibus
656 3035 763 3103 dubiis
790 3033 873 3103 voivi
901 3047 1047 3118 coeptum
1069 3046 1116 3100 e'st
1137 3055 1236 3112 mare,
1342 3071 1349 3081 -

159 3122 370 3212 ‘peruicerunt
390 3123 517 3210 quidem
538 3123 645 3200 remis,
669 3137 705 3188 ut
730 3135 874 3189 tenertmt
897 3135 1030 3188 terram:
1054 3121 1109 3188 sed
1134 3143 1237 3210 neque

166 3209 253 3274 circa
269 3211 379 3274 urbem
395 3223 464 3276 tuta
477 3213 571 3278 statio
585 3221 738 3288 erat'nec
753 3222 827 3274 ante
843 3209 979 3274 bostium
994 3221 1106 3292 portus
1120 3208 1152 3272 iu
1169 3207 1236 3276 selo

165 3311 250 3364 stare
272 3309 431 3381 poterant,
447 3309 558 3382 aspero
579 3297 670 3374 mari,
692 3303 725 3362 et
744 3291 839 3362 nocte
865 3285 1051 3360 inininante.
1097 3293 1251 3364 Praeter·.

166 3383 250 3450 vecti
277 3377 396 3450 moenia
418 3397 546 3468 portam
566 3383 591 3424 ⁴⁹
603 3382 827 3461 Phoenicunta,
847 3383 954 3447 minus
971 3381 1077 3447 dulim
1092 3381 1235 3448 ¹millium

166 3470 272 3556 spatie
291 3469 365 3534 inde
386 3469 566 3560 distantem,
582 3470 710 3558 petiere,
727 3471 858 3536 navibus
880 3469 942 3534 abq
959 3468 1118 3534 maritima
1132 3471 1161 3534 vi
1185 3469 1236 3544 tu-

168 3573 256 3622 tum:
282 3555 338 3620 sed
367 3555 442 3622 altae
471 3579 564 3642 rupes
594 3557 722 3642 insuper
749 3557 958 3634 inminebant,
985 3577 1063 3640 quas
1093 3555 1236 3622 celeriter

167 3643 332 3728 oppidani,
349 3642 501 3730 adsumtis
523 3641 617 3730 regiis
639 3643 803 3723 militibus,
819 3653 899 3729 quos
919 3645 951 3706 in
973 3643 1125 3729 praesidio
1138 3643 1235 3708 habe·

167 3730 257 3806 bant,
273 3721 442 3814 ceperunt.¹
457 3721 607 3794 adversus
622 3738 701 3814 quos
718 3729 837 3809 Livius,
851 3727 1045 3817 quamquam
1063 3743 1160 3818 erant*
1175 3732 1235 3795 ini-

166 3839 233 3904 ,qua
254 3837 291 3882 ac
313 3813 455 3880 difficilia
477 3815 518 3880 ad
537 3815 642 3882 exitus
664 3812 873 3894 loca,'lssaeos
895 3816 1064 3894 auxiliares
1079 3827 1110 3883 et
1126 3817 1248 3906 Smyr·

600 3977 612 4018 t
624 3992 640 4022 a
651 3977 724 4022 Gran.
738 3977 807 4060 (iper.

198 4123 417 4190 contentane]
429 4125 685 4190 Audrsaeaditiol'lss-
718 4125 793 4172 tbnas
812 4129 876 4170 tarra
898 4124 999 4182 positus,
1020 4125 1089 4181 louge
1111 4121 1141 4166 ab
1160 4121 1236 4180 Incia

166 4192 266 4238 nis-nm:
290 4185 426 4240 thuanaei
450 4193 531 4249 eodm,
551 4197 612 4238 teste
633 4193 684 4238 dac.
718 4187 1012 4249 ora,dequal1icagitur.
1037 4186 1107 4245 Legit
1117 4199 1172 4245 ergo
1183 4185 1236 4234 tae.

166 4257 301 4313 Gronovio,
312 4255 458 4304 Poeniseum.
486 4257 547 4304 Sans
559 4258 686 4304 Pboenicus
719 4256 855 4302 Gronovius
869 4255 989 4308 Pltellmn,
1003 4251 1084 4296 urbam
1102 4254 1126 4294 et
1141 4255 1235 4308 portum

166 4329 260 4384 portus,
272 4322 301 4368 de
318 4336 365 4380 quo
385 4323 475 4368 mentio
490 4323 519 4368 lit
534 4323 549 4370 1,
562 4322 687 4369 XXXVI.
719 4335 769 4368 uon
782 4322 851 4380 leriga
862 4321 989 4379 distantem
998 4326 1015 4362 'a
1026 4313 1126 4371 Pataris,
1134 4315 1235 4386 testibus

166 4393 283 4446 extremo,
305 4388 364 4433 nihil
387 4388 434 4433 huc
455 4389 566 4447 pertinet,
585 4389 610 4433 in
628 4387 686 4446 Ery·
721 4387 816 4445 Scylace
826 4393 850 4431 et
863 4384 985 4432 Strabone.
1232 4391 1235 4397 ‘

672 4471 675 4482 '
759 4465 831 4518 ¹U‘d
