3104 4976
343 177 397 242 us
445 161 448 170 '
668 207 672 214 ·
710 171 821 248 riui
846 171 988 232 tivit

183 359 213 406 0.
226 349 321 418 ossa
343 353 418 408 tuor
430 334 621 418 milliaiuere
631 334 830 400 Atticorum:
852 327 1103 400 tetredraclrma¹
1118 345 1253 400 vooauts
1274 325 1401 402 ⁸⁰triu'er
1491 367 1500 390 e

183 417 320 472 A·⁰·¹'⁰⁴·
344 423 409 490 iere
433 423 634 487 denariorum
666 422 698 484 in
721 415 859 508 'singulis
887 424 1019 508 urgenti
1038 434 1086 486 est
1114 421 1250 506 pondust
1292 423 1402 488 ⁸¹Auri

182 567 187 578 .
346 509 454 596 pondo
468 508 527 573 fuit
541 510 601 581 triu
623 507 721 572 millia
742 509 939 596 septingenta
953 508 1202 596 quatuordecim,
1218 522 1250 577 et
1266 507 1404 594 clipeum

220 619 223 624 ·
348 615 446 661 unum
461 617 502 658 ex
516 616 594 659 auro
609 607 730 658 toturn:
753 593 989 681 et⁸²Philippei
1008 595 1132 660 nummi
1154 595 1240 660 aurei
1255 607 1407 681 quatuor-

277 679 280 682 ’
348 681 577 761 decimmillia,
592 679 755 766 quingenti
778 679 1028 766 quatuordecim.
1072 680 1185 745 Tertio
1206 681 1257 745 die
1277 673 1407 764 coronae

349 789 464 844 aureae,
480 767 565 830 dono
579 767 761 842 civitatium,
772 765 937 847 translatae
955 783 1081 831 centum
1095 766 1353 854 quatuordeeim:
1377 779 1410 848 et

251 873 260 884 ·
350 854 462 918 hostiae
477 852 596 918 duetae:
622 863 653 917 et
666 867 740 916 ente
755 873 882 916 currum
898 851 990 917 multi
1004 853 1126 918 nobiles
1140 853 1256 938 captivi
1271 853 1410 918 obsidea-

351 963 421 1027 que‚
439 940 520 1004 inter
535 961 615 1024 quos
630 939 813 1004 Demetrius
834 938 917 1026 regis
939 938 1081 1024 Philippi
1102 938 1187 1005 iilius
1207 939 1277 1016 suit,
1295 954 1329 1004 et
1349 942 1410 1002 Ar-

352 1048 471 1103 menes,
489 1025 623 1090 Nabidis
638 1023 765 1110 tyranni
781 1023 876 1105 filius,
887 1023 1164 1108 Lacedaemonius.
1207 1024 1281 1109 ipse
1295 1025 1410 1090 deinde

352 1111 523 1189 Quinctius
537 1112 570 1176 in
593 1111 704 1176 urbem
726 1121 773 1175 est
786 1111 937 1176 invectus.
960 1111 1075 1176 milites
1095 1111 1193 1176 secuti
1207 1132 1334 1176 currum
1349 1111 1413 1176 sre-

352 1211 493 1282 quentes,
519 1213 554 1262 ut
580 1198 668 1262 omni
693 1220 733 1263 ex
760 1197 923 1282 provincia
951 1199 1092 1283 exercitu
1121 1197 1301 1286 deportato.
1347 1197 1412 1263 His

352 1284 502 1350 8lduueni
524 1284 738 1370 quinquageni
756 1285 835 1348 reris
857 1283 890 1347 in
918 1284 1038 1368 pedites
1063 1277 1175 1351 divisis
1201 1283 1319 1369 duplex
1339 1305 1413 1348 oen-

352 1371 482 1449 turioui,
499 1370 614 1456 triplex
625 1370 732 1456 equiti.
778 1369 988 1435 Prrebuerunt
1003 1369 1138 1455 speeiem
1152 1369 1316 1455 triumpho
1330 1369 1416 1438 ⁸⁴ca·

353 1458 472 1546 pitibus
487 1457 564 1522 rasis
579 1457 689 1532 secuti,
701 1455 756 1542 qui
771 1457 921 1520 servitute
934 1456 1050 1521 exemti
1065 1457 1198 1522 suerent.
1368 1475 1369 1480 ’

113 1617 120 1627 ,
194 1559 351 1608 ostentetu-
400 1543 497 1616 LIII.
522 1540 621 1608 Exitu
637 1541 731 1629 hujus
745 1542 821 1606 enni
836 1541 998 1628 Q.AEtius
1009 1542 1142 1607 Tubero
1152 1542 1299 1608 tribunus
1314 1542 1415 1625 plebis

192 1627 341 1674 sineremu-
356 1653 395 1694 ex
417 1629 688 1696 senatusconsulto
710 1629 782 1694 tulit
803 1627 844 1693 ad
866 1628 1000 1713 plebem,
1024 1629 1191 1716 plebesque
1214 1629 1312 1705 seivit,
1334 1629 1360 1669 ⁸⁵
1375 1629 1418 1694 Ut

193 1699 233 1740 ¹²¹
332 1776 335 1782 ,
356 1717 486 1784 Latiare
507 1718 576 1784 duce
600 1717 737 1796 coloniae,
759 1737 821 1778 rma
844 1717 878 1779 in
893 1716 1044 1796 Bruttios,
1060 1717 1161 1780 altera
1186 1717 1221 1780 in
1246 1715 1417 1780 Thurinum

692 1865 707 1904 k
718 1851 917 1918 retraaruetmum
929 1870 1004 1916 Groo.
1015 1871 1082 1920 Cres.

342 2007 345 2012 '
381 2010 423 2050 00
442 2003 527 2049 iiiam
529 2003 585 2063 fere
593 2003 742 2050 denariorum
751 2004 777 2050 ia
787 2005 871 2064 singa-
905 2005 945 2064 qui
961 2003 1070 2051 libertate
1081 2003 1163 2050 donati
1173 2003 1277 2052 fueraut.
1308 2003 1418 2060 SiePrn·

358 2066 390 2116 lie
406 2069 504 2128 argenti
519 2075 554 2114 est
567 2064 669 2130 pondus]
693 2069 777 2130 Supra.
794 2083 815 2116 e.
833 2075 871 2114 50.
905 2071 963 2116 siam
975 2069 1047 2127 infra,
1059 2067 1077 2117 l.
1088 2069 1163 2115 xtv.
1176 2083 1195 2114 e.
1207 2071 1252 2115 uit.
1265 2079 1337 2128 quum
1348 2081 1373 2114 se
1389 2068 1418 2114 li-

359 2133 534 2180 observasimus
551 2147 580 2179 ex
596 2134 648 2194 ipso
666 2134 734 2180 Livio
752 2134 872 2182 denarium
905 2136 998 2181 bertum
1014 2135 1096 2195 popuii
1112 2135 1213 2181 Romani
1232 2135 1328 2192 diceret,
1345 2131 1418 2194 pilea·

359 2199 448 2245 censeri
475 2198 589 2258 equalem
623 2199 747 2245 drachmea
782 2199 872 2259 ltaque.
906 2200 968 2257 tum,
981 2201 1058 2260 eapite
1073 2212 1135 2256 raso,
1153 2199 1236 2260 legatis
1248 2199 1361 2246 Romanis
1375 2197 1417 2244 ob·

360 2264 407 2310 uisi
425 2262 508 2310 Liuius
524 2277 602 2310 seeum
619 2263 669 2324 ipse
683 2270 784 2325 pugnat,
797 2266 875 2320 legers-
907 2266 970 2312 viem
981 2266 1078 2312 solitum
1090 2265 1123 2310 ire
1132 2269 1282 2322 memoratur.

360 2331 416 2378 dum
429 2329 549 2382 nullm.
559 2329 615 2388 fere
626 2329 784 2377 (1000νί0000.
801 2329 875 2376 Addit
941 2335 971 2376 05
991 2330 1024 2376 Ut
1033 2330 1132 2382 Latine
1146 2330 1200 2376 dua
1215 2324 1321 2390 mie]
1337 2327 1419 2374 Credi·

353 2394 452 2454 ferepid
470 2400 516 2450 eet,
528 2394 629 2444 circiter.
640 2395 696 2453 quie
712 2395 788 2455 reipsa
804 2396 875 2442 dena-
908 2394 955 2442 bile
977 2401 1014 2441 est
1036 2395 1133 2441 Latinas
1153 2395 1257 2442 coioniae
1277 2394 1348 2440 irrisae
1369 2406 1420 2450 eas,
1550 2423 1551 2432 i

361 2460 422 2506 rium
440 2460 543 2518 pondere
565 2459 676 2504 draeisma
691 2462 762 2519 paulo
780 2474 874 2521 supera·
907 2461 932 2506 iu
945 2473 1002 2520 quas
1020 2461 1109 2517 Latini,
1121 2474 1170 2508 non
1181 2459 1282 2506 Romani
1298 2459 1422 2505 mitteren·
1508 2500 1511 2506 .
1550 2505 1551 2520 p

361 2525 416 2572 bat:
437 2525 521 2584 quade
532 2537 555 2569 re
571 2524 669 2570 consulu
686 2525 876 2572 dissertationem
908 2529 956 2571 tur.
989 2526 1154 2572 Latinreenim
1167 2524 1421 2582 uolonioejostantum

363 2590 401 2636 ct.
413 2589 525 2635 starrei
542 2601 556 2635 a
573 2588 642 2634 nobis
657 2589 776 2638 laudatam
793 2591 818 2636 in
830 2591 875 2636 dis·
910 2589 1029 2639 trebetam
1050 2591 1126 2637 tatii:
1155 2603 1184 2636 eo
1205 2595 1284 2636 auteur
1303 2588 1358 2647 jure
1380 2588 1422 2647 qui

362 2653 487 2716 putatione
504 2655 533 2699 de
550 2653 692 2715 ponderibus
709 2660 734 2701 et
752 2657 876 2702 mensuris.
910 2654 1170 2712 eranactvesuomani
1182 2661 1318 2702 nouerant.
1350 2654 1424 2700 Porro

363 2719 442 2780 igitur
457 2719 580 2774 octoginta
599 2725 701 2778 quatuor
717 2721 791 2768 miliia
806 2725 878 2768 tetra·
910 2720 1035 2766 uerisimile
1047 2735 1095 2767 nou
1107 2727 1142 2767 est
1154 2721 1273 2768 30010000
1284 2721 1310 2766 ἰο
1322 2717 1426 2776 ejusmo-

362 2783 501 2832 draohmbm
520 2785 625 2830 efficiunt
643 2785 752 2833 denarios
773 2789 878 2832 300000.
911 2786 934 2832 di
947 2786 1135 2833 tolonissiuisae
1150 2787 1274 2842 deductos,
1287 2784 1371 2845 quibus
1384 2783 1426 2829 ad·

358 2851 435 2896 'libres
451 2848 544 2911 argenti
562 2851 682 2896 Romanas
697 2851 771 2898 0060.
788 2864 878 2898 mareas
910 2851 991 2912 scripti
1003 2851 1122 2898 civitatem
1137 2851 1280 2898 mitterent
1315 2848 1426 2904 Hoelei·

365 2919 482 2962 nostrates
496 2921 567 2960 5050.
596 2963 600 2969 ,
661 2941 664 2946 -
910 2921 951 2962 tur
967 2916 1134 2962 sitdiserimen
1150 2915 1320 2962 interbatinas
1335 2913 1425 2959 Roma·

306 2971 308 2990 ⁴
398 2986 424 3026 81
445 2981 511 3027 Auri
518 2980 596 3040 pondo
608 3013 615 3027 .
627 3012 634 3027 .
644 2981 779 3028 triamillia
789 2982 878 3042 eeptia-
912 2995 1001 3042 nasque
1017 2975 1131 3038 colonias,
1144 2981 1208 3041 quod
1223 2978 1324 3035 latine,
1339 2982 1426 3038 utpote

344 3041 346 3048 ’
362 3053 439 3107 genta
454 3041 643 3108 quatuordeeim]
659 3047 746 3092 Merces
762 3052 879 3094 nostrates
912 3047 1029 3094 eLatiuis
1040 3045 1204 3103 deduetmus
1219 3043 1334 3091 baberent
1345 3041 1425 3102 Latii;

366 3118 440 3158 5000.
452 3123 506 3156 cum
517 3124 566 3156 uua
574 3112 653 3158 uncia.
880 3122 886 3128 ·
912 3112 1057 3169 1400000000
1068 3111 1192 3168 Romanis,
1201 3109 1242 3168 jus
1252 3108 1427 3156 haberentlto·

390 3183 429 3240 ἱ00
447 3175 572 3237 Philippei
590 3179 683 3224 nummi
702 3172 779 3238 eard]
803 3175 880 3223 Nuru-
912 3175 989 3224 manse
999 3177 1111 3225 civitatis.
1127 3175 1228 3234 DeJure
1238 3173 1302 3220 Latii
1315 3173 1367 3220 iuse
1377 3173 1427 3220 dis-

365 3256 431 3290 mum
453 3255 550 3288 aureum
578 3241 640 3300 apud
664 3242 759 3288 Grecos
780 3254 823 3302 pro
845 3243 880 3288 di-
913 3243 970 3288 serit
981 3241 1102 3302 Sigonius,
1111 3242 1127 3288 l.
1139 3241 1158 3287 1.
1171 3239 1200 3288 de
1208 3239 1307 3300 antiquo
1316 3237 1429 3298 1000100-

366 3307 479 3354 draehmo
501 3305 563 3353 sumi
588 3306 688 3352 affirmat
709 3320 738 3352 ex
761 3305 880 3354 communi
914 3305 961 3366 liu,
978 3321 998 3353 c.
1009 3313 1035 3353 4.
1050 3305 1093 3353 0οἱ
1111 3319 1160 3353 000
1178 3306 1258 3353 omnia
1273 3306 1372 3351 fortasse
1388 3315 1427 3349 ae-

366 3373 415 3418 te're
431 3373 554 3418 duetorem
571 3383 689 3420 consensu
700 3373 835 3419 Gronovius
852 3372 882 3418 da
913 3377 1064 3420 cursurum.
1098 3371 1142 3418 Sed
1154 3372 1213 3418 iilud
1223 3375 1326 3427 consur,
1336 3379 1376 3415 eos
1386 3369 1428 3428 qui

366 3439 420 3484 Pac.
432 3437 487 3483 Vet.
498 3436 514 3484 l.
527 3436 560 3483 11.
570 3449 590 3480 e.
603 3442 626 3484 0.
651 3437 722 3487 Quod
734 3437 754 3482 si
763 3437 797 3484 ita
808 3449 881 3498 pone·
914 3437 1055 3496 incivitate,
1066 3437 1172 3496 quae'jrrs
1183 3437 1247 3483 tatii
1260 3435 1367 3492 haberet,
1379 3447 1429 3480 ma·

367 3507 417 3558 tur,
440 3514 512 3560 quum
539 3500 604 3548 mina
630 3502 760 3549 estimetur
785 3505 881 3562 eentum
914 3503 1040 3564 gistratum
1061 3502 1327 3563 snuuumgessisseut,
1347 3500 1431 3546 civita·

368 3565 494 3620 drachmis,
507 3567 571 3612 aurei
586 3572 671 3614 lttlt.
689 3567 795 3614 effitiunt
811 3569 882 3628 paulo
914 3573 964 3615 tem
976 3569 1107 3614 Romanam
1124 3568 1221 3628 adeptos
1239 3581 1297 3612 esse.
1330 3565 1431 3612 Delto-

370 3633 423 3693 pius
435 3635 490 3680 090.
502 3633 587 3678 miuus.
619 3629 690 3679 Libra
705 3637 784 3679 autem
795 3633 883 3679 Rome
915 3627 1433 3690 00οἱ00010οἰἰο0000000000800οἱ001.

370 3711 402 3744 us
420 3701 530 3743 oensetur
546 3710 589 3758 par
604 3697 682 3744 mine.
715 3698 800 3760 ltaque
816 3711 883 3746 exur·
917 3699 950 3746 11.
960 3699 990 3746 ds
1000 3699 1099 3759 antiquo
1107 3698 1162 3758 jure
1174 3697 1287 3755 itaiime.
1296 3702 1430 3743 &caenon

370 3765 428 3818 gent
446 3775 530 3808 marce
549 3765 667 3809 nostrates
684 3769 741 3810 450.
764 3777 818 3811 eum
835 3777 884 3810 uus
916 3765 1027 3810 habuisse
1037 3764 1078 3823 ius
1094 3765 1227 3824 plenumst
1243 3764 1360 3817 integrum
1372 3761 1430 3807 oiri·

371 3827 451 3878 uucia.
916 3829 984 3887 tatis,
997 3829 1037 3875 sed
1050 3833 1147 3876 tentum
1162 3829 1203 3888 jus
1219 3826 1361 3882 Quiritium,
1372 3831 1433 3886 puta

404 3899 434 3939 00
446 3891 544 3938 Duceni
551 3889 785 3955 quinquagesimis]
802 3894 830 3940 ld
838 3899 883 3952 est,
917 3895 1041 3949 libertatis,
1068 3893 1150 3955 patriae
1180 3892 1315 3954 potestatis,
1343 3893 1433 3938 tutele·

370 3957 461 4004 denarii
473 3963 512 4003 05.
528 3959 606 4004 uncie
622 3958 711 4013 sessuri
729 3965 845 4006 nostrates
859 3965 884 4006 0.
916 3973 984 4007 rums
1003 3959 1105 4020 denique
1119 3960 1144 4004 iu
1161 3957 1271 4006 omnibus
1288 3955 1358 4004 rebus
1379 3971 1433 4017 quas

368 4021 499 4079 'cum·uno,
517 4029 544 4069 ut
556 4028 652 4080 rorant,
669 4037 757 4084 grosso.
791 4027 884 4073 (00000-
918 4027 975 4072 sunt
991 4025 1052 4083 juris
1072 4024 1168 4085 privati,
1182 4024 1263 4072 eodem
1281 4022 1353 4069 iubae
1366 4022 1433 4081 jure,

372 4089 447 4136 visne
456 4088 572 4135 editiones
580 4088 682 4135 ducenti.
716 4089 885 4136 Sedretustio·
918 4104 966 4151 quo
988 4091 1127 4149 Romanoa;
1152 4089 1207 4148 iure
1234 4093 1314 4135 autem
1336 4087 1432 4149 publico

371 4169 407 4201 res
424 4161 448 4201 et
463 4154 526 4200 Viet.
544 4154 616 4201 codex
635 4155 763 4214 proferunt
782 4155 805 4200 id
822 4155 885 4214 quod
919 4155 1091 4216 suffragiorum,
1102 4165 1107 4170 ·
1120 4155 1237 4202 honorum
1270 4152 1435 4213 adipisaeudo·

371 4219 498 4278 edidimus,
510 4224 533 4265 et
546 4226 609 4265 recta
620 4219 732 4280 loquendi
743 4218 820 4265 forma
830 4233 884 4282 pos·
919 4234 980 4278 rum,
993 4221 1102 4265 caruisse.
1137 4219 1223 4266 Utrum
1241 4219 1265 4265 id
1278 4217 1434 4279 liquidopro·
1500 4216 1505 4230 '

275 4279 280 4286 ”
371 4285 472 4331 tutabat.
520 4339 527 4348 .
756 4281 764 4299 '
918 4286 968 4342 bet,
980 4297 1061 4331 eorum
1073 4285 1105 4331 sit
1117 4284 1242 4342 juditium,
1255 4283 1295 4344 qui
1307 4297 1434 4348 argumen-

405 4353 435 4394 84
456 4347 580 4410 Capitibus
589 4347 663 4410 reris]
676 4345 721 4395 Pro
731 4362 794 4397 more
803 4363 883 4398 eorum
917 4357 944 4398 ta
954 4349 1005 4410 ejus
1015 4351 1157 4414 perpendere
1169 4345 1295 4398 soluerint
