3042 4954
13 4225 15 4330 l

410 198 460 258 L'l
471 197 504 258 B.
525 197 640 258 XXXI.
667 198 725 256 CA
738 198 771 257 1’.
793 197 890 258 XXV.
1136 205 1181 260 23

107 373 264 440 recesset,
281 361 422 444 concitat
436 364 469 426 in
490 363 596 427 hostes
611 383 739 448 equum,
755 383 820 426 non
839 359 887 426 ira
908 371 1044 440 tantum,
1059 361 1115 426 sed
1130 375 1215 428 stu.
1227 381 1254 428 c·
1265 386 1320 428 aas.

108 446 175 512 iam
201 449 304 537 gloria
329 449 449 526 elatus3
473 448 568 536 quod,
585 448 706 534 ingenti
729 447 823 513 turba
844 447 1007 533 completis
1027 448 1122 514 ctiam
1137 448 1215 514 αᾶΑ·
1227 446 1320 521 ⁰:⁹⁰Q

109 536 327 618 spectaculum
352 537 462 614 muris,
479 534 618 620 conspici
637 557 670 598 se
692 549 888 622 pugnantem
903 535 1065 623 egregium
1081 535 1177 600 duce·
1185 511 1336 624 fflffiq,

108 620 178 686 bat.
220 622 431 709 Aliquantum
453 637 527 687 ante
542 622 639 686 aciem
661 643 732 687 cum
749 620 908 706 equitibus
930 621 1038 706 paucis
1051 635 1243 688 evectuseut.

110 708 145 770 in
160 709 284 774 medios
298 709 415 787 hostes,
432 711 592 796 ingentem
613 729 711 794 quum
733 707 798 772 suis
819 707 977 808 ardorem,
993 720 1066 772 tum·
1082 730 1178 793 pavo·
1282 727 1286 742 ·

54 784 68 808 ⁶
108 816 175 858 rem
190 793 349 878 hostibus,
365 796 482 882 injecit.
505 793 659 877 plurimos
680 815 776 858 mauu
798 817 855 858 sua
877 815 1022 858 commus
1041 794 1179 860 eminus·

108 902 171 966 que
186 879 373 947 vulneratos
387 881 630 966 compulsosque
652 881 685 944 in
700 893 838 965 portam,
854 894 1039 946 consecutus
1054 882 1178 967 etipse,

108 989 209 1054 quum
225 969 380 1054 majorem
403 969 435 1030 in
452 967 605 1052 angustiis
626 966 854 1050 trepidantium
877 966 1025 1032 edidisset
1046 967 1178 1045 caedem,

108 1058 140 1116 in
157 1055 331 1137 temerario
349 1055 477 1139 incepto
500 1067 602 1118 tutum
627 1049 916 1138 tamen'receptum
939 1052 1070 1119 habuit:
1094 1055 1179 1138 quia,
1223 1095 1225 1106 .

110 1141 165 1224 qui
181 1143 215 1203 in
230 1141 372 1206 turribus
387 1154 488 1226 portae
504 1153 604 1218 erant,
620 1139 821 1206 sustinebant
837 1140 909 1218 tela,
924 1162 966 1202 ne
987 1140 1020 1204 in
1041 1142 1182 1226 permix-

110 1239 159 1289 tos
181 1226 329 1292 hostibus
352 1251 426 1292 suos
440 1227 642 1311 conjicerent.
687 1226 778 1290 intra
796 1248 904 1291 muros
918 1225 1033 1291 deiude
1047 1228 1183 1294 tenenti·

112 1311 311 1378 busmilites
325 1313 591 1388 Atheniensibus,
619 1310 795 1397 Philippus,
816 1313 839 1376 si
866 1336 907 1376 no
929 1313 1070 1399 receptui
1093 1314 1182 1394 dato,

111 1413 217 1464 castra
239 1401 280 1464 ad
296 1399 518 1486 ⁵Cyuosarges
539 1397 706 1482 (ternplum
728 1336 889 1475 Hercuis,
906 1401 1179 1487 gymnasiumque,

112 1499 143 1550 et
163 1487 254 1552 lucus
275 1499 343 1550 erat
365 1485 596 1570 circumjectus)
612 1485 728 1570 posuit.
752 1485 806 1548 sed
823 1485 1031 1574 Cynosarges,
1048 1499 1081 1550 et
1094 1487 1331 1574 ⁶Ly-Diruitou-

113 1595 216 1650 ceum,
234 1587 266 1637 et
280 1572 437 1660 quidquid
459 1571 558 1636 sancti
578 1571 733 1634 amoeuive
752 1571 836 1635 circa
853 1571 963 1636 urbem
980 1586 1058 1649 erat,
1074 1563 1302 1675 iucen-ffim

112 1682 182 1723 snm
211 1672 269 1738 est,
295 1660 465 1744 dirutaque
484 1680 549 1721 non
576 1669 658 1720 tacta
684 1655 798 1733 solum,
822 1657 876 1720 sed
903 1659 996 1721 etiam
1019 1658 1180 1742 sepulcra:
1270 1643 1304 1676 ἰ

69 1791 73 1798 -
112 1768 172 1810 nec
188 1745 291 1810 divini
314 1746 484 1810 humanive
501 1743 582 1829 juris
603 1742 775 1829 quidquam
798 1765 867 1828 prae
888 1743 1053 1828 inpotentiv
1067 1744 1115 1809 ira
1137 1759 1184 1810 est

113 1845 289 1898 servatum.

157 1918 270 1984 XXV.
295 1917 429 1983 Postero
451 1918 513 1998 die,
533 1941 630 2004 quum
654 1917 758 2002 primo
780 1918 897 1984 clausae
919 1917 1048 1989 fuissent
1071 1933 1183 2003 portoe,

114 2004 233 2070 deinde
262 2005 370 2082 subito
394 2021 524 2089 apertae,
549 2006 624 2091 quia
651 2004 844 2090 praesidium-
860 2005 959 2070 Attali
987 2007 1026 2071 ab
1054 2006 1184 2095 AEgina,

116 2092 323 2179 Romanique
338 2091 378 2156 ab
390 2090 515 2156 Piraeeo
530 2092 724 2156 intraverant
740 2091 861 2168 urbem,
873 2106 976 2158 castra
990 2092 1030 2158 ab
1042 2094 1121 2176 urbe
1135 2116 1186 2158 re-

114 2177 189 2244 tulit
202 2201 263 2244 rex
285 2178 347 2244 tria
360 2177 458 2242 ferme
479 2177 579 2242 millia
594 2199 754 2262 passuum.
778 2177 852 2242 inde
867 2178 1046 2246 Eleusinem
1063 2179 1186 2265 profec-

114 2281 177 2342 tus,
204 2287 263 2350 spe
293 2265 455 2350 inproviso
480 2264 590 2347 templi
616 2263 807 2350 castellique‚
831 2264 917 2349 quod
943 2278 974 2329 et
998 2267 1132 2332 inminet
1155 2280 1187 2331 et

115 2351 382 2417 ⁷circumdatum'
401 2363 447 2416 est
472 2349 601 2436 templo,
627 2350 782 2438 capiendi,
810 2373 909 2437 quum
939 2351 1185 2440 haudquaquam

115 2438 275 2524 neglectas
304 2438 462 2504 custodias
490 2435 771 2514 animadvertisset,
794 2449 827 2500 et
853 2437 981 2502 classem
1013 2463 1030 2502 a
1061 2439 1186 2504 Piraeeo

115 2525 262 2590 subsidio
279 2525 396 2602 venire,
412 2523 527 2589 omisso
549 2526 686 2608 incepto,
705 2521 885 2610 Megaram,
901 2547 938 2590 ac
959 2525 1104 2611 protinus
1121 2528 1186 2593 Co-

116 2611 264 2676 rinthum
287 2611 386 2676 ducit.
409 2624 441 2676 et
466 2633 564 2696 quum
588 2610 685 2696 Argis
707 2609 1094 2678 Achaeorumconcilium
1120 2628 1315 2691 esseltnrgos

116 2699 269 2775 audisset,
296 2697 536 2785 inopinantibus
561 2695 701 2772 Achaeis,
729 2698 874 2760 concioni
904 2697 965 2782 ipsi
997 2701 1185 2780 superuenit.

118 2785 355 2854 Consultabant
375 2783 416 2848 de
438 2782 521 2848 bello
541 2784 691 2847 adversus
711 2781 818 2847 Nabiu
841 2795 1010 2869 tyrannum
1034 2785 1341 2850 Lacedae-acuetur-

116 2873 320 2938 mouiorum:
343 2870 411 2958 qui,
425 2869 576 2936 translato
598 2869 734 2952 imperio
754 2892 774 2931 a
798 2866 1039 2953 Philopoemene
1059 2871 1099 2934 ad
1123 2857 1337 2966 Cy·{‚i¹⁸⁰⁸¹i⁸·

117 2957 268 3035 eliadam,
300 2979 500 3044 nequaquam
537 2977 644 3038 parem
675 2952 721 3016 illi
750 2955 874 3032 ducem,
904 2954 1028 3040 dilapsa
1056 2934 1320 3048 cernensfi'i'ffl'.

117 3046 317 3111 Achaeorum
332 3044 463 3122 auxilia,
478 3043 747 3126 redintegraverat
769 3039 898 3119 bellum,
913 3063 1070 3128 agrosque
1092 3043 1188 3108 finiti·
1197 3054 1281 3100 mittit

116 3154 246 3198 morum
277 3130 438 3208 vastabat3
469 3142 501 3194 et
523 3131 591 3215 jam
620 3127 753 3192 urbibus
778 3150 906 3214 quoque
933 3142 1000 3192 erat
1030 3129 1188 3194 terribilis.

118 3219 286 3302 Adversus
302 3219 386 3282 hunc
402 3217 536 3293 hostem,
552 3213 682 3302 quum,⁸
697 3229 850 3300 quantum
867 3237 908 3279 ex
921 3238 1048 3302 quaque
1063 3217 1189 3282 civitate

116 3306 260 3370 militum
289 3303 502 3381 scriberetur‘,
532 3300 767 3377 consultareut;
800 3300 978 3386 Philippus,
1005 3302 1189 3368 demturnm

118 3416 153 3457 se
175 3392 222 3456 eis
246 3412 366 3467 curam,
383 3389 470 3477 quod
492 3387 532 3472 ad
558 3386 664 3452 Nabin
690 3401 721 3452 et
739 3388 1000 3452 Lacedaemonios
1022 3391 1188 3466 adtineret,

118 3477 303 3564 pollicitns;
325 3498 386 3540 nec
401 3487 524 3540 tautum
541 3493 634 3561 egros
657 3473 814 3537 sociorum
835 3475 1094 3559 populationibus
1116 3499 1190 3561 pro-

118 3563 312 3640 hibiturum,
327 3562 383 3626 sed
398 3575 551 3626 terrorem
568 3581 694 3624 onmem
716 3558 790 3624 belli
814 3561 844 3623 in
867 3561 966 3644 ipsam
984 3562 1189 3643 Laconicam,

473 3699 481 3731 ¹
494 3697 678 3746 commitentur
689 3697 764 3746 Grou
778 3697 846 3744 (tres.

156 3825 170 3867 5
190 3814 353 3882 Cynoenrgee]
378 3816 416 3863 Sic
438 3817 528 3864 dictum
550 3830 566 3863 a
586 3830 644 3862 caue
710 3817 936 3864 tricameratum
967 3815 1013 3880 eat]
1052 3819 1196 3879 ctrmmjw

122 3881 185 3932 albo.
220 3884 295 3932 Canis
309 3883 374 3929 enim
391 3884 452 3943 apud
468 3879 643 3930 eneconem:
676 3883 728 3928 tum
748 3881 839 3936 aetite
858 3886 886 3928 ut
904 3885 1001 3931 castello
1020 3885 1135 3946 templum
1157 3886 1193 3931 in-

123 3951 201 4010 uum,
212 3948 291 4018 algais.
325 3949 450 4005 rabulum,
462 3962 514 4008 qun
529 3947 586 3994 huic
601 3959 644 3994 nc·
677 3946 792 3993 cludatur.

123 4015 180 4064 mini
198 4017 317 4080 originem
333 4012 424 4060 dedisse
440 4010 603 4074 dicitnr,'pete
616 4027 645 4059 ex
711 4019 725 4058 8
745 4012 869 4068 Quwtum
894 4027 925 4060 cc
954 4029 1046 4077 qunque
1070 4015 1195 4062 deitatum

124 4081 201 4132 saida.
677 4078 785 4124 militum
806 4075 1001 4141 mmeriteretar]
1034 4080 1134 4127 Suariur
1159 4083 1196 4125 eet

152 4141 307 4213 etym]
329 4142 496 4204 maasiam,
518 4143 560 4190 ubi
580 4142 646 4190 Aria·
678 4141 702 4188 id
725 4143 788 4203 quod
812 4158 840 4190 ex
862 4143 957 4190 rnusn.
981 4146 1032 4191 cod.
1055 4144 1124 4191 affert
1143 4143 1196 4190 διο.

122 4216 202 4264 tutelae
219 4227 278 4261 cnm
298 4207 352 4257 auis
366 4207 515 4254 inambulant
527 4210 556 4255 de
568 4208 646 4270 philo·
678 4208 828 4256 Gronovius:
848 4209 972 4264 Quantam
985 4221 1014 4256 ea
1030 4221 1121 4271 quaque
1137 4209 1197 4254 etut-

121 4283 199 4344 tophie
210 4277 393 4341 disputarent.
424 4272 519 4320 Nomen
536 4273 647 4321 habuits
679 4279 729 4319 tuta
753 4275 860 4322 militum
888 4275 1037 4322 srrttmtur.
1069 4273 1199 4320 consentit

117 4348 185 4411 tysis
211 4339 354 4397 Pandionia
382 4338 431 4386 trio
456 4342 517 4386 teste
544 4341 645 4388 rmum.
677 4338 769 4386 Victor.

113 4416 159 4466 rr.
601 4461 609 4479 ,

717 4476 770 4529 cr
