3104 4976
337 677 615 766 semones
651 639 826 764 unns
861 670 1065 768 mv(
1146 645 1148 655 '

590 910 784 952 —0-

158 1061 213 1171 Ρ.
230 1103 382 1172 SCIPIO
403 1103 577 1190 Africanus
604 1105 722 1190 legatus
746 1097 791 1166 ab
811 1103 992 1169 Antiochum
1016 1105 1135 1188 Ephesi
1158 1126 1223 1170 cnm

158 1189 356 1276 Hannibale,
377 1193 432 1276 qui
452 1213 484 1256 se
502 1189 656 1256 Antiocho
670 1189 834 1275 junxerat,
854 1193 1024 1256 conlomctus
1048 1201 1108 1268 est,·
1133 1202 1177 1270 at,
1195 1193 1224 1258 si

143 1277 228 1360 fimi
234 1287 348 1361 posset,
357 1287 465 1342 metum
479 1279 519 1355 ei,
532 1299 617 1361 quem
632 1299 670 1340 ecc
677 1278 794 1361 populo
804 1276 944 1340 Romano
957 1289 1145 1362 cotueperat,
1157 1280 1223 1343 eci-

157 1375 260 1429 meret.
305 1365 393 1428 Inter
413 1365 481 1450 alia
501 1385 590 1448 quum
605 1372 763 1449 quareret,
779 1363 977 1449 quemsnisse
989 1366 1150 1429 maximnm
1166 1367 1223 1429 im-

151 1461 329 1534 peratorem
341 1451 508 1515 Hannibal
521 1453 666 1529 crederet,
682 1451 855 1534 respondit:
877 1448 1096 1515 Alexandrum
1112 1449 1224 1516 Mace-

157 1535 280 1602 donum
302 1559 420 1623 regem,
442 1535 530 1623 quod
550 1557 649 1622 parve
673 1556 769 1600 manu
795 1534 1040 1600 innumerabiles
1061 1537 1223 1602 exercitus

156 1621 304 1700 fudissem
337 1623 488 1710 quodque
515 1622 643 1688 ultimas
670 1644 753 1700 oras,
776 1643 853 1709 quas
882 1620 982 1688 visere
1011 1643 1107 1707 supra
1134 1643 1223 1708 spem

155 1709 332 1775 humanam
350 1721 442 1791 esset,
455 1721 663 1798 peragrasset.
709 1710 868 1784 Quaerenti
881 1709 1001 1788 deinde,
1018 1729 1103 1794 quem
1120 1723 1224 1775 secun-

157 1799 229 1861 dum
237 1807 379 1880 poneret,
396 1794 569 1884 Pyrrhum,
584 1797 696 1881 inquit,
712 1807 816 1860 cestra
836 1795 947 1859 meteri
970 1795 1108 1888 primum
1125 1795 1224 1860 docu-

157 1884 229 1948 isse.
252 1882 294 1948 ad
317 1882 378 1948 hoc
399 1883 557 1947 neminem
572 1881 747 1971 elegantius
768 1880 837 1946 loce
854 1881 982 1966 cepisse,
998 1881 1148 1969 praesidia
1161 1882 1224 1947 dis·

159 1970 311 2059 posuisse.
356 1969 555 2053 &sequenti
600 1992 665 2034 uem
693 1969 817 2042 tertium
842 1969 965 2045 diceret,
992 1982 1092 2034 semet
1119 1969 1224 2054 ipsum

158 2058 252 2122 dicit.
295 2054 416 2121 Ridens
435 2057 550 2140 Scipio,
572 1992 737 2132 buidnam
763 2067 799 2120 tu
823 2054 956 2134 diceres,
977 2055 1004 2119 si
1027 2077 1090 2136 me,
1111 2055 1223 2140 inquit,
1280 2083 1282 2092 ·

159 2139 309 2208 vicisses?
330 2140 428 2208 Tunc
451 2161 537 2222 vero,
564 2145 677 2228 inquit,
701 2163 753 2207 me
781 2152 813 2206 et
841 2153 914 2206 ante
938 2141 1170 2221 Alexandrum,
1193 2152 1225 2207 et

158 2241 234 2294 ante
251 2228 421 2316 Pyrrhum,
437 2242 469 2294 et
482 2241 557 2294 unte
577 2228 857 2314 aliosposuissem.
900 2228 989 2296 Inter
1002 2240 1104 2316 cetera
1116 2227 1226 2313 prodi·

155 2319 226 2402 giu,
242 2337 311 2400 quae
317 2317 459 2400 plurimu
467 2317 575 2402 ficisse
587 2318 764 2394 mabuntur,
779 2315 879 2382 bovem
896 2315 955 2380 Cn.
965 2309 1104 2380 Domitii
1120 2318 1226 2380 consu·

159 2405 200 2468 lis
211 2405 350 2479 locutum,
365 2402 470 2469 Βοωε
484 2424 559 2468 cave
570 2402 641 2482 tibi,
650 2403 795 2488 refertur.
817 2402 986 2485 Adparent
1001 2403 1034 2466 in
1044 2401 1227 2466 Antiochum

160 2489 270 2554 bellum
283 2490 430 2554 Romani.
475 2490 575 2568 Nubis
590 2490 889 2555 Lacedaemoniorum
906 2498 1064 2575 tyronum,
1081 2489 1228 2553 incitatus

159 2576 200 2640 ab
215 2575 345 2654 AEco'tis,
357 2577 414 2661 qui
426 2586 456 2640 et
468 2577 650 2662 Pnttmpm
661 2587 692 2641 et
705 2577 888 2642 Antiochum
903 2577 948 2639 ad
960 2575 1151 2660 iey‘ecendum
1165 2573 1227 2638 bel·

159 2663 222 2728 lum
239 2663 356 2750 populo
371 2663 510 2728 &marm
527 2653 745 2740 sollicitabant,
760 2686 782 2726 a
796 2663 915 2746 pmmlo
928 2661 1071 2726 Romano
1085 2663 1228 2726 desciuit:

161 2759 202 2828 et,
217 2749 295 2814 bello
320 2750 463 2814 oducruu
483 2751 740 2834 Philopoemenem
753 2749 931 2814 Achccmum
944 2758 1110 2831 praetorem
1128 2757 1226 2832 gesto,

163 2833 220 2899 ¹ab
230 2831 391 2900 AEtolis'et
404 2837 444 2899 ab
454 2831 642 2901 Ateeamao
656 2835 730 2899 duce
743 2855 845 2898 cotum
860 2835 1099 2920 interstetusest.
1122 2833 1229 2898 AEtoli

164 2943 281 3008 quoque
294 2923 335 2986 ab
349 2923 491 2988 amicitia
509 2923 617 3008 populi
631 2921 769 2986 Romam
783 2920 965 3007 deffecenunt.
981 2941 1045 2984 cum
1060 2917 1167 3004 quibus
1180 2941 1227 2984 so·

163 3005 400 3092 cictatejuncto,
416 3010 585 3094 Antiochus
598 3009 699 3095 syrte
716 3030 781 3086 reu,
797 3029 886 3092 quum
908 3007 1015 3071 bellum
1033 3004 1164 3072 Gracia
1179 3008 1228 3070 in·

163 3097 291 3172 tulisset,
316 3097 483 3178 complures
506 3097 594 3162 urbes
621 3096 797 3178 occupauit3
827 3097 909 3159 inter
939 3111 1015 3178 quas
1042 3093 1227 3172 Chalcidem,

163 3189 301 3245 ettotam
318 3182 475 3247 Eubmam.
497 3183 562 3248 Res
570 3192 726 3268 praterea
740 3184 775 3246 in
791 3181 957 3267 liguribus
964 3190 1070 3266 gestos
1084 3188 1114 3244 et
1127 3179 1229 3264 adpa-

162 3277 264 3332 ratum
277 3267 351 3332 belli
363 3267 404 3332 ab
419 3269 572 3334 Antiocho
585 3271 728 3334 continet.

200 3422 211 3461 1
230 3418 270 3465 Ab
279 3417 372 3468 AEtolc'c
385 3426 410 3468 et
419 3421 566 3470 Aleum
579 3423 636 3471 duee
645 3438 682 3471 eo·
714 3423 818 3485 vulgatis
837 3421 935 3480 absunt,
956 3420 983 3466 in
1000 3433 1051 3468 uno
1065 3417 1164 3470 cluss.
1179 3421 1228 3469 mi·

165 3479 231 3546 run]
254 3482 366 3538 Quum:
380 3485 481 3538 ,ulhmu
500 3501 649 3552 memque
668 3501 683 3537 u
713 3486 1071 3538 uolumenum
