3136 4982
425 183 952 325 marmannorum.
1145 199 1218 294 sn
1299 239 1301 249 ’

154 391 314 472 tsbsatur,
330 405 364 460 et
376 393 403 440 ²⁷
409 411 511 484 prope
524 409 611 464 osma
631 397 781 464 fovebant
794 415 861 483 spe,
870 397 938 484 jara
955 393 1156 464 Nicandrum
1178 413 1259 465 exn.
1269 415 1296 464 o
1309 419 1365 466 sss.

152 480 333 564 composito
352 481 472 570 adfore,
498 496 530 550 et
548 495 638 573 terga
659 483 798 568 hostium
820 485 1013 550 invasurum.
1058 483 1146 549 Haec
1167 481 1295 552 „esan
1310 487 1365 544 ¹⁸⁹·

152 565 347 653 aliquamdiu
373 569 497 634 animos
523 571 736 658 pugnantium
761 569 921 641 sudauit.
950 581 1101 650 totamm,
1130 585 1218 656 post-
1248 583 1250 587 ’

110 679 112 682 ·
151 669 249 739 qnam
267 653 393 719 nulium
416 675 458 722 ex
480 659 658 742 composito
679 655 806 746 siguum
826 678 847 723 a
868 657 932 721 suis
955 655 1164 742 accipiebant,
1186 674 1219 724 st

151 755 296 804 crescere
313 757 482 807 numerum
497 741 637 809 hostium
659 743 839 822 cernebant,
854 739 997 808 destituti
1019 744 1148 831 segnius
1168 744 1218 809 in·
1311 743 1316 764 ¹

150 837 253 890 staret
275 837 449 912 postremo,
465 846 501 892 rs
517 831 641 908 omissa,
652 831 721 917 jam
734 831 789 894 vix
809 840 884 894 tuto
903 833 1093 914 recepturis
1118 830 1216 898 'entes

149 911 186 975 in
206 915 319 976 urbem
341 913 585 1001 corupeiinntnr,
600 929 692 1004 parte
711 922 849 1002 operum
866 915 1051 993 incensant
1071 916 1217 1001 paribus

149 997 324 1085 aiiqnanto,
354 1021 450 1088 quarn
481 1003 541 1153 ipsi
570 1003 759 1080 ceciderant,
788 999 971 1091 interiectis.
1003 1004 1089 1088 quod
1117 1003 1144 1068 si
1172 1027 1214 1070 ex

148 1086 328 1170 composito
337 1101 408 1153 scta
422 1107 474 1154 res
502 1089 604 1168 uisset,
615 1088 705 1155 baud
717 1089 851 1155 dubium
866 1099 943 1168 erat,
957 1091 1136 1178 expugnari
1150 1111 1215 1155 una

149 1171 261 1258 utique
289 1185 378 1259 patto
405 1189 503 1259 opera
531 1194 603 1241 cum
635 1195 752 1264 magua
777 1174 869 1240 creda
896 1174 1035 1240 bostium
1065 1175 1214 1260 potuisse.

150 1258 405 1342 Ambracienses,
419 1261 537 1348 quique
558 1262 643 1328 intus
657 1273 748 1330 erant
763 1261 877 1340 AEtoli,
893 1281 959 1328 non
974 1261 1015 1326 ab
1028 1263 1095 1348 ejus
1109 1263 1213 1328 solum

41 1407 46 1422 ,
147 1346 252 1410 noctis
276 1347 404 1432 incepto
426 1366 590 1428 recessere,
611 1349 665 1414 ssd
691 1349 726 1413 in
747 1348 908 1434 reliquum
927 1361 1054 1435 quoque
1075 1361 1212 1434 tempus,

147 1431 236 1518 velut
248 1433 369 1520 proditi
382 1455 401 1498 a
415 1434 489 1516 suis,
504 1435 664 1536 segniores
685 1433 729 1500 ed
747 1434 890 1520 pericula
908 1447 1010 1499 erant.
1028 1435 1096 1520 jam
1117 1455 1213 1502 neuro

144 1513 375 1604 eruptionibus,
392 1531 525 1598 utente,
541 1543 574 1586 sn
590 1523 740 1588 stationes
754 1521 905 1599 hostium,
916 1521 983 1602 sed,
994 1519 1140 1607 dispositi
1154 1543 1213 1608 per

146 1621 255 1670 oratos
269 1617 428 1690 saturies,
440 1627 481 1672 ex
496 1619 567 1672 tuto
580 1607 778 1695 pugnabant.

190 1689 269 1756 vll.
294 1691 435 1772 Perseus,
461 1695 516 1758 ubi
537 1693 655 1760 adesse·
669 1693 798 1760 AEtolos
824 1693 955 1772 audivit,
981 1693 1102 1758 omissa-
1125 1694 1212 1760 obsi·

84 1785 88 1794 “
145 1775 244 1842 dione
264 1777 361 1856 urbis,
378 1801 473 1866 quam
495 1781 710 1870 obpugnabat,
726 1779 937 1866 depopulatus
958 1791 1082 1846 tautum
1104 1803 1209 1870 agros,

144 1863 427 1950 Amphilochiumh
440 1867 585 1945 excessin
598 1880 630 1932 at
655 1889 694 1932 ue
714 1867 748 1932 iu
772 1865 996 1932 Macedoniam
1017 1867 1120 1932 rediit
1167 1867 1211 1934 Et

145 1949 279 2029 AEtoios
292 1951 369 2017 inde
388 1953 532 2020 avocavit
551 1973 618 2042 pop
651 1953 719 2018 atio
739 1953 905 2018 maritimae
919 1972 996 2018 orae.
1043 1953 1212 2020 Pleuratus

143 2036 328 2123 Illyriorum
353 2059 421 2117 rex,
445 2061 518 2104 cum
544 2040 709 2126 sexaginta
730 2038 843 2107 lembis
867 2039 1075 2126 Corinthium
1104 2041 1209 2106 sinum

142 2123 297 2203 invectus,
319 2124 476 2190 ad'unctis
497 2125 699 2204 Achaeorum,
722 2147 795 2212 qnae
819 2126 919 2191 Patris
941 2139 1042 2209 erant,
1064 2127 1208 2206 navibus,

133 2209 302 2276 maritima
363 2212 449 2277 tolia
462 2213 614 2277 vastabat.
637 2211 788 2278 &uersus
803 2233 883 2298 qnos
898 2211 985 2276 mille
997 2211 1100 2278 AEtoli
1112 2213 1207 2294 missi,

142 2315 344 2384 quacumque
365 2321 398 2363 se
419 2298 524 2363 classis
546 2299 773 2385 circumegerat
794 2316 851 2382 per
874 2298 1002 2363 litorum
1025 2299 1208 2385 amfractus,

142 2383 342 2448 breuioribus
365 2385 483 2450 sentitis
505 2383 727 2450 obcurrebant.
773 2383 817 2448 Et
842 2384 981 2450 Romani
1004 2385 1045 2450 ad
1070 2386 1208 2451 Ambra-

142 2469 236 2550 ciam,
251 2469 397 2556 pluribus
418 2470 498 2535 locis
513 2471 686 2558 quatiendo
706 2469 859 2536 arietibus
877 2491 996 2549 muros,
1011 2471 1208 2558 aliquantum

140 2555 452 2622 urbisnuduterant.
474 2577 533 2623 nac
554 2569 660 2622 umas
682 2567 848 2643 penetrare
868 2556 902 2620 in
924 2558 1036 2624 urbem
1051 2571 1208 2644 poterant.

140 2643 227 2708 Nam
242 2657 274 2708 et
287 2645 357 2729 pari
372 2643 531 2710 celeritate
544 2661 644 2708 novus
661 2662 721 2730 pro
735 2643 842 2710 diruto
862 2665 973 2708 murus
987 2645 1206 2732 objiciebatur,
1269 2675 1287 2718 :-

140 2742 173 2796 et
186 2731 312 2812 armati,
326 2730 424 2796 ruinis
439 2741 661 2815 superstantes,
676 2730 775 2794 instar
789 2729 982 2794 munimenti
995 2743 1096 2797 eraut.
1142 2732 1207 2796 Ita·

140 2835 215 2900 qne,
231 2835 329 2900 quum
347 2830 457 2902 aperta
471 2816 502 2880 vi
522 2832 634 2902 parum
656 2815 843 2902 procederet
864 2816 992 2880 consuli
1003 2839 1062 2897 res,
1077 2818 1206 2882 cunicu·
1217 2829 1336 2879 enniano

140 2902 209 2966 lum
225 2902 395 2982 occultum,
411 2903 511 2968 vineis
533 2917 608 2970 ante
628 2913 774 2974 contecto
795 2900 877 2981 loco,
892 2923 987 2989 agere
1007 2903 1152 2968 institnit.
1175 2897 1354 3008 etffiff·

140 2987 348 3076 aiiquamdim
360 3007 458 3076 quum
472 2987 540 3054 dics
551 2999 724 3074 noctesque
737 2987 769 3051 in
785 3006 884 3072 opere
896 3002 1009 3066 essem,
1022 3009 1087 3054 non
1103 2989 1206 3054 solnm
1215 3029 1320 3074 tentent

139 3074 204 3140 sub
213 3073 817 3164 androdamasedegsrsnsesetiem
829 3073 1207 3154 bumum5fefelierehos-

139 3174 216 3227 tem.
240 3160 397 3228 Cumulus
407 3175 537 3249 repente
547 3174 641 3228 terrae
655 3161 796 3227 eminens
806 3159 903 3226 index
918 3162 1024 3248 operis
1038 3162 1207 3249 oppidania

139 3239 211 3312 ibit.
234 3247 412 3335 paridique,
427 3271 469 3314 ne
484 3250 563 3336 jam,
579 3247 720 3314 subrutis
743 3247 855 3329 muris,
869 3247 952 3314 faeta
973 3248 1007 3314 iu
1029 3251 1140 3314 urbem
1156 3249 1207 3314 via

138 3345 231 3410 esset,
246 3333 360 3400 rosum
376 3336 461 3400 intra
474 3355 634 3401 murum-e
648 3337 778 3422 regione
795 3335 861 3420 ejus
875 3335 991 3420 operia
1005 3333 1092 3422 quod
1107 3335 1207 3402 vineis

138 3431 321 3486 contectum
336 3433 415 3502 mat,
430 3421 548 3486 ducere
567 3421 747 3486 instituunt.
769 3421 858 3507 cujus
872 3421 928 3485 ubi
942 3423 982 3486 ad
997 3435 1117 3486 tantam
1133 3423 1205 3488 alti·

137 3505 294 3588 tudinem,
310 3521 437 3593 quantae
452 3527 518 3572 esse
535 3507 636 3572 solum
651 3505 796 3570 infimum
820 3506 959 3572 cuniculi
980 3521 1116 3594 poterat,
1131 3511 1206 3594 per·

139 3605 307 3672 venerunt,
324 3593 449 3660 silentio
471 3593 563 3671 iacto,
579 3593 723 3678 pluribus
744 3592 823 3658 locis
838 3591 947 3658 18autre
962 3595 1100 3674 admota,
1116 3599 1203 3662 soni·

488 3715 680 3782 hAmptttsetsts
691 3719 766 3764 Grotr·
780 3719 849 3764 Cret.

173 3831 591 3896 17*Prapeeertefeset'sstspe]
609 3835 654 3883 do·
687 3833 781 3880 dionem
806 3831 1005 3892 Arrtbrssienssnr¹
1025 3839 1051 3880 et
1073 3833 1126 3880 baec
1152 3834 1204 3896 ipss

137 3895 230 3944 rebant
254 3902 397 3960 pugnantes,
417 3899 582 3962 psrgnsntium’
602 3900 653 3946 sni·
688 3905 741 3958 qne
764 3902 780 3945 a
802 3898 872 3944 Liria
895 3899 943 3945 troc
963 3901 1015 3947 iooo
1033 3905 1202 3946 memorantur.

136 3974 190 4011 utos
209 3961 367 4011 incendebant
385 3975 458 4026 prope
474 3969 539 4010 enta
554 3977 596 4026 spe
612 3977 654 4012 sub
686 3963 723 4010 lix
751 3965 793 4010 iilo
816 3962 927 4010 discimus
953 3964 1132 4012 Ambracienses
1153 3977 1202 4010 can

136 4026 348 4077 xiiiisfficsndro
358 4031 510 4078 advertentis.
687 4029 758 4076 modo
781 4040 839 4075 aare
864 4029 960 4076 adarna
983 4036 1093 4090 reptasse
1111 4029 1203 4075 iodisn·

174 4095 288 4142 18Ἀννε
306 4091 411 4158 denota]
432 4096 519 4144 liniat
538 4094 654 4153 fingmen-
686 4093 748 4140 tium
768 4106 862 4146 sonum,
879 4095 920 4140 sed
936 4095 1050 4156 appositis
1070 4094 1203 4140 sumentis

136 4159 191 4204 tbtn
213 4159 369 4222 Poiybisnum
396 4161 426 4208 ab
456 4162 532 4208 Hem.
560 4160 656 4207 Vsiesio
687 4159 843 4216 tenuissimis,
859 4159 1060 4219 reperturam.
1076 4171 1129 4218 quse
1146 4158 1204 4204 snb-

135 4225 339 4272 communicatum
355 4227 407 4274 Jsc.
419 4225 552 4283 (irnperio,
570 4230 596 4272 et
612 4231 662 4286 per·
686 4225 802 4271 saltantis
828 4228 853 4270 et
881 4224 1017 4270 resonantis
1046 4223 1075 4269 sd
1102 4223 1203 4270 «terio-

135 4288 203 4337 bunc
213 4290 304 4354 pubiioi
317 4290 379 4350 juris
389 4291 479 4338 iactum
490 4292 515 4338 io
527 4291 653 4350 Dissertat.
686 4301 734 4336 mm
752 4297 836 4336 sonum
854 4289 988 4335 indicarent
1003 4287 1101 4334 ubinam
1113 4287 1203 4334 fodere·

135 4355 347 4414 spreteratis.
367 4357 496 4418 Georgium
517 4355 650 4402 Graviunr:
686 4361 734 4400 tur.
768 4355 824 4402 Ideo
840 4355 892 4400 dno.
909 4353 1045 4400 Gronovius
1069 4353 1203 4414 suspicatur

135 4422 200 4480 quod
212 4420 307 4484 quiden
319 4421 478 4484 fragmentum
488 4421 654 4486 speetstssobsi·
685 4419 783 4466 tasum
799 4419 837 4468 tue
853 4419 944 4466 densae
963 4431 1020 4466 aare
1036 4420 1080 4468 ers·
1096 4419 1201 4478 abacta,

716 4491 770 4546 κδ
