3126 4978
455 185 506 245 LI
519 185 550 244 B.
578 184 742 245 xxxvll.
769 185 823 252 CA
833 185 864 244 P.
878 184 934 276 ¹11.
1159 189 1218 254 279
1252 193 1256 198 “
1304 211 1307 216 ·

200 345 247 426 Π.
270 345 429 416 Praetores
444 347 519 414 inde
538 348 717 434 provincias
730 347 845 424 sortiti,
862 345 903 414 L.
916 346 1149 420 Aurunculeius
1163 367 1216 413 ur·
1226 360 1256 407 u.
1269 361 1296 408 c.
1308 361 1363 410 scs.

154 429 282 511 benum,
300 434 361 499 Cn.
379 434 508 500 Fulvius
525 455 600 521 pere
623 436 735 512 rinam,
752 437 789 500 L.
806 433 958 500 AEmilius
974 433 1117 521 Regillus
1136 427 1257 506 clas-A*
1269 427 1297 473 ⁰·
1310 430 1363 476 ¹9⁰⁸

155 542 232 597 sem,
261 518 298 584 P.
317 521 434 587 lunius
460 521 579 588 Brutus
599 459 740 600 gl'uscos,
772 520 822 586 M.
842 520 980 586 Tuccius
1006 521 1156 606 Apuliam
1186 531 1218 590 ct

157 603 310 684 Bruttios,
328 607 367 673 C.
383 608 512 674 Atinius
528 609 678 674 Siciliam.
724 606 857 682 Consuli
878 607 1003 683 deinde,
1020 607 1071 672 cui
1090 608 1218 680 Graecia
1225 610 1357 661 Exercitus.

155 693 319 776 provincia
333 693 460 760 decreta
474 706 551 772 erat,
567 695 609 760 ad
628 715 701 760 eum
716 695 904 776 exercitum,
919 714 1013 780 quem
1028 696 1054 758 a’
1063 693 1124 760 Μ’.
1140 693 1218 758 Aci·

153 777 199 844 lio
214 781 299 863 (duae
313 794 419 844 autem
441 779 578 867 legiones
600 783 704 862 erant)
724 793 910 864 accepturus
932 793 1021 858 esset,
1037 782 1070 844 in
1090 781 1218 866 supple-

155 879 298 930 mentum
326 865 434 930 addita
459 866 602 951 peditum
629 865 744 932 civium
777 867 995 932 Romanorum
1022 867 1083 930 tria
1107 865 1217 944 millia,

153 952 274 1036 equites
295 966 434 1029 centum,
453 964 485 1017 et
507 953 629 1017 socidm
653 952 761 1018 Latini
786 952 923 1016 nominis
945 952 1216 1040 quinquemillia,

153 1037 274 1122 equites
297 1039 442 1103 ducenti:
467 1050 498 1103 et
523 1038 691 1124 adjectum,
706 1051 752 1118 ut,
768 1061 866 1126 quum
891 1039 923 1102 in
946 1041 1141 1124 provinciam
1164 1061 1217 1102 ve-

151 1123 260 1200 nisset,
277 1123 303 1187 si
317 1146 337 1188 e
351 1124 512 1209 republica
527 1125 685 1190 videretur
699 1148 774 1203 esse,
791 1126 963 1190 exercitum
979 1126 1012 1190 in
1028 1125 1134 1190 Asiam
1151 1138 1217 1190 tra-

147 1210 272 1294 jiceret.
304 1209 421 1277 ¹Alteri
434 1211 555 1276 consuli
570 1225 654 1276 totus
667 1233 769 1278 novus
784 1213 943 1278 exercitus
956 1212 1119 1288 decretus3
1142 1211 1217 1276 dnae

132 1359 136 1366 ,
153 1295 293 1383 legiones
310 1296 477 1374 Romanae,
492 1310 523 1362 et
538 1297 656 1363 sccidm
673 1298 781 1363 Latini
796 1299 933 1363 nominis
947 1299 1129 1385 quindecim
1145 1298 1217 1362 mil-

152 1381 196 1446 lia
215 1383 369 1467 peditum,
385 1384 504 1469 equites
525 1385 677 1456 sexcenti.
722 1384 910 1450 Exercitum
931 1407 972 1448 ex
987 1385 1159 1472 Liguribus
1174 1387 1215 1454 Q.

154 1467 320 1534 Minucius
344 1471 422 1555 (jam
451 1470 535 1534 enim
560 1469 735 1536 confectam
765 1471 958 1556 provinciam
985 1473 1162 1557 scripserat,
1185 1484 1218 1540 et

153 1554 311 1642 Ligurum
335 1578 429 1620 omne
451 1577 568 1622 nomen
591 1557 625 1619 in
646 1557 838 1622 deditionem
853 1557 986 1638 venisse)
1002 1557 1167 1626 traducere
1182 1557 1217 1620 in

155 1642 265 1718 Boios,
280 1654 312 1706 et
327 1642 365 1709 P.
382 1643 532 1707 Cornelio
546 1643 729 1728 proconsuli
743 1643 876 1721 tradere,
888 1644 1002 1729 jussus.
1036 1642 1111 1706 ³Ex
1126 1665 1216 1730 agre,

153 1750 219 1815 quo
243 1729 339 1794 victos
360 1728 445 1793 bello
464 1729 651 1794 multaverat
669 1730 778 1807 Boios,
794 1729 941 1794 deductae
963 1728 1096 1794 urbanae
1117 1727 1217 1816 legio·
1276 1737 1283 1746 ’

152 1836 220 1892 nes,
236 1837 309 1900 quae
331 1815 437 1899 priore
451 1837 535 1880 anno
549 1816 737 1901 conscriptae
760 1828 861 1898 erant,
879 1815 928 1881 M.
942 1816 1064 1880 Tuccio
1086 1816 1218 1901 praetori

153 1899 250 1980 datoe,
278 1915 311 1968 et
339 1901 458 1966 socitim
485 1905 545 1966 acl
571 1903 683 1968 Latini
705 1902 842 1966 nominis
867 1902 1009 1987 peditum
1035 1903 1218 1988 quindecim

155 1987 265 2064 millia,
289 1988 408 2074 equites
430 1990 584 2066 sexcenti,
607 1990 645 2053 ad
672 1988 822 2074 Apuliam
846 1988 1050 2074 Bruttiosque
1071 1989 1218 2054 obtinen-

154 2075 223 2138 dos.
266 2074 307 2139 A.
321 2072 472 2138 Cornelio
487 2075 658 2160 superioris
672 2076 747 2140 anni
763 2075 902 2159 praetori‚
915 2075 970 2162 qui
986 2075 1129 2142 Bruttios
1143 2099 1218 2140 cum

152 2161 294 2226 exercitu
316 2160 507 2238 obtinuerat,
523 2165 723 2246 imperatum,
739 2162 768 2226 si
789 2163 833 2226 ita
854 2161 975 2226 consuli
995 2162 1164 2241 videretur,
1184 2175 1219 2228 ut

152 2246 293 2332 legiones
307 2247 341 2318 in
357 2246 513 2314 AEtoliam
536 2249 680 2334 trajectas
699 2247 761 2312 Μ’.
777 2247 883 2312 Acilio
904 2247 1059 2326 traderet,
1069 2250 1093 2312 si
1109 2251 1219 2314 isma.

151 2353 230 2398 nere
244 2333 291 2397 ibi
299 2333 404 2398 vellet.
418 2333 444 2397 si
456 2333 579 2399 Acilius
593 2333 696 2398 redire
710 2333 847 2398 Romam
863 2333 980 2411 mallet,
994 2349 1028 2398 ut
1044 2338 1084 2398 A.
1098 2336 1219 2401 Corne-

151 2419 215 2484 lius
229 2441 302 2484 cum
317 2443 356 2486 eo
369 2421 514 2486 exercitu
528 2421 560 2485 in
577 2419 700 2484 AEtoiia
715 2432 900 2486 remaneret.
936 2421 975 2485 C.
991 2422 1138 2486 Atinium
1154 2423 1219 2488 La-

153 2505 289 2572 beonem
315 2507 510 2590 provinciam
538 2506 679 2572 Siciliam
708 2507 945 2592 exercitumque
968 2530 988 2571 a
1015 2507 1065 2572 M.
1087 2509 1219 2576 AEmilio

152 2591 297 2677 accipere
317 2592 449 2677 placuit,
463 2606 495 2658 et
509 2594 541 2656 in
562 2593 815 2678 supplementum
838 2593 976 2658 scribere
996 2617 1035 2658 ex
1055 2595 1123 2679 ipsa
1144 2618 1219 2681 pro-

153 2679 268 2759 vincia,
282 2679 309 2743 si
323 2679 428 2760 vellet,
442 2679 583 2765 peditum
600 2679 666 2744 duo
685 2680 793 2756 millia,
810 2693 841 2744 et
854 2695 982 2744 cent-um
1004 2682 1142 2767 equitess
1166 2684 1232 2766 (P,
1249 2753 1253 2760 ,

152 2764 270 2832 Junius
286 2766 406 2830 Brutus
421 2767 454 2828 in
469 2765 593 2853 Tuscos
614 2767 788 2842 exercitum
806 2787 934 2844 novum,
950 2766 1106 2851 legionem
1122 2791 1220 2832 unam

156 2853 348 2931 Romanam,
364 2864 396 2916 et
414 2851 523 2916 decem
544 2851 644 2916 millia
665 2851 787 2916 socidm
810 2872 847 2915 ac
863 2850 972 2914 Latini
989 2853 1129 2916 nominis
1143 2856 1220 2918 scri-

153 2941 242 3016 bere,
260 2951 292 3005 et
312 2938 561 3038 quadringentos
583 2938 718 3026 equites3
742 2937 783 3001 L.
799 2937 959 3014 AEmilius,
980 2939 1033 3006 cui
1055 2937 1221 3023 provincia

153 3025 315 3092 maritima
336 3035 413 3102 erat,
429 3024 541 3110 viginti
555 3045 658 3090 naves
679 3023 800 3110 longus,
816 3036 848 3088 et
869 3025 971 3088 socios
992 3025 1117 3098 navales
1133 3051 1152 3092 a
1168 3027 1220 3094 M.

153 3113 254 3178 Junio
268 3125 412 3196 'praetore
431 3111 603 3197 superioris
631 3110 706 3176 anni
732 3110 875 3195 accipere
891 3109 1007 3196 jussus,
1028 3123 1060 3176 et
1084 3113 1220 3178 scribere

153 3201 222 3285 ipse
237 3199 323 3264 mille
336 3197 461 3262 navales
476 3199 590 3275 socios,
606 3198 671 3264 duo
685 3195 785 3261 millia
806 3196 967 3281 peditum:
990 3219 1062 3262 cum
1078 3199 1117 3262 iis
1132 3200 1220 3264 navi-

153 3286 215 3352 bus
237 3284 452 3371 militibusque
472 3284 506 3348 in
523 3285 631 3350 Asiam
654 3283 825 3368 proficisci,
841 3297 873 3346 et
892 3282 1021 3348 classem
1037 3307 1055 3348 a
1071 3283 1110 3348 C.
1126 3285 1220 3350 Livio

153 3371 310 3459 accipere.
354 3371 445 3462 Duas
461 3370 634 3456 Hispanias
652 3369 894 3518 Sardiniamque
908 3368 1123 3434 obtinentibus
1145 3395 1219 3458 pro·

153 3472 302 3547 rogatum
317 3458 351 3522 in
365 3479 486 3522 annum
501 3458 544 3521 im
569 3458 670 3520 erium
685 3469 742 3533 est,
758 3472 790 3520 et
810 3457 829 3518 ii
854 3476 903 3519 em
920 3457 1075 3521 exercitus
1089 3457 1219 3526 decreti.

155 3545 276 3612 Siciliae
293 3544 512 3629 Sardiniaeque
527 3479 632 3607 *bina
647 3565 685 3606 eo
700 3563 785 3605 anno
799 3541 942 3606 decumae
956 3541 1106 3608 frumenti
1122 3545 1221 3631 impe-

155 3645 252 3698 ratae:
278 3629 420 3698 Siculum
440 3653 535 3694 omne
548 3627 746 3715 1frumentum
768 3628 800 3692 in
818 3627 973 3692 AEtoliam
989 3631 1027 3693 ad
1044 3633 1219 3698 exercitum

154 3720 277 3804 portari
296 3720 436 3804 jussum:
459 3740 498 3780 ex
522 3715 670 3780 Sardinia
696 3737 768 3800 pars
789 3713 938 3795 Romam,
957 3738 1031 3800 pars
1053 3717 1106 3782 ⁵in
1124 3717 1220 3784 AEto·

154 3807 242 3885 liam,
258 3805 368 3870 ecdem
385 3825 449 3890 quo
466 3801 618 3868 Siculum.
1023 3821 1029 3833 ·

321 3923 333 3962 b
345 3942 374 3972 aa
384 3925 428 3971 dei.
441 3925 515 3970 Gron.
528 3925 595 3970 Crer.
607 3922 687 3984 paullo
698 3923 761 3969 inira
770 3923 849 3970 adem
862 3925 932 3972 lectio
943 3929 1057 3972 servatur.

189 4051 204 4090 8
221 4044 266 4090 Ea
280 4058 347 4104 agro,
362 4057 406 4104 quc
423 4043 498 4088 uictor
509 4073 516 4088 .
528 4072 534 4086 .
545 4041 673 4086 mulctare·
705 4039 758 4084 Vid.
770 4052 842 4099 supra
852 4039 866 4084 1.
879 4039 994 4086 XXXVI.
1007 4053 1074 4099 capp.
1086 4046 1125 4087 39.
1137 4044 1164 4086 εἴ
1179 4047 1218 4086 4ο.

155 4116 197 4158 rat
213 4110 298 4166 Boios,
319 4107 423 4154 demere
442 4107 539 4152 arbona
558 4099 673 4166 legiones]
706 4103 790 4164 Scripti
802 4104 891 4150 hubent
903 4103 1055 4150 deducendae:
1072 4106 1111 4150 sed
1123 4105 1220 4165 vulgata

156 4175 277 4222 Nimirum
292 4187 322 4220 eo
339 4174 432 4218 mittere
450 4171 552 4217 urbanas
571 4171 673 4226 legiones
706 4169 774 4215 lcctio
786 4169 861 4228 magis
873 4171 956 4231 placet.

157 4253 252 4290 necesse
266 4239 352 4294 inerat,
365 4237 421 4297 quia
437 4239 464 4283 P.
477 4237 600 4283 Cornelius
616 4250 672 4282 con·
738 4235 869 4280 etnam.
883 4232 1011 4294 .decumoe]
1027 4234 1081 4279 Vid.
1094 4238 1143 4280 not.
1154 4240 1176 4282 7.
1190 4235 1219 4282 sd

156 4307 194 4354 sul
207 4305 335 4350 exercitum
353 4303 382 4348 de
400 4302 672 4364 provincicdeduxerat,
704 4298 825 4346 XXXVI.
836 4305 858 4343 a.

135 4376 182 4416 'et
213 4375 268 4431 post
302 4367 446 4427 triumphum
475 4369 673 4414 exauctoraverat.
738 4363 940 4421 5InAEtolr'om,
954 4361 1030 4408 eodan
1044 4375 1088 4422 quo
1101 4361 1222 4427 Siculum]

770 4437 825 4488 TA
