3042 4954
373 201 413 264 9⁰
506 235 509 240 .
763 185 1039 251 T1T1L1vl1

211 381 347 429 unare
371 379 428 424 nes
452 355 559 443 copias
584 353 684 420 Dium
706 355 885 431 contraxit;
919 355 1027 444 ibique
1051 357 1169 422 stativis
1192 356 1312 442 positis,
1338 361 1434 424 exer}

211 449 241 492 Α·
255 447 346 496 ΟΜ·
371 445 473 510 sendo
487 441 627 530 quotidie
649 439 758 520 milite,
777 440 900 508 hostem
922 443 1155 529 opperiebatur.
1201 441 1245 508 Et
1259 443 1433 520 Quinctius

369 528 578 618 per.eosdem
602 526 699 592 fenne
722 527 799 606 dies,
816 528 856 593 ab
872 527 977 594 Elatia
997 529 1168 615 profectus,
1188 529 1433 617 praeter'Thro-

253 637 257 643 ’
369 620 456 682 nium
472 624 504 679 et
519 612 724 700 Scarphaesm
746 613 787 678 sd
801 613 1033 766 Thermopplas
1054 617 1207 701 pervenit.
1231 623 1235 632 '
1252 615 1339 701 {¹1ui
1352 639 1433 683 oon-

369 702 476 768 cilium
492 700 687 779 AEtolorum,
709 699 900 768 Heracleam
922 703 956 766 in
979 703 1089 780 ictum,
1112 705 1225 782 tenuit,
1248 703 1432 780 consultan-

369 790 449 854 tium
475 787 600 874 quautis
629 785 754 854 auxiliis
785 787 966 856 Romanum
995 787 1036 854 sd
1065 787 1183 855 bellum
1213 802 1431 877 sequerentur.

319 953 323 960 ,
370 875 514 962 Cognitis
535 873 691 939 sociorum
714 872 857 949 decretis,
873 874 967 940 tertio
987 874 1039 941 die
1059 875 1101 940 ab
1122 875 1283 942 Heraclea
1304 875 1432 964 Xynias

367 971 564 1050 progressus,
583 961 616 1023 in
641 958 781 1024 confinio
802 959 979 1026 AEnianum
1003 959 1295 1050 Thessalorumque
1319 965 1432 1049 positis

367 1049 487 1126 castris,
502 1045 642 1114 AEtolica
662 1045 780 1112 auxilia
800 1047 1036 1132 opperiebatur.
1081 1047 1171 1113 Nihil
1191 1049 1307 1115 morati
1322 1049 1431 1116 AEtoli

366 1150 452 1200 sunt.
496 1133 634 1199 Phaenea
658 1132 749 1210 duce,
765 1132 861 1198 ¹²duo
885 1133 984 1198 mihis
1007 1134 1150 1222 peditum
1173 1157 1245 1201 curn
1267 1136 1429 1223 equitibus

309 1251 324 1276 ·
366 1219 605 1310 quadringentis
618 1231 782 1284 venerunt.
827 1219 878 1285 Ne
891 1219 1024 1286 dubium
1046 1233 1136 1300 esset,
1163 1222 1227 1296 uid
1250 1235 1431 1309 exspectas·

366 1321 422 1386 set,
452 1306 614 1384 confestim
645 1305 815 1382 Quinctius
853 1307 953 1372 movit
989 1319 1101 1374 castra·
1178 1329 1358 1393 ransgresso
1392 1313 1430 1377 in

366 1393 586 1463 Phthioticum
611 1413 722 1476 agrum
748 1392 913 1480 quingenti
939 1393 1091 1480 Gortynii
1110 1391 1322 1476 Cretensium,
1344 1395 1432 1463 duce

368 1481 542 1570 Cydante‘l,
563 1491 595 1545 et
613 1479 780 1544 13trecenti
801 1478 1024 1565 Apolloniates,
1041 1480 1127 1546 haud
1148 1480 1267 1566 dispari
1288 1494 1426 1564 armatu,

364 1569 625 1654 se'conjunxeres
648 1587 707 1630 nec
727 1565 772 1630 ita
795 1565 905 1632 multo·
959 1579 988 1632 st
1005 1567 1212 1668 Amynander
1232 1589 1305 1633 cum
1322 1569 1428 1636 Atha·

362 1676 493 1723 manum
507 1652 651 1738 peditum
665 1651 808 1716 ducentis
822 1663 854 1716 et
876 1652 919 1715 mi
932 1651 970 1718 le.
1016 1651 1192 1738 Philippus,
1208 1654 1336 1742 cognita
1348 1677 1427 1740 pro·

238 1745 245 1764 ⁸
299 1799 307 1808 .
361 1742 497 1808 sectione
518 1739 559 1804 ah
585 1738 690 1803 Elatia
715 1737 945 1816 Romanorum,
966 1751 1002 1803 ut
1027 1739 1079 1803 cui
1104 1740 1145 1805 de
1161 1748 1427 1810 'summa-rerum

226 1841 229 1852 ’
361 1829 485 1892 adesset
512 1836 682 1903 certamen,
712 1822 926 1906 adhortandos
963 1824 1076 1891 milites
1104 1839 1201 1906 ratus,
1231 1826 1332 1893 multa
1355 1830 1425 1916 jam

359 1911 707 2065 retenturi
729 1910 1427 2083 ressurrecturum

372 2023 392 2064 8
702 2039 712 2073 9
1020 2021 1029 2034 ⁸
1063 2042 1073 2076 2
1367 2024 1388 2066 ll

359 2087 499 2150 maxime
511 2082 635 2150 animos
654 2082 824 2161 terrebant,
839 2083 1015 2174 quibusque
1030 2085 1109 2173 erigi
1123 2085 1165 2152 ad
1179 2021 1317 2176 aliqdam
1333 2109 1426 2174 spem

360 2183 519 2258 poterant,
534 2171 629 2236 venit.
799 2198 800 2202 ¹

403 2258 459 2324 IV.
482 2260 631 2344 Accepta
645 2256 686 2322 cd
700 2259 806 2323 Aoum
820 2257 938 2325 flumen
957 2259 991 2324 in
1006 2258 1157 2348 angustiis
1172 2259 1264 2339 cludi,
1281 2259 1427 2329 ¹⁴territa

360 2343 578 2412 Macedonum
600 2342 768 2431 phalange,
784 2345 825 2409 ad
841 2346 990 2412 Atracem
1010 2347 1041 2411 vi
1062 2347 1170 2431 pulsos
1186 2347 1348 2412 Romanos
1362 2351 1424 2414 ob-

358 2432 514 2518 ponebat:
537 2440 568 2496 et
581 2433 647 2496 illic
661 2441 772 2509 tamen,
788 2431 841 2496 ubi
855 2433 984 2498 iacemus
984 2434 1099 2518 fauces
1112 2435 1212 2518 Epiri
1225 2455 1285 2501 nort
1305 2438 1423 2502 tumis·

357 2529 433 2596 sent,
444 2519 582 2602 primam
594 2520 713 2601 csdpam
721 2517 829 2603 sitisse
850 2541 962 2600 eoram,
978 2521 1033 2604 qui
1052 2522 1248 2606 neglegenter
1267 2523 1425 2605 mstodias

356 2614 536 2670 servassent.
557 2606 727 2681 samnitum,
743 2605 779 2668 iu
797 2606 866 2687 ipso
878 2607 1053 2684 curamine,
1069 2607 1144 2672 leuis
1161 2615 1329 2672 armaturae
1341 2631 1423 2673 mer·

357 2691 604 2774 rosariorumque
617 2692 756 2756 rnilitum.
801 2690 1005 2756 Macedonum
1019 2713 1090 2758 uero
1101 2693 1289 2778 phalangem
1304 2703 1335 2758 et
1348 2705 1423 2760 tunc

356 2779 482 2856 stetisse,
504 2787 535 2842 et
555 2779 621 2841 loco
642 2797 728 2861 aequo
741 2775 891 2862 justaque
908 2798 1020 2864 pugno
1039 2799 1156 2862 semper
1175 2799 1347 2856 marearum
1369 2784 1421 2846 irr-

195 2883 323 2961 copiarum
356 2867 476 2931 victam.
520 2863 642 2928 Decem
658 2877 689 2929 et
703 2884 759 2928 sex
772 2861 872 2928 millis
887 2863 1022 2930 militurn
1036 2863 1108 2930 haec
1121 2863 1218 2942 lisere,
1233 2864 1333 2930 robur
1347 2889 1421 2932 om-

174 2955 314 3024 'utrimque
356 2974 397 3018 ne
412 2951 524 3016 virium
547 2961 578 3015 et
595 2949 695 3037 regni.
739 2951 790 3015 Ad
811 2949 871 3014 hoc
894 2949 960 3016 duo
984 2949 1083 3015 millis
1105 2963 1321 3036 sanatorum,
1337 2975 1420 3039 quos

195 3028 314 3064 sunaus
356 3038 502 3126 peltastas
527 3035 701 3121 adpellant,
727 3035 752 3074 ¹⁵
761 3030 988 3120 Thracumque
1016 3049 1048 3102 et
1073 3035 1258 3124 Illyriorum
1284 3037 1419 3124 (Trallis

355 3146 472 3191 nomen
493 3135 540 3188 est
559 3121 661 3209 genti)
675 3142 735 3206 par
754 3143 905 3186 numerus
931 3121 1006 3187 bina
1029 3122 1128 3188 millia
1153 3135 1253 3202 erant,
1269 3137 1301 3190 et
1321 3125 1418 3192 mixti

354 3208 550 3297 expluribus
568 3206 715 3296 gentibus
736 3207 880 3274 mercede
901 3208 1052 3274 conducti
1073 3208 1240 3278 auxiliares
1253 3209 1340 3275 mille
1353 3211 1420 3279 fer-

346 3320 418 3380 sne,
436 3309 472 3364 et
485 3295 511 3336 ¹⁶
518 3295 584 3360 duo
608 3292 708 3358 millia
733 3294 885 3382 equiturn.
931 3292 1015 3359 Cum
1034 3295 1072 3360 iis
1094 3295 1194 3380 copiis
1213 3316 1270 3362 sex
1289 3295 1416 3364 hostem

737 3447 750 3484 ⁶¹
763 3448 854 3512 cydare
864 3449 939 3498 Gron.
953 3445 1022 3498 cres.

389 3586 416 3628 11
437 3581 476 3628 ltt
492 3581 618 3628 roscidum
632 3579 768 3626 Erulorum
779 3611 787 3628 .
798 3611 805 3625 .
815 3613 823 3627 .
833 3586 867 3626 te·
900 3579 952 3627 MS.
964 3579 1049 3626 unicus
1058 3580 1129 3628 usust
1140 3586 1213 3642 terra,
1221 3583 1285 3644 quod
1296 3579 1366 3629 nobis
1375 3593 1417 3630 sc·

355 3643 422 3709 asir]
452 3647 544 3694 Tenuit
568 3645 706 3705 Quintium,
724 3657 819 3714 'mosam
845 3645 868 3692 ei
900 3659 926 3692 re
944 3657 972 3691 sc
990 3645 1089 3692 felicitat
1104 3646 1197 3694 ridetur
1216 3649 1247 3695 sis
1262 3650 1322 3696 Ant.
1339 3646 1414 3698 Qu·

355 3711 558 3773 aliquansttulit.
898 3723 972 3772 sango
991 3715 1110 3758 mutatum
1131 3712 1157 3759 in
1176 3714 1272 3762 territa.
1303 3713 1416 3776 Opponit

390 3783 419 3824 ta
435 3776 580 3824 Dsornr'ttia
587 3771 707 3837 peditans]
723 3775 867 3834 conjecturs
898 3775 1021 3836 Philippus
1032 3776 1189 3824 Macedonum
1206 3777 1318 3839 phalangi
1329 3781 1416 3839 repen.

355 3842 490 3903 Quarengi.
524 3841 604 3888 codes
625 3839 805 3902 Bambsrgeusis
825 3840 867 3887 hs-
898 3840 1051 3889 tinotsrross
1065 3842 1415 3904 degredientiumejugisllo-

354 3908 408 3956 buit
423 3908 481 3954 Dc.
495 3906 635 3954 Plutarchus
652 3911 724 3968 suget
734 3918 868 3964 numerum,
898 3917 1022 3954 manorum
1033 3907 1155 3968 wentae,
1166 3909 1287 3956 Romsnos
1297 3908 1328 3954 sd
1339 3907 1414 3956 atr»

355 3979 380 4021 et
390 3973 524 4020 AEtolorum
535 3972 641 4034 peditum
655 3986 695 4018 sex
706 3967 783 4018 millia
793 3970 866 4018 tuisse
898 3985 948 4018 cem
960 3984 1008 4018 non
1020 3971 1148 4034 improviso
1156 3973 1236 4034 aliquo
1247 3978 1345 4032 terrore,
1358 3975 1414 4022 nul·

355 4041 381 4088 iu
393 4037 488 4090 Quintii
500 4038 605 4086 exercitu
616 4036 705 4086 scribit.
897 4035 927 4084 lis
938 4035 1040 4096 insidiis,
1051 4038 1118 4084 nulls
1128 4045 1186 4094 asts,
1195 4039 1236 4086 sed
1247 4039 1272 4086 ri
1282 4039 1372 4100 pulsos.

389 4110 418 4151 18
435 4102 548 4152 itemst
555 4103 724 4164 Apollonieis,
738 4099 805 4148 lead
815 4099 864 4148 dis·
932 4108 961 4149 lt
982 4101 1144 4165 strumisque
1167 4110 1191 4151 et
1212 4103 1354 4168 Myrinam
1365 4135 1411 4152 ...

349 4171 410 4231 pari
428 4166 534 4230 mnata]
567 4168 660 4214 Leviter
677 4167 762 4215 armati
784 4167 865 4214 Mem
894 4181 942 4228 par
960 4181 1073 4215 sum
1094 4169 1151 4217 una
1170 4166 1262 4234 saillis]
1293 4169 1411 4230 rumen,

353 4237 401 4281 tere
419 4247 537 4282 armorum
558 4246 653 4291 seuera,
672 4247 720 4293 quo
742 4234 865 4280 Cretenses
898 4231 1020 4293 Illyriique
1029 4229 1113 4292 Tralli,
1123 4236 1174 4295 pari
1186 4235 1249 4284 intas
1264 4249 1289 4282 se
1300 4247 1412 4296 numero,

352 4300 393 4362 qui
404 4301 474 4348 modo
486 4298 596 4362 appellati
607 4304 672 4346 sunt.
898 4297 945 4358 duo
956 4309 1041 4359 nempe
1051 4298 1125 4347 millis
1135 4301 1248 4362 cujusque
1319 4301 1361 4349 ris·

387 4371 414 4412 14
434 4366 531 4414 Territa
551 4365 708 4413 Macedonum
727 4360 860 4425 phalange]
932 4366 961 4410 16
978 4363 1037 4412 Das
1053 4365 1133 4414 stillis
1152 4368 1259 4430 eqstssm
1286 4365 1327 4415 ste
1346 4367 1412 4416 dsdit
