3126 4978
455 215 548 276 tre.
569 215 713 300 xxxvi.
739 215 842 276 car.
863 215 933 281 vn.
1167 223 1221 276 ιιι

162 376 271 442 secula
285 379 412 463 publice
426 380 637 466 privatimque
659 378 785 446 labante
807 379 934 466 egregia
955 379 1115 465 quondam
1131 381 1263 446 disci-u.
1274 394 1301 440 c.
1314 396 1369 440 aar.

161 461 251 547 plina
263 468 380 552 gentis,
396 480 427 531 et
441 465 467 506 ²⁴
475 465 645 531 multorum
662 489 701 530 oo
713 478 808 542 statu,
824 467 880 553 qui
892 467 1062 530 diuturn‘us
1077 489 1143 532 esse
1157 459 1262 534 sine*
1273 460 1302 506 ⁰⁸
1316 465 1373 508 ¹9¹·

163 553 339 617 mutatione
354 575 459 617 rerum
475 571 540 618 non
555 561 670 638 posset.
716 552 853 617 Obviam
874 553 980 618 effusis
994 553 1133 640 undique
1149 553 1225 618 Boe-

162 637 238 700 etiae
252 639 460 724 principibus,
474 637 603 704 Thebas
618 639 713 703 venit.
736 639 780 704 ibi
796 639 827 702 in
841 639 975 704 concilio
986 637 1099 724 gentis,
1112 647 1223 725 quam-

164 743 259 806 quam
275 725 368 790 etad
384 725 526 803 Delium,
541 728 651 810 inpetu
672 725 705 789 in
729 725 913 810 praesidinm
931 726 1112 790 Romanum
1128 725 1222 803 facto3

159 813 195 871 e't
205 808 246 872 ad
263 809 445 876 Chalcidem
462 815 662 876 commiserat
683 833 743 875 nec
756 835 776 874 a
789 810 895 896 parvis
913 833 969 876 nec
983 811 1088 876 dubiis
1104 812 1222 896 princi-

161 893 223 976 piis
238 895 366 975 bellum,
382 911 489 962 tamen
510 897 651 964 eamdem
668 898 841 962 orationem
864 919 1005 974 exorsus,
1022 899 1130 982 quain
1146 920 1222 962 con*

159 977 270 1066 loquio
284 983 389 1068 primo
412 984 453 1048 ad
471 983 667 1060 Chalcidem,
684 1005 809 1070 quaque
823 1004 880 1067 per
901 983 1022 1070 legatos
1038 984 1071 1048 in
1085 980 1221 1049 coneilio

160 1065 354 1133 Aehaeornm
371 1091 446 1135 usus
461 1082 537 1149 erat,
553 1083 589 1136 ut
603 1070 773 1136 amicitiam
794 1091 898 1134 secum
921 1070 1052 1147 institui,
1074 1092 1139 1134 non
1154 1070 1221 1134 bel-

159 1151 227 1216 lum
254 1153 351 1220 indici
376 1157 529 1222 Romanis
555 1156 744 1242 postularem
768 1156 935 1233 neminem,
960 1155 1037 1242 quid
1062 1169 1220 1244 ageretur,

158 1235 296 1305 fallebat.
312 1243 472 1308 decretum
488 1255 593 1307 tamen
607 1242 633 1281 ²⁵
643 1244 702 1308 sub
716 1243 777 1308 levi
797 1243 964 1307 verborum
981 1255 1140 1327 praetextu
1159 1265 1220 1327 pro

158 1345 236 1408 rege
260 1327 409 1392 adversus
437 1329 598 1394 Romanos
626 1328 743 1394 factum
772 1343 828 1396 est.
874 1329 950 1392 Hac
974 1351 1100 1414 qnoque
1125 1343 1220 1416 gente
1251 1403 1253 1412 Ι

159 1409 320 1497 adjuncta,
349 1414 531 1479 Chalcidem
559 1437 727 1502 regressus,
753 1415 924 1499 praemissia
949 1415 1025 1480 inde
1048 1415 1155 1492 literis,
1184 1428 1220 1480 ut

156 1497 397 1566 Demetriadem
413 1501 618 1566 convenirent
632 1501 789 1585 principes
806 1500 999 1577 AEtolorum‚
1015 1523 1086 1565 cum
1102 1501 1348 1586 quibuaneubent

156 1583 200 1647 de
221 1607 343 1650 summa
365 1608 476 1651 rerum
493 1587 690 1662 deliberaret,
705 1586 835 1650 navibus
855 1609 893 1651 eo
907 1589 946 1651 ad
968 1587 1051 1651 diem
1067 1587 1216 1652 indictam
1225 1595 1279 1692 ΞΜ
1291 1582 1361 1630 '⁰⁶5¹'

155 1672 294 1736 concilio
308 1673 402 1738 venit.
448 1673 491 1738 Et
505 1672 714 1758 Amynander
728 1672 848 1738 adcitus
863 1673 903 1737 nd
919 1671 1163 1738 consultandum
1177 1697 1214 1740 ex
1226 1661 1358 1760 „effi”

157 1756 372 1822 Athamania:
395 1770 426 1823 et
442 1758 609 1824 Hannibal
636 1759 757 1823 Poenus
766 1757 782 1835 ¹,
793 1761 860 1846 jam
883 1759 938 1824 diu
959 1781 1023 1824 non
1046 1758 1215 1836 adhibitus,

155 1841 301 1908 interibit
322 1846 351 1909 ei
374 1845 519 1911 concilio.
565 1844 785 1910 Consultatum
811 1845 852 1910 de
872 1843 1098 1910 Thessalorum
1123 1857 1218 1933 gente

156 1941 215 2005 est,
232 1952 366 2014 quorum
388 1932 544 2010 omnibus,
567 1932 623 2018 qui
643 1931 783 2008 aderant,
799 1931 945 1997 voluntas
959 1929 1112 1998 tentanda
1131 1932 1217 1997 vide·

156 2014 261 2080 batur.
283 2018 317 2080 in
340 2040 377 2082 eo
400 2018 496 2083 modo
517 2018 650 2084 diversae
671 2017 833 2083 sententiae
855 2031 962 2094 erant3
985 2017 1071 2105 quod
1093 2018 1147 2083 alii
1163 2041 1217 2084 ea-

156 2102 277 2188 templo
286 2103 469 2192 agendum
492 2105 544 2169 alii
558 2127 600 2169 ex
616 2105 729 2182 hieme,
739 2125 811 2190 quae
822 2116 889 2169 tum
905 2104 1002 2170 ferme
1019 2103 1123 2170 media
1138 2117 1216 2182 erat,

155 2187 366 2255 differendum
383 2191 415 2255 in
430 2190 512 2254 veris
532 2191 746 2276 principium
769 2202 801 2255 et
814 2193 867 2255 alii
882 2192 1002 2279 legatos
1023 2203 1216 2256 tantummo-

154 2273 200 2338 do
214 2276 403 2353 mittendcs3
426 2278 479 2340 alii
494 2299 565 2342 cum
586 2276 733 2342 omnibus
754 2278 853 2362 copiis
872 2278 1012 2343 eundum
1034 2277 1215 2355 censebant,

153 2361 381 2448 terrendosque
397 2376 493 2440 metu,
509 2363 534 2428 si
550 2375 800 2428 cunctarenturs
1064 2407 1066 2419 a
1136 2397 1137 2402 κ
1168 2397 1171 2404 »

201 2448 280 2512 vlt.
304 2448 413 2525 Quum
442 2451 524 2514 circa
549 2449 632 2514 hano
655 2449 720 2514 fere
744 2446 1005 2515 consultationem
1032 2449 1217 2541 disceptatio

153 2533 258 2598 omnis
273 2548 457 2612 verteretur,
476 2535 650 2610 Hannibal,
667 2534 853 2600 nominatim
869 2536 1082 2624 interrogatus
1092 2551 1216 2602 senten·

154 2621 244 2697 tiam,
261 2622 293 2684 in
317 2623 456 2686 universi
477 2621 550 2685 belli
571 2622 796 2709 cogitationem
822 2643 929 2704 regem
956 2636 1050 2709 atque
1071 2645 1136 2705 eos,
1159 2623 1214 2709 qui

153 2705 299 2783 aderant,
315 2709 370 2772 tali
390 2708 532 2772 oratione
547 2709 676 2772 avertit:
698 2710 742 2785 Si,
759 2729 796 2771 ce
810 2729 869 2790 quo
892 2708 1063 2792 trajecimus
1076 2710 1107 2772 in
1124 2708 1213 2773 Grae-
1225 2705 1367 2754 Hanniball·

153 2794 252 2872 cium,'
261 2796 414 2858 adhibitae
424 2817 515 2858 essem
530 2796 733 2872 intercilium,
743 2815 836 2878 quum
846 2796 884 2856 de
894 2795 1021 2870 amaa,
1034 2797 1072 2858 de
1082 2771 1377 2885 Achoeis,‡¹1f⁸{ff¹g‡⁰'

153 2881 194 2942 de
207 2881 329 2944 Boeotin
344 2883 512 2966 ergodotum·
537 2883 686 2946 eamdem*
700 2880 878 2943 scatentium
892 2880 1043 2955 dixissem,
1056 2901 1146 2962 ortem
1160 2881 1265 2952 hoq-10,

151 2966 213 3046 die,
229 2973 317 3050 quum
333 2970 372 3030 de
390 2968 540 3032 Thessalis
553 2967 669 3054 agitur,
684 2966 793 3029 dicunt
838 2964 1028 3028 Auteomniu
1038 2966 1215 3049 Philippum

154 3061 187 3114 et
204 3053 392 3117 Macedonas
412 3055 444 3118 in
470 3055 641 3118 societatem
661 3053 730 3116 belli
752 3071 937 3134 quummque
951 3051 1068 3116 ratione
1081 3051 1215 3116 ²⁶censec

153 3139 343 3203 deducendos·
354 3161 425 3204 esse.
440 3161 509 3204 rrum
521 3141 653 3226 quodod
662 3140 809 3203 Euboeam
821 3138 1001 3222 Boeotosque
1012 3149 1041 3202 et
1058 3138 1217 3203 Thessalos

152 3223 282 3302 adtinet,
298 3227 348 3290 oui
362 3228 482 3290 dubium
502 3237 557 3304 est,
573 3227 654 3309 quin,
671 3237 705 3288 ut
733 3225 840 3308 quihus
861 3224 952 3288 nullae
972 3245 1036 3289 suae
1049 3227 1126 3290 cirea
1144 3227 1215 3302 siut,

151 3313 346 3393 presentibus
359 3313 514 3376 adulando
527 3333 652 3396 semper,
667 3333 754 3396 qttem
768 3320 877 3373 sudum
890 3311 922 3373 iu
941 3313 1062 3376 cornilio
1076 3313 1216 3388 habeam,
1288 3337 1293 3346 ¹

152 3399 256 3462 eodem
271 3399 314 3461 od
326 3399 549 3490 impetrandum
563 3399 677 3462 ventam
689 3401 837 3461 utuntur?
860 3395 887 3439 ²⁷
897 3397 986 3460 simul
996 3420 1033 3462 uc
1043 3401 1217 3464 &muscum

409 3509 573 3564 ¹1²oeauadel.
587 3518 743 3565 (immorer.
807 3511 885 3562 krtrm
897 3517 962 3564 Eed.
1032 3589 1034 3598 .

187 3619 218 3659 24
235 3612 370 3661 Multarum
381 3629 407 3660 ec
425 3621 501 3672 statu,
514 3613 568 3678 qai]
588 3615 668 3666 Quum
703 3619 765 3661 esset
776 3613 877 3660 obscuri.

152 3677 223 3724 malti
240 3693 281 3738 per
305 3679 431 3726 laxamur
453 3681 547 3728 deliciae
567 3680 669 3726 sononia
735 3683 767 3725 aa·
785 3679 871 3726 Cenaeo
887 3675 1041 3744 deducendas]
1053 3681 1164 3728 Libenter
1179 3681 1221 3728 de·

152 3743 351 3790 omnibasererai
369 3746 394 3791 in
412 3760 441 3793 eo
458 3749 523 3793 statu
541 3749 629 3802 carent,
644 3749 671 3790 at
703 3744 827 3790 laverimus
836 3744 933 3790 verbum
949 3761 1037 3792 censeo.
1064 3747 1141 3802 Magis
1155 3747 1219 3793 enim

151 3808 345 3856 incolometate
357 3811 402 3857 niti
414 3810 517 3858 turbatis
535 3811 604 3859 rebur
620 3823 669 3856 nou
702 3810 795 3856 videtur
808 3810 858 3855 fore
875 3811 904 3856 ad
922 3816 1018 3874 gustum
1034 3811 1106 3869 Livii,
1119 3813 1139 3857 al
1156 3812 1221 3872 lega·

149 3878 263 3934 portem:
282 3876 363 3934 quales
380 3876 490 3924 deacribit
507 3876 618 3924 Catilina
633 3887 671 3920 ro-
702 3873 756 3921 tar':
774 3875 839 3920 Eam
855 3875 998 3922 sententiam
1016 3877 1221 3938 divinamquam

150 3939 201 3984 cios
219 3939 353 3988 Sallustius.
385 3942 486 4003 Egregia
503 3942 552 3988 brec
567 3941 671 3987 illustrat
703 3940 770 3986 hodie
789 3941 939 3989 ...dicanti
961 3955 1045 4002 nempe
1064 3947 1121 3989 ante
1140 3943 1221 3987 omnia

149 4000 243 4064 Polybii
254 4003 320 4050 locus
331 4007 356 4052 in
369 4007 477 4068 Excerpt.
494 4008 522 4052 de
532 4004 668 4054 Virtutibus
701 4005 842 4064 Philippum
858 4012 881 4052 et
895 4005 940 4052 Ma
967 4007 1039 4052 dcam
1048 4007 1075 4052 ia
1085 4008 1221 4052 societatem

149 4067 269 4126 amuis,
279 4071 294 4115 1.
306 4070 366 4117 XX.
702 4071 910 4131 tetuqarcumque
921 4021 1015 4128 rabum
1032 4071 1221 4116 deducendam-

183 4139 214 4180 25
232 4134 283 4180 Sat
293 4135 340 4180 leci
350 4136 470 4183 veriorum
477 4131 609 4198 pretextu]
620 4137 668 4183 De·
701 4151 732 4183 re.
750 4135 863 4183 dedicent
875 4136 891 4180 ii
902 4137 990 4195 quibua
1001 4140 1066 4196 uota¹
1073 4141 1110 4181 est
1121 4135 1221 4182 tiriaca

149 4205 242 4246 cretum
259 4199 347 4245 aarum
367 4207 415 4259 eat,
427 4207 454 4249 ut
472 4208 604 4250 comeretur
621 4201 670 4248 bel-
702 4201 802 4264 phrasis.
1103 4237 1105 4242 .

149 4263 201 4310 lum
223 4265 333 4311 adrerum
354 4267 552 4324 nomentanos
574 4268 668 4328 quidem
726 4261 919 4326 1ίῚδίηιὶιΙαο]
942 4265 1068 4310 Mallemut
1086 4275 1139 4309 eum
1159 4263 1220 4308 Gro-

148 4329 297 4382 ncarinatot.
314 4333 355 4376 ted
370 4332 447 4378 verbis
464 4347 513 4379 rem
531 4334 566 4379 ita
587 4333 670 4379 leviter
702 4334 784 4388 novio,
802 4345 840 4389 ac,
851 4329 924 4396 simut
934 4331 1069 4375 Romanum
1084 4327 1219 4392 imparium.

148 4394 334 4455 pretexentibus
352 4411 378 4444 ac
395 4398 542 4460 tegentibus,
562 4401 590 4444 ut
610 4397 670 4445 nibil
702 4397 792 4452 Simul,
804 4394 1060 4455 praetermeantes!
1070 4401 1147 4454 atque.

192 4477 266 4522 VOL·
283 4479 337 4522 111.
756 4479 778 4520 tt
