<?xml version="1.0" encoding="UTF-8"?>
<!DOCTYPE html PUBLIC "-//W3C//DTD XHTML 1.0 Transitional//EN"
    "http://www.w3.org/TR/xhtml1/DTD/xhtml1-transitional.dtd">
<html xmlns="http://www.w3.org/1999/xhtml" xml:lang="en" lang="en">
 <head>
  <title>
</title>
<meta http-equiv="Content-Type" content="text/html;charset=utf-8" />
  <meta name='ocr-system' content='tesseract 3.04.00' />
  <meta name='ocr-capabilities' content='ocr_page ocr_carea ocr_par ocr_line ocrx_word'/>
</head>
<body>
  <div class='ocr_page' id='page_1' title='image "./tliviipatavinih04crevgoog_0466.png"; bbox 0 0 3082 4976; ppageno 0'>
   <div class='ocr_carea' id='block_1_1' title="bbox 451 168 1197 246">
    <p class='ocr_par' dir='ltr' id='par_1_1' title="bbox 451 168 1197 246">
     <span class='ocr_line' id='line_1_1' title="bbox 451 168 1197 246; baseline 0.003 -14"><span class='ocrx_word' id='word_1_1' title='bbox 451 172 504 232; x_wconf 84' lang='lat' dir='ltr'><strong>Lt</strong></span> <span class='ocrx_word' id='word_1_2' title='bbox 515 173 551 234; x_wconf 85' lang='lat' dir='ltr'><strong>B.</strong></span> <span class='ocrx_word' id='word_1_3' title='bbox 569 175 636 234; x_wconf 86' lang='lat' dir='ltr'><strong>XL.</strong></span> <span class='ocrx_word' id='word_1_4' title='bbox 661 168 765 236; x_wconf 76' lang='lat' dir='ltr'><strong>CAP.</strong></span> <span class='ocrx_word' id='word_1_5' title='bbox 785 173 872 234; x_wconf 86' lang='lat' dir='ltr'><strong>Vlll.</strong></span> <span class='ocrx_word' id='word_1_6' title='bbox 1136 179 1197 246; x_wconf 70' lang='lat'><strong>459</strong></span> 
     </span>
    </p>
   </div>
   <div class='ocr_carea' id='block_1_2' title="bbox 127 333 1365 2413">
    <p class='ocr_par' dir='ltr' id='par_1_2' title="bbox 127 333 1347 596">
     <span class='ocr_line' id='line_1_2' title="bbox 128 333 1347 488; baseline 0 -88"><span class='ocrx_word' id='word_1_7' title='bbox 128 333 402 420; x_wconf 82' lang='lat' dir='ltr'><strong>uterquelrabuit,</strong></span> <span class='ocrx_word' id='word_1_8' title='bbox 419 359 517 488; x_wconf 50' lang='lat' dir='ltr'><strong>paura</strong></span> <span class='ocrx_word' id='word_1_9' title='bbox 532 349 664 408; x_wconf 85' lang='lat' dir='ltr'><strong>vocatus</strong></span> <span class='ocrx_word' id='word_1_10' title='bbox 678 336 718 402; x_wconf 90' lang='lat' dir='ltr'><strong>ud</strong></span> <span class='ocrx_word' id='word_1_11' title='bbox 734 359 862 404; x_wconf 83' lang='lat' dir='ltr'><strong>coenum</strong></span> <span class='ocrx_word' id='word_1_12' title='bbox 878 337 921 404; x_wconf 88' lang='lat' dir='ltr'><strong>ab</strong></span> <span class='ocrx_word' id='word_1_13' title='bbox 934 336 1103 424; x_wconf 85' lang='lat' dir='ltr'><strong>Demetrio</strong></span> <span class='ocrx_word' id='word_1_14' title='bbox 1112 337 1197 404; x_wconf 72' lang='lat' dir='ltr'><strong>Per·</strong></span> <span class='ocrx_word' id='word_1_15' title='bbox 1205 353 1238 408; x_wconf 83' lang='lat' dir='ltr'><strong>u.</strong></span> <span class='ocrx_word' id='word_1_16' title='bbox 1250 351 1277 400; x_wconf 87' lang='lat' dir='ltr'><strong>c.</strong></span> <span class='ocrx_word' id='word_1_17' title='bbox 1289 357 1347 403; x_wconf 80' lang='lat' dir='ltr'><strong>uro.</strong></span> 
     </span>
     <span class='ocr_line' id='line_1_3' title="bbox 127 419 1347 514; baseline 0.003 -28"><span class='ocrx_word' id='word_1_18' title='bbox 127 443 199 486; x_wconf 84' lang='lat' dir='ltr'><strong>seue</strong></span> <span class='ocrx_word' id='word_1_19' title='bbox 221 433 375 510; x_wconf 78' lang='lat' dir='ltr'><strong>negasset.</strong></span> <span class='ocrx_word' id='word_1_20' title='bbox 449 436 516 491; x_wconf 85' lang='lat' dir='ltr'><strong>esto</strong></span> <span class='ocrx_word' id='word_1_21' title='bbox 540 424 595 489; x_wconf 92' lang='lat' dir='ltr'><strong>die</strong></span> <span class='ocrx_word' id='word_1_22' title='bbox 617 424 926 514; x_wconf 77' lang='lat' dir='ltr'><strong>inritatiobenigns</strong></span> <span class='ocrx_word' id='word_1_23' title='bbox 941 424 1135 493; x_wconf 81' lang='lat' dir='ltr'><strong>ethilaritas</strong></span> <span class='ocrx_word' id='word_1_24' title='bbox 1144 419 1347 511; x_wconf 48' lang='lat' dir='ltr'><strong>juli-⁰³⁸⁹·</strong></span> 
     </span>
     <span class='ocr_line' id='line_1_4' title="bbox 128 508 1199 596; baseline 0.006 -24"><span class='ocrx_word' id='word_1_25' title='bbox 128 508 269 574; x_wconf 79' lang='lat' dir='ltr'><strong>uenalise</strong></span> <span class='ocrx_word' id='word_1_26' title='bbox 283 521 434 596; x_wconf 84' lang='lat' dir='ltr'><strong>utrosque</strong></span> <span class='ocrx_word' id='word_1_27' title='bbox 448 511 481 574; x_wconf 90' lang='lat' dir='ltr'><strong>in</strong></span> <span class='ocrx_word' id='word_1_28' title='bbox 497 510 606 582; x_wconf 85' lang='lat' dir='ltr'><strong>vinum</strong></span> <span class='ocrx_word' id='word_1_29' title='bbox 628 512 738 577; x_wconf 79' lang='lat' dir='ltr'><strong>traxit.</strong></span> <span class='ocrx_word' id='word_1_30' title='bbox 783 511 1056 578; x_wconf 85' lang='lat' dir='ltr'><strong>Commemoratio</strong></span> <span class='ocrx_word' id='word_1_31' title='bbox 1070 511 1114 578; x_wconf 91' lang='lat' dir='ltr'><strong>ibi</strong></span> <span class='ocrx_word' id='word_1_32' title='bbox 1130 533 1199 578; x_wconf 85' lang='lat' dir='ltr'><strong>cer·</strong></span> 
     </span>
    </p>

    <p class='ocr_par' dir='ltr' id='par_1_3' title="bbox 128 593 1200 683">
     <span class='ocr_line' id='line_1_5' title="bbox 128 593 1200 683; baseline 0.002 -23"><span class='ocrx_word' id='word_1_33' title='bbox 128 594 259 664; x_wconf 73' lang='lat' dir='ltr'><strong>reminis</strong></span> <span class='ocrx_word' id='word_1_34' title='bbox 279 593 394 664; x_wconf 87' lang='lat' dir='ltr'><strong>ludicri</strong></span> <span class='ocrx_word' id='word_1_35' title='bbox 408 608 441 660; x_wconf 87' lang='lat' dir='ltr'><strong>ot</strong></span> <span class='ocrx_word' id='word_1_36' title='bbox 456 595 567 681; x_wconf 86' lang='lat' dir='ltr'><strong>jocosa</strong></span> <span class='ocrx_word' id='word_1_37' title='bbox 589 597 719 662; x_wconf 84' lang='lat' dir='ltr'><strong>dictain</strong></span> <span class='ocrx_word' id='word_1_38' title='bbox 735 597 942 676; x_wconf 82' lang='lat' dir='ltr'><strong>adversarios,</strong></span> <span class='ocrx_word' id='word_1_39' title='bbox 958 599 1003 662; x_wconf 89' lang='lat' dir='ltr'><strong>ita</strong></span> <span class='ocrx_word' id='word_1_40' title='bbox 1019 608 1055 662; x_wconf 90' lang='lat' dir='ltr'><strong>ut</strong></span> <span class='ocrx_word' id='word_1_41' title='bbox 1068 597 1200 683; x_wconf 84' lang='lat' dir='ltr'><strong>neipsis</strong></span> 
     </span>
    </p>

    <p class='ocr_par' dir='ltr' id='par_1_4' title="bbox 129 680 1199 770">
     <span class='ocr_line' id='line_1_6' title="bbox 129 680 1199 770; baseline 0 -24"><span class='ocrx_word' id='word_1_42' title='bbox 129 680 260 768; x_wconf 88' lang='lat' dir='ltr'><strong>quidem</strong></span> <span class='ocrx_word' id='word_1_43' title='bbox 283 681 419 749; x_wconf 88' lang='lat' dir='ltr'><strong>ducibus</strong></span> <span class='ocrx_word' id='word_1_44' title='bbox 441 683 663 762; x_wconf 85' lang='lat' dir='ltr'><strong>abstineretur,</strong></span> <span class='ocrx_word' id='word_1_45' title='bbox 672 682 897 770; x_wconf 88' lang='lat' dir='ltr'><strong>jactabantur..</strong></span> <span class='ocrx_word' id='word_1_46' title='bbox 932 684 988 750; x_wconf 90' lang='lat' dir='ltr'><strong>Ad</strong></span> <span class='ocrx_word' id='word_1_47' title='bbox 1006 681 1064 748; x_wconf 86' lang='lat' dir='ltr'><strong>has</strong></span> <span class='ocrx_word' id='word_1_48' title='bbox 1078 683 1199 769; x_wconf 83' lang='lat' dir='ltr'><strong>excipi-</strong></span> 
     </span>
    </p>

    <p class='ocr_par' dir='ltr' id='par_1_5' title="bbox 130 767 1365 1115">
     <span class='ocr_line' id='line_1_7' title="bbox 130 767 1350 858; baseline 0.007 -26"><span class='ocrx_word' id='word_1_49' title='bbox 130 767 230 832; x_wconf 86' lang='lat' dir='ltr'><strong>endas</strong></span> <span class='ocrx_word' id='word_1_50' title='bbox 244 789 348 832; x_wconf 66' lang='lat' dir='ltr'><strong>voces.</strong></span> <span class='ocrx_word' id='word_1_51' title='bbox 358 769 537 854; x_wconf 78' lang='lat' dir='ltr'><strong>speculator</strong></span> <span class='ocrx_word' id='word_1_52' title='bbox 551 792 593 834; x_wconf 87' lang='lat' dir='ltr'><strong>ex</strong></span> <span class='ocrx_word' id='word_1_53' title='bbox 606 770 748 839; x_wconf 87' lang='lat' dir='ltr'><strong>convivis</strong></span> <span class='ocrx_word' id='word_1_54' title='bbox 765 770 873 836; x_wconf 88' lang='lat' dir='ltr'><strong>Persei</strong></span> <span class='ocrx_word' id='word_1_55' title='bbox 895 771 1019 848; x_wconf 84' lang='lat' dir='ltr'><strong>missus,</strong></span> <span class='ocrx_word' id='word_1_56' title='bbox 1035 791 1135 858; x_wconf 89' lang='lat' dir='ltr'><strong>quum</strong></span> <span class='ocrx_word' id='word_1_57' title='bbox 1150 772 1199 834; x_wconf 91' lang='lat' dir='ltr'><strong>in·</strong></span> <span class='ocrx_word' id='word_1_58' title='bbox 1209 778 1350 856; x_wconf 69' lang='lat' dir='ltr'><strong>St&gt;0⁰¹3¹⁸2or</strong></span> 
     </span>
     <span class='ocr_line' id='line_1_8' title="bbox 132 843 1356 958; baseline 0.002 -40"><span class='ocrx_word' id='word_1_59' title='bbox 132 855 257 920; x_wconf 80' lang='lat' dir='ltr'><strong>cautior</strong></span> <span class='ocrx_word' id='word_1_60' title='bbox 282 855 514 933; x_wconf 82' lang='lat' dir='ltr'><strong>obversaretur,</strong></span> <span class='ocrx_word' id='word_1_61' title='bbox 541 871 692 942; x_wconf 72' lang='lat' dir='ltr'><strong>exceptus</strong></span> <span class='ocrx_word' id='word_1_62' title='bbox 717 879 737 921; x_wconf 86' lang='lat' dir='ltr'><strong>a</strong></span> <span class='ocrx_word' id='word_1_63' title='bbox 761 856 1036 942; x_wconf 83' lang='lat' dir='ltr'><strong>juvenibusforte</strong></span> <span class='ocrx_word' id='word_1_64' title='bbox 1061 856 1200 924; x_wconf 88' lang='lat' dir='ltr'><strong>triclinio</strong></span> <span class='ocrx_word' id='word_1_65' title='bbox 1208 843 1356 958; x_wconf 52' lang='lat' dir='ltr'><strong>gmtffl</strong></span> 
     </span>
     <span class='ocr_line' id='line_1_9' title="bbox 131 922 1365 1030; baseline 0.003 -26"><span class='ocrx_word' id='word_1_66' title='bbox 131 940 273 1028; x_wconf 83' lang='lat' dir='ltr'>egressis,</span> <span class='ocrx_word' id='word_1_67' title='bbox 303 941 387 1008; x_wconf 89' lang='lat' dir='ltr'><strong>male</strong></span> <span class='ocrx_word' id='word_1_68' title='bbox 415 945 584 1008; x_wconf 76' lang='lat' dir='ltr'><strong>mulcatur.</strong></span> <span class='ocrx_word' id='word_1_69' title='bbox 640 943 749 1029; x_wconf 88' lang='lat' dir='ltr'><strong>Hujus</strong></span> <span class='ocrx_word' id='word_1_70' title='bbox 778 944 825 1008; x_wconf 88' lang='lat' dir='ltr'><strong>rei</strong></span> <span class='ocrx_word' id='word_1_71' title='bbox 850 943 1200 1030; x_wconf 83' lang='lat' dir='ltr'><strong>ignamsDemetrius,</strong></span> <span class='ocrx_word' id='word_1_72' title='bbox 1233 922 1365 958; x_wconf 72' lang='lat' dir='ltr'><strong>euenum</strong></span> 
     </span>
     <span class='ocr_line' id='line_1_10' title="bbox 130 1029 1201 1115; baseline 0.002 -23"><span class='ocrx_word' id='word_1_73' title='bbox 130 1030 207 1111; x_wconf 81' lang='lat' dir='ltr'><strong>quin</strong></span> <span class='ocrx_word' id='word_1_74' title='bbox 221 1029 423 1110; x_wconf 77' lang='lat' dir='ltr'><strong>comissatum,</strong></span> <span class='ocrx_word' id='word_1_75' title='bbox 434 1029 547 1115; x_wconf 88' lang='lat' dir='ltr'><strong>inquit,</strong></span> <span class='ocrx_word' id='word_1_76' title='bbox 559 1031 604 1110; x_wconf 83' lang='lat' dir='ltr'><strong>cd</strong></span> <span class='ocrx_word' id='word_1_77' title='bbox 602 1029 744 1114; x_wconf 82' lang='lat' dir='ltr'><strong>fratrem</strong></span> <span class='ocrx_word' id='word_1_78' title='bbox 757 1031 865 1096; x_wconf 73' lang='lat' dir='ltr'><strong>imurt,</strong></span> <span class='ocrx_word' id='word_1_79' title='bbox 879 1040 910 1094; x_wconf 87' lang='lat' dir='ltr'><strong>et</strong></span> <span class='ocrx_word' id='word_1_80' title='bbox 919 1032 999 1096; x_wconf 90' lang='lat' dir='ltr'><strong>irum</strong></span> <span class='ocrx_word' id='word_1_81' title='bbox 1010 1029 1085 1114; x_wconf 60' lang='lat' dir='ltr'><strong>mres,</strong></span> <span class='ocrx_word' id='word_1_82' title='bbox 1098 1032 1128 1094; x_wconf 85' lang='lat' dir='ltr'><strong>si</strong></span> <span class='ocrx_word' id='word_1_83' title='bbox 1140 1051 1201 1115; x_wconf 76' lang='lat' dir='ltr'><strong>pcc</strong></span> 
     </span>
    </p>

    <p class='ocr_par' dir='ltr' id='par_1_6' title="bbox 128 1116 1200 1198">
     <span class='ocr_line' id='line_1_11' title="bbox 128 1116 1200 1198; baseline 0.003 -20"><span class='ocrx_word' id='word_1_84' title='bbox 128 1135 169 1178; x_wconf 79' lang='lat' dir='ltr'><strong>en</strong></span> <span class='ocrx_word' id='word_1_85' title='bbox 182 1116 349 1180; x_wconf 82' lang='lat' dir='ltr'><em>certamine</em></span> <span class='ocrx_word' id='word_1_86' title='bbox 362 1117 485 1192; x_wconf 77' lang='lat' dir='ltr'><strong>residet,</strong></span> <span class='ocrx_word' id='word_1_87' title='bbox 500 1117 700 1198; x_wconf 79' lang='lat' dir='ltr'><strong>simplicitate</strong></span> <span class='ocrx_word' id='word_1_88' title='bbox 713 1124 748 1184; x_wconf 86' lang='lat' dir='ltr'><strong>et¹</strong></span> <span class='ocrx_word' id='word_1_89' title='bbox 757 1117 920 1181; x_wconf 70' lang='lat' dir='ltr'><strong>hilaerritute</strong></span> <span class='ocrx_word' id='word_1_90' title='bbox 929 1127 1036 1181; x_wconf 83' lang='lat' dir='ltr'><strong>nostro</strong></span> <span class='ocrx_word' id='word_1_91' title='bbox 1050 1119 1200 1185; x_wconf 81' lang='lat' dir='ltr'><strong>lenimur?</strong></span> 
     </span>
    </p>

    <p class='ocr_par' dir='ltr' id='par_1_7' title="bbox 130 1199 1202 1288">
     <span class='ocr_line' id='line_1_12' title="bbox 130 1199 1202 1288; baseline 0.002 -24"><span class='ocrx_word' id='word_1_92' title='bbox 130 1199 255 1264; x_wconf 87' lang='lat' dir='ltr'><strong>Omnes</strong></span> <span class='ocrx_word' id='word_1_93' title='bbox 270 1223 304 1264; x_wconf 87' lang='lat' dir='ltr'><strong>se</strong></span> <span class='ocrx_word' id='word_1_94' title='bbox 319 1200 365 1265; x_wconf 89' lang='lat' dir='ltr'><strong>ire</strong></span> <span class='ocrx_word' id='word_1_95' title='bbox 379 1201 631 1280; x_wconf 89' lang='lat' dir='ltr'><strong>conclamarunt,</strong></span> <span class='ocrx_word' id='word_1_96' title='bbox 648 1214 764 1286; x_wconf 83' lang='lat' dir='ltr'><strong>proeter</strong></span> <span class='ocrx_word' id='word_1_97' title='bbox 784 1224 849 1282; x_wconf 86' lang='lat' dir='ltr'><strong>eos,</strong></span> <span class='ocrx_word' id='word_1_98' title='bbox 865 1203 919 1288; x_wconf 92' lang='lat' dir='ltr'><strong>qui</strong></span> <span class='ocrx_word' id='word_1_99' title='bbox 939 1202 1145 1288; x_wconf 85' lang='lat' dir='ltr'><strong>speculatoris</strong></span> <span class='ocrx_word' id='word_1_100' title='bbox 1159 1202 1202 1268; x_wconf 88' lang='lat' dir='ltr'><strong>ab</strong></span> 
     </span>
    </p>

    <p class='ocr_par' dir='ltr' id='par_1_8' title="bbox 129 1286 1210 1375">
     <span class='ocr_line' id='line_1_13' title="bbox 129 1286 1210 1375; baseline 0 -26"><span class='ocrx_word' id='word_1_101' title='bbox 129 1309 165 1350; x_wconf 90' lang='lat' dir='ltr'><strong>se</strong></span> <span class='ocrx_word' id='word_1_102' title='bbox 186 1286 303 1370; x_wconf 90' lang='lat' dir='ltr'><strong>pulsati</strong></span> <span class='ocrx_word' id='word_1_103' title='bbox 326 1298 515 1372; x_wconf 77' lang='lat' dir='ltr'><strong>praesentem</strong></span> <span class='ocrx_word' id='word_1_104' title='bbox 542 1287 695 1354; x_wconf 87' lang='lat' dir='ltr'><strong>ultionem</strong></span> <span class='ocrx_word' id='word_1_105' title='bbox 719 1289 1035 1375; x_wconf 70' lang='lat' dir='ltr'><strong>metuebantouum</strong></span> <span class='ocrx_word' id='word_1_106' title='bbox 1052 1311 1106 1354; x_wconf 85' lang='lat' dir='ltr'><strong>eus</strong></span> <span class='ocrx_word' id='word_1_107' title='bbox 1121 1311 1210 1375; x_wconf 79' lang='lat' dir='ltr'><strong>quc·.</strong></span> 
     </span>
    </p>

    <p class='ocr_par' dir='ltr' id='par_1_9' title="bbox 129 1373 1201 1461">
     <span class='ocr_line' id='line_1_14' title="bbox 129 1373 1201 1461; baseline 0.002 -23"><span class='ocrx_word' id='word_1_108' title='bbox 129 1395 193 1460; x_wconf 89' lang='lat' dir='ltr'><strong>que</strong></span> <span class='ocrx_word' id='word_1_109' title='bbox 207 1375 389 1441; x_wconf 90' lang='lat' dir='ltr'><strong>Demetrius</strong></span> <span class='ocrx_word' id='word_1_110' title='bbox 404 1374 555 1453; x_wconf 86' lang='lat' dir='ltr'><strong>traheret,</strong></span> <span class='ocrx_word' id='word_1_111' title='bbox 569 1373 688 1440; x_wconf 87' lang='lat' dir='ltr'><strong>ferrum</strong></span> <span class='ocrx_word' id='word_1_112' title='bbox 705 1388 789 1440; x_wconf 86' lang='lat' dir='ltr'><strong>veste</strong></span> <span class='ocrx_word' id='word_1_113' title='bbox 800 1375 1007 1452; x_wconf 86' lang='lat' dir='ltr'><strong>abdiderunt,</strong></span> <span class='ocrx_word' id='word_1_114' title='bbox 1024 1396 1089 1461; x_wconf 90' lang='lat' dir='ltr'><strong>quo</strong></span> <span class='ocrx_word' id='word_1_115' title='bbox 1104 1398 1137 1440; x_wconf 83' lang='lat' dir='ltr'><strong>se</strong></span> <span class='ocrx_word' id='word_1_116' title='bbox 1152 1388 1201 1440; x_wconf 88' lang='lat' dir='ltr'><strong>tu·</strong></span> 
     </span>
    </p>

    <p class='ocr_par' dir='ltr' id='par_1_10' title="bbox 127 1459 1212 1808">
     <span class='ocr_line' id='line_1_15' title="bbox 130 1459 1211 1546; baseline 0 -20"><span class='ocrx_word' id='word_1_117' title='bbox 130 1459 206 1538; x_wconf 88' lang='lat' dir='ltr'><strong>tari,</strong></span> <span class='ocrx_word' id='word_1_118' title='bbox 222 1461 247 1524; x_wconf 89' lang='lat' dir='ltr'><strong>si</strong></span> <span class='ocrx_word' id='word_1_119' title='bbox 262 1483 326 1546; x_wconf 91' lang='lat' dir='ltr'><strong>qna</strong></span> <span class='ocrx_word' id='word_1_120' title='bbox 341 1460 386 1524; x_wconf 91' lang='lat' dir='ltr'><strong>vis</strong></span> <span class='ocrx_word' id='word_1_121' title='bbox 400 1460 502 1538; x_wconf 86' lang='lat' dir='ltr'><strong>fieret,</strong></span> <span class='ocrx_word' id='word_1_122' title='bbox 518 1473 667 1545; x_wconf 72' lang='lat' dir='ltr'><strong>possent..</strong></span> <span class='ocrx_word' id='word_1_123' title='bbox 700 1459 791 1526; x_wconf 89' lang='lat' dir='ltr'><strong>Nihil</strong></span> <span class='ocrx_word' id='word_1_124' title='bbox 817 1460 934 1532; x_wconf 85' lang='lat' dir='ltr'><strong>occulti</strong></span> <span class='ocrx_word' id='word_1_125' title='bbox 960 1484 1027 1526; x_wconf 88' lang='lat' dir='ltr'><strong>esse</strong></span> <span class='ocrx_word' id='word_1_126' title='bbox 1048 1462 1082 1524; x_wconf 90' lang='lat' dir='ltr'><strong>in</strong></span> <span class='ocrx_word' id='word_1_127' title='bbox 1104 1461 1211 1544; x_wconf 72' lang='lat' dir='ltr'><strong>intes·¹</strong></span> 
     </span>
     <span class='ocr_line' id='line_1_16' title="bbox 130 1545 1212 1696; baseline -0.004 -84"><span class='ocrx_word' id='word_1_128' title='bbox 130 1545 375 1612; x_wconf 89' lang='lat' dir='ltr'><strong>tinudiseordia</strong></span> <span class='ocrx_word' id='word_1_129' title='bbox 389 1560 505 1631; x_wconf 86' lang='lat' dir='ltr'><strong>potest.</strong></span> <span class='ocrx_word' id='word_1_130' title='bbox 529 1562 664 1634; x_wconf 89' lang='lat' dir='ltr'><strong>utraque</strong></span> <span class='ocrx_word' id='word_1_131' title='bbox 677 1547 792 1613; x_wconf 90' lang='lat' dir='ltr'><strong>domus</strong></span> <span class='ocrx_word' id='word_1_132' title='bbox 813 1546 1049 1632; x_wconf 79' lang='lat' dir='ltr'><strong>speculatorum</strong></span> <span class='ocrx_word' id='word_1_133' title='bbox 1072 1557 1104 1612; x_wconf 87' lang='lat' dir='ltr'><strong>et</strong></span> <span class='ocrx_word' id='word_1_134' title='bbox 1116 1570 1212 1696; x_wconf 69' lang='lat' dir='ltr'><strong>prm.</strong></span> 
     </span>
     <span class='ocr_line' id='line_1_17' title="bbox 127 1633 1203 1720; baseline 0 -22"><span class='ocrx_word' id='word_1_135' title='bbox 127 1633 270 1698; x_wconf 88' lang='lat' dir='ltr'><strong>diturum</strong></span> <span class='ocrx_word' id='word_1_136' title='bbox 294 1634 393 1720; x_wconf 87' lang='lat' dir='ltr'><strong>plena</strong></span> <span class='ocrx_word' id='word_1_137' title='bbox 409 1646 487 1700; x_wconf 86' lang='lat' dir='ltr'><strong>erat.</strong></span> <span class='ocrx_word' id='word_1_138' title='bbox 531 1633 781 1699; x_wconf 84' lang='lat' dir='ltr'><strong>¹⁷Praecucurrit</strong></span> <span class='ocrx_word' id='word_1_139' title='bbox 803 1634 899 1703; x_wconf 81' lang='lat' dir='ltr'><strong>iudex</strong></span> <span class='ocrx_word' id='word_1_140' title='bbox 917 1633 958 1698; x_wconf 88' lang='lat' dir='ltr'><strong>ad</strong></span> <span class='ocrx_word' id='word_1_141' title='bbox 976 1634 1101 1711; x_wconf 85' lang='lat' dir='ltr'><strong>Persea,</strong></span> <span class='ocrx_word' id='word_1_142' title='bbox 1129 1656 1203 1700; x_wconf 90' lang='lat' dir='ltr'><strong>erro</strong></span> 
     </span>
     <span class='ocr_line' id='line_1_18' title="bbox 128 1719 1204 1808; baseline 0.002 -24"><span class='ocrx_word' id='word_1_143' title='bbox 128 1719 311 1784; x_wconf 88' lang='lat' dir='ltr'><strong>subcinctos</strong></span> <span class='ocrx_word' id='word_1_144' title='bbox 341 1721 496 1785; x_wconf 84' lang='lat' dir='ltr'><strong>nuncians</strong></span> <span class='ocrx_word' id='word_1_145' title='bbox 524 1742 598 1785; x_wconf 91' lang='lat' dir='ltr'><strong>cum</strong></span> <span class='ocrx_word' id='word_1_146' title='bbox 621 1721 791 1786; x_wconf 88' lang='lat' dir='ltr'><strong>Demetrio</strong></span> <span class='ocrx_word' id='word_1_147' title='bbox 819 1731 958 1808; x_wconf 87' lang='lat' dir='ltr'><strong>quatuor</strong></span> <span class='ocrx_word' id='word_1_148' title='bbox 986 1720 1204 1788; x_wconf 85' lang='lat' dir='ltr'><strong>adolescentes</strong></span> 
     </span>
    </p>

    <p class='ocr_par' dir='ltr' id='par_1_11' title="bbox 129 1805 1202 1890">
     <span class='ocr_line' id='line_1_19' title="bbox 129 1805 1202 1890; baseline 0 -20"><span class='ocrx_word' id='word_1_149' title='bbox 129 1806 249 1874; x_wconf 90' lang='lat' dir='ltr'><strong>venire.</strong></span> <span class='ocrx_word' id='word_1_150' title='bbox 272 1806 329 1872; x_wconf 88' lang='lat' dir='ltr'><strong>etsi</strong></span> <span class='ocrx_word' id='word_1_151' title='bbox 351 1828 462 1871; x_wconf 82' lang='lat' dir='ltr'><strong>caussa</strong></span> <span class='ocrx_word' id='word_1_152' title='bbox 484 1805 671 1890; x_wconf 76' lang='lat' dir='ltr'><strong>adparebat,</strong></span> <span class='ocrx_word' id='word_1_153' title='bbox 687 1810 774 1890; x_wconf 86' lang='lat' dir='ltr'><strong>(nam</strong></span> <span class='ocrx_word' id='word_1_154' title='bbox 791 1806 886 1872; x_wconf 88' lang='lat' dir='ltr'><strong>abiis</strong></span> <span class='ocrx_word' id='word_1_155' title='bbox 908 1806 1070 1890; x_wconf 85' lang='lat' dir='ltr'><strong>pulsatum</strong></span> <span class='ocrx_word' id='word_1_156' title='bbox 1093 1807 1202 1872; x_wconf 82' lang='lat' dir='ltr'><strong>couri·</strong></span> 
     </span>
    </p>

    <p class='ocr_par' dir='ltr' id='par_1_12' title="bbox 128 1892 1201 1980">
     <span class='ocr_line' id='line_1_20' title="bbox 128 1892 1201 1980; baseline 0.006 -26"><span class='ocrx_word' id='word_1_157' title='bbox 128 1915 204 1957; x_wconf 91' lang='lat' dir='ltr'><strong>vam</strong></span> <span class='ocrx_word' id='word_1_158' title='bbox 229 1915 321 1958; x_wconf 88' lang='lat' dir='ltr'><strong>suum</strong></span> <span class='ocrx_word' id='word_1_159' title='bbox 345 1893 502 1975; x_wconf 83' lang='lat' dir='ltr'><strong>audierat)</strong></span> <span class='ocrx_word' id='word_1_160' title='bbox 518 1906 635 1971; x_wconf 87' lang='lat' dir='ltr'><strong>tamen,</strong></span> <span class='ocrx_word' id='word_1_161' title='bbox 650 1892 850 1958; x_wconf 86' lang='lat' dir='ltr'><strong>infamandae.</strong></span> <span class='ocrx_word' id='word_1_162' title='bbox 866 1893 914 1956; x_wconf 89' lang='lat' dir='ltr'><strong>rei</strong></span> <span class='ocrx_word' id='word_1_163' title='bbox 936 1913 1057 1972; x_wconf 83' lang='lat' dir='ltr'><strong>caussa,</strong></span> <span class='ocrx_word' id='word_1_164' title='bbox 1068 1894 1201 1980; x_wconf 88' lang='lat' dir='ltr'><strong>januam</strong></span> 
     </span>
    </p>

    <p class='ocr_par' dir='ltr' id='par_1_13' title="bbox 129 1977 1203 2066">
     <span class='ocr_line' id='line_1_21' title="bbox 129 1977 1203 2066; baseline 0.002 -24"><span class='ocrx_word' id='word_1_165' title='bbox 129 1977 272 2044; x_wconf 86' lang='lat' dir='ltr'><strong>obserari</strong></span> <span class='ocrx_word' id='word_1_166' title='bbox 290 1980 399 2065; x_wconf 81' lang='lat' dir='ltr'><strong>jubet:</strong></span> <span class='ocrx_word' id='word_1_167' title='bbox 421 1993 453 2044; x_wconf 90' lang='lat' dir='ltr'><strong>et</strong></span> <span class='ocrx_word' id='word_1_168' title='bbox 475 2001 514 2044; x_wconf 86' lang='lat' dir='ltr'><strong>ex</strong></span> <span class='ocrx_word' id='word_1_169' title='bbox 536 1995 628 2063; x_wconf 90' lang='lat' dir='ltr'><strong>parte</strong></span> <span class='ocrx_word' id='word_1_170' title='bbox 650 1981 821 2064; x_wconf 82' lang='lat' dir='ltr'><strong>superiore</strong></span> <span class='ocrx_word' id='word_1_171' title='bbox 840 1979 969 2059; x_wconf 87' lang='lat' dir='ltr'><strong>aedium,</strong></span> <span class='ocrx_word' id='word_1_172' title='bbox 984 1981 1146 2066; x_wconf 81' lang='lat' dir='ltr'><strong>versisque</strong></span> <span class='ocrx_word' id='word_1_173' title='bbox 1166 1980 1203 2044; x_wconf 90' lang='lat' dir='ltr'><strong>in</strong></span> 
     </span>
    </p>

    <p class='ocr_par' dir='ltr' id='par_1_14' title="bbox 128 2064 1365 2413">
     <span class='ocr_line' id='line_1_22' title="bbox 129 2064 1365 2151; baseline 0.003 -23"><span class='ocrx_word' id='word_1_174' title='bbox 129 2066 216 2130; x_wconf 88' lang='lat' dir='ltr'><strong>viam</strong></span> <span class='ocrx_word' id='word_1_175' title='bbox 231 2064 386 2142; x_wconf 86' lang='lat' dir='ltr'><strong>fenestris,</strong></span> <span class='ocrx_word' id='word_1_176' title='bbox 402 2065 632 2144; x_wconf 88' lang='lat' dir='ltr'><strong>comissatores,</strong></span> <span class='ocrx_word' id='word_1_177' title='bbox 648 2078 811 2151; x_wconf 87' lang='lat' dir='ltr'><strong>tamquam</strong></span> <span class='ocrx_word' id='word_1_178' title='bbox 834 2068 875 2130; x_wconf 87' lang='lat' dir='ltr'><strong>ad</strong></span> <span class='ocrx_word' id='word_1_179' title='bbox 898 2066 1019 2132; x_wconf 85' lang='lat' dir='ltr'><strong>caedenr</strong></span> <span class='ocrx_word' id='word_1_180' title='bbox 1040 2088 1131 2134; x_wconf 90' lang='lat' dir='ltr'><strong>suam</strong></span> <span class='ocrx_word' id='word_1_181' title='bbox 1148 2082 1307 2130; x_wconf 67' lang='lat' dir='ltr'><strong>veremur</strong></span> <span class='ocrx_word' id='word_1_182' title='bbox 1318 2085 1365 2132; x_wconf 76' lang='lat' dir='ltr'><strong>tr·-</strong></span> 
     </span>
     <span class='ocr_line' id='line_1_23' title="bbox 129 2149 1346 2238; baseline 0.003 -18"><span class='ocrx_word' id='word_1_183' title='bbox 129 2152 274 2229; x_wconf 77' lang='lat' dir='ltr'><strong>nientes,</strong></span> <span class='ocrx_word' id='word_1_184' title='bbox 289 2153 377 2217; x_wconf 90' lang='lat' dir='ltr'><strong>aditu</strong></span> <span class='ocrx_word' id='word_1_185' title='bbox 397 2154 509 2238; x_wconf 82' lang='lat' dir='ltr'><strong>januae</strong></span> <span class='ocrx_word' id='word_1_186' title='bbox 531 2165 627 2218; x_wconf 87' lang='lat' dir='ltr'><strong>arcet.</strong></span> <span class='ocrx_word' id='word_1_187' title='bbox 671 2153 867 2230; x_wconf 86' lang='lat' dir='ltr'><strong>Demetrius,</strong></span> <span class='ocrx_word' id='word_1_188' title='bbox 890 2154 1088 2236; x_wconf 72' lang='lat' dir='ltr'><strong>pertinum,</strong></span> <span class='ocrx_word' id='word_1_189' title='bbox 1112 2151 1267 2238; x_wconf 70' lang='lat' dir='ltr'><strong>quodpem</strong></span> <span class='ocrx_word' id='word_1_190' title='bbox 1280 2149 1346 2196; x_wconf 56' lang='grc' dir='ltr'><strong>’Μ’</strong></span> 
     </span>
     <span class='ocr_line' id='line_1_24' title="bbox 129 2220 1364 2324; baseline 0.002 -20"><span class='ocrx_word' id='word_1_191' title='bbox 129 2239 366 2316; x_wconf 83' lang='lat' dir='ltr'><strong>excluderetur,</strong></span> <span class='ocrx_word' id='word_1_192' title='bbox 382 2239 555 2324; x_wconf 85' lang='lat' dir='ltr'><strong>paullisper</strong></span> <span class='ocrx_word' id='word_1_193' title='bbox 570 2236 769 2320; x_wconf 84' lang='lat' dir='ltr'><strong>vociferatus,</strong></span> <span class='ocrx_word' id='word_1_194' title='bbox 784 2239 817 2303; x_wconf 88' lang='lat' dir='ltr'><strong>in</strong></span> <span class='ocrx_word' id='word_1_195' title='bbox 840 2238 1020 2307; x_wconf 82' lang='lat' dir='ltr'><strong>convivium</strong></span> <span class='ocrx_word' id='word_1_196' title='bbox 1044 2240 1135 2320; x_wconf 86' lang='lat' dir='ltr'><strong>redit,</strong></span> <span class='ocrx_word' id='word_1_197' title='bbox 1151 2220 1364 2306; x_wconf 48' lang='lat' dir='ltr'><strong>to-Jmuauoee</strong></span> 
     </span>
     <span class='ocr_line' id='line_1_25' title="bbox 128 2326 411 2413; baseline 0 -23"><span class='ocrx_word' id='word_1_198' title='bbox 128 2329 194 2398; x_wconf 85' lang='lat' dir='ltr'><strong>tius</strong></span> <span class='ocrx_word' id='word_1_199' title='bbox 209 2327 255 2391; x_wconf 89' lang='lat' dir='ltr'><strong>rei</strong></span> <span class='ocrx_word' id='word_1_200' title='bbox 270 2326 411 2413; x_wconf 85' lang='lat' dir='ltr'><strong>ignarus.</strong></span> 
     </span>
    </p>
   </div>
   <div class='ocr_carea' id='block_1_3' title="bbox 175 2411 1201 2501">
    <p class='ocr_par' dir='ltr' id='par_1_15' title="bbox 175 2411 1201 2501">
     <span class='ocr_line' id='line_1_26' title="bbox 175 2411 1201 2501; baseline 0.002 -23"><span class='ocrx_word' id='word_1_201' title='bbox 175 2413 273 2480; x_wconf 91' lang='lat' dir='ltr'><strong>VIII.</strong></span> <span class='ocrx_word' id='word_1_202' title='bbox 298 2413 432 2479; x_wconf 88' lang='lat' dir='ltr'><strong>Postero</strong></span> <span class='ocrx_word' id='word_1_203' title='bbox 457 2413 510 2486; x_wconf 89' lang='lat' dir='ltr'><strong>die</strong></span> <span class='ocrx_word' id='word_1_204' title='bbox 531 2411 675 2492; x_wconf 87' lang='lat' dir='ltr'><strong>Perseus,</strong></span> <span class='ocrx_word' id='word_1_205' title='bbox 691 2415 805 2501; x_wconf 79' lang='lat' dir='ltr'><strong>quam‘</strong></span> <span class='ocrx_word' id='word_1_206' title='bbox 823 2413 962 2499; x_wconf 88' lang='lat' dir='ltr'><strong>primum</strong></span> <span class='ocrx_word' id='word_1_207' title='bbox 992 2413 1201 2484; x_wconf 86' lang='lat' dir='ltr'><strong>conveniendi</strong></span> 
     </span>
    </p>
   </div>
   <div class='ocr_carea' id='block_1_4' title="bbox 129 2499 1200 2650">
    <p class='ocr_par' dir='ltr' id='par_1_16' title="bbox 129 2499 1200 2650">
     <span class='ocr_line' id='line_1_27' title="bbox 129 2499 1200 2650; baseline 0.002 -87"><span class='ocrx_word' id='word_1_208' title='bbox 129 2510 269 2584; x_wconf 82' lang='lat' dir='ltr'><strong>potestas</strong></span> <span class='ocrx_word' id='word_1_209' title='bbox 296 2500 402 2585; x_wconf 83' lang='lat' dir='ltr'><strong>patris-</strong></span> <span class='ocrx_word' id='word_1_210' title='bbox 415 2499 486 2577; x_wconf 77' lang='lat' dir='ltr'><strong>fuit,</strong></span> <span class='ocrx_word' id='word_1_211' title='bbox 504 2500 625 2588; x_wconf 81' lang='lat' dir='ltr'><strong>regiam</strong></span> <span class='ocrx_word' id='word_1_212' title='bbox 650 2503 821 2650; x_wconf 72' lang='lat' dir='ltr'><strong>inpressas,</strong></span> <span class='ocrx_word' id='word_1_213' title='bbox 847 2500 1036 2586; x_wconf 85' lang='lat' dir='ltr'><strong>perturbato</strong></span> <span class='ocrx_word' id='word_1_214' title='bbox 1054 2499 1145 2566; x_wconf 81' lang='lat' dir='ltr'><strong>vultu</strong></span> <span class='ocrx_word' id='word_1_215' title='bbox 1166 2500 1200 2565; x_wconf 92' lang='lat' dir='ltr'><strong>iu</strong></span> 
     </span>
    </p>
   </div>
   <div class='ocr_carea' id='block_1_5' title="bbox 127 2587 1351 3104">
    <p class='ocr_par' dir='ltr' id='par_1_17' title="bbox 127 2587 1351 3018">
     <span class='ocr_line' id='line_1_28' title="bbox 129 2587 1351 2672; baseline 0.001 -22"><span class='ocrx_word' id='word_1_216' title='bbox 129 2597 304 2671; x_wconf 86' lang='lat' dir='ltr'><strong>conspectu</strong></span> <span class='ocrx_word' id='word_1_217' title='bbox 323 2588 424 2671; x_wconf 88' lang='lat' dir='ltr'><strong>patris</strong></span> <span class='ocrx_word' id='word_1_218' title='bbox 446 2588 559 2652; x_wconf 86' lang='lat' dir='ltr'><strong>tacitus</strong></span> <span class='ocrx_word' id='word_1_219' title='bbox 580 2609 681 2671; x_wconf 89' lang='lat' dir='ltr'><strong>procu</strong></span> <span class='ocrx_word' id='word_1_220' title='bbox 715 2587 867 2654; x_wconf 87' lang='lat' dir='ltr'><strong>constitit.</strong></span> <span class='ocrx_word' id='word_1_221' title='bbox 890 2587 916 2628; x_wconf 83' lang='lat'><strong>¹⁸</strong></span> <span class='ocrx_word' id='word_1_222' title='bbox 924 2589 987 2668; x_wconf 93' lang='lat' dir='ltr'><strong>cui,</strong></span> <span class='ocrx_word' id='word_1_223' title='bbox 1002 2609 1075 2653; x_wconf 88' lang='lat' dir='ltr'><strong>cum</strong></span> <span class='ocrx_word' id='word_1_224' title='bbox 1097 2597 1270 2672; x_wconf 65' lang='lat' dir='ltr'><strong>patenum</strong></span> <span class='ocrx_word' id='word_1_225' title='bbox 1282 2609 1351 2644; x_wconf 68' lang='lat' dir='ltr'><strong>acea</strong></span> 
     </span>
     <span class='ocr_line' id='line_1_29' title="bbox 127 2664 1321 2773; baseline -0.001 -34"><span class='ocrx_word' id='word_1_226' title='bbox 127 2673 234 2740; x_wconf 82' lang='lat' dir='ltr'><strong>Sutin&#39;</strong></span> <span class='ocrx_word' id='word_1_227' title='bbox 256 2675 373 2738; x_wconf 76' lang='lat' dir='ltr'><strong>salae?</strong></span> <span class='ocrx_word' id='word_1_228' title='bbox 403 2686 444 2750; x_wconf 83' lang='lat' dir='ltr'><strong>et,</strong></span> <span class='ocrx_word' id='word_1_229' title='bbox 468 2695 607 2758; x_wconf 72' lang='lat' dir='ltr'><strong>quaenam</strong></span> <span class='ocrx_word' id='word_1_230' title='bbox 629 2695 666 2738; x_wconf 85' lang='lat' dir='ltr'><strong>eu</strong></span> <span class='ocrx_word' id='word_1_231' title='bbox 694 2677 841 2740; x_wconf 78' lang='lat' dir='ltr'><strong>mestitia</strong></span> <span class='ocrx_word' id='word_1_232' title='bbox 862 2681 959 2740; x_wconf 79' lang='lat' dir='ltr'><strong>esset?</strong></span> <span class='ocrx_word' id='word_1_233' title='bbox 989 2664 1321 2773; x_wconf 58' lang='lat' dir='ltr'><strong>interrogarer⁸⁸2⁸t⁰⁶</strong></span> 
     </span>
     <span class='ocr_line' id='line_1_30' title="bbox 128 2742 1308 2846; baseline 0.002 -22"><span class='ocrx_word' id='word_1_234' title='bbox 128 2781 216 2838; x_wconf 90' lang='lat' dir='ltr'><strong>eum,</strong></span> <span class='ocrx_word' id='word_1_235' title='bbox 233 2757 317 2826; x_wconf 80' lang='lat' dir='ltr'><strong>¹⁹De</strong></span> <span class='ocrx_word' id='word_1_236' title='bbox 329 2762 497 2836; x_wconf 68' lang='lat' dir='ltr'><strong>lucrantur,</strong></span> <span class='ocrx_word' id='word_1_237' title='bbox 513 2758 628 2845; x_wconf 90' lang='lat' dir='ltr'><strong>inquit,</strong></span> <span class='ocrx_word' id='word_1_238' title='bbox 643 2762 745 2827; x_wconf 85' lang='lat' dir='ltr'><strong>uiuere</strong></span> <span class='ocrx_word' id='word_1_239' title='bbox 758 2781 804 2825; x_wconf 89' lang='lat' dir='ltr'><strong>me</strong></span> <span class='ocrx_word' id='word_1_240' title='bbox 817 2762 907 2826; x_wconf 78' lang='lat' dir='ltr'><strong>scito:</strong></span> <span class='ocrx_word' id='word_1_241' title='bbox 914 2761 986 2846; x_wconf 85' lang='lat' dir='ltr'><strong>jum</strong></span> <span class='ocrx_word' id='word_1_242' title='bbox 1001 2783 1062 2826; x_wconf 83' lang='lat' dir='ltr'><strong>uon</strong></span> <span class='ocrx_word' id='word_1_243' title='bbox 1077 2743 1240 2826; x_wconf 64' lang='lat' dir='ltr'><strong>mcuttis⁹⁸</strong></span> <span class='ocrx_word' id='word_1_244' title='bbox 1252 2742 1308 2774; x_wconf 56' lang='grc' dir='ltr'><strong>’ω’</strong></span> 
     </span>
     <span class='ocr_line' id='line_1_31' title="bbox 129 2846 1205 2930; baseline -0.001 -21"><span class='ocrx_word' id='word_1_245' title='bbox 129 2848 270 2930; x_wconf 83' lang='lat' dir='ltr'><strong>afrotre</strong></span> <span class='ocrx_word' id='word_1_246' title='bbox 277 2848 416 2930; x_wconf 85' lang='lat' dir='ltr'><strong>petimur</strong></span> <span class='ocrx_word' id='word_1_247' title='bbox 430 2849 563 2912; x_wconf 84' lang='lat' dir='ltr'><strong>insidiis.</strong></span> <span class='ocrx_word' id='word_1_248' title='bbox 608 2846 709 2911; x_wconf 86' lang='lat' dir='ltr'><strong>Nocte</strong></span> <span class='ocrx_word' id='word_1_249' title='bbox 726 2869 792 2910; x_wconf 87' lang='lat' dir='ltr'><strong>eum</strong></span> <span class='ocrx_word' id='word_1_250' title='bbox 811 2849 943 2913; x_wconf 84' lang='lat' dir='ltr'><strong>armatis</strong></span> <span class='ocrx_word' id='word_1_251' title='bbox 957 2851 1074 2912; x_wconf 86' lang='lat' dir='ltr'><strong>demum</strong></span> <span class='ocrx_word' id='word_1_252' title='bbox 1094 2849 1140 2910; x_wconf 86' lang='lat' dir='ltr'><strong>od</strong></span> <span class='ocrx_word' id='word_1_253' title='bbox 1153 2850 1205 2912; x_wconf 68' lang='lat' dir='ltr'><strong>in-⁴</strong></span> 
     </span>
     <span class='ocr_line' id='line_1_32' title="bbox 129 2933 1203 3018; baseline 0.002 -22"><span class='ocrx_word' id='word_1_254' title='bbox 129 2935 339 3016; x_wconf 78' lang='lat' dir='ltr'><strong>terfieieodum</strong></span> <span class='ocrx_word' id='word_1_255' title='bbox 359 2955 405 2998; x_wconf 85' lang='lat' dir='ltr'><strong>me</strong></span> <span class='ocrx_word' id='word_1_256' title='bbox 424 2934 525 2997; x_wconf 80' lang='lat' dir='ltr'><strong>veuit:</strong></span> <span class='ocrx_word' id='word_1_257' title='bbox 547 2934 718 3018; x_wconf 82' lang='lat' dir='ltr'><strong>clausisque</strong></span> <span class='ocrx_word' id='word_1_258' title='bbox 727 2933 864 3018; x_wconf 67' lang='lat' dir='ltr'><strong>ficibus,</strong></span> <span class='ocrx_word' id='word_1_259' title='bbox 873 2936 1032 3015; x_wconf 83' lang='lat' dir='ltr'><strong>parietum</strong></span> <span class='ocrx_word' id='word_1_260' title='bbox 1049 2934 1203 3015; x_wconf 74' lang='lat' dir='ltr'><strong>presidio</strong></span> 
     </span>
    </p>

    <p class='ocr_par' dir='ltr' id='par_1_18' title="bbox 129 3018 1202 3104">
     <span class='ocr_line' id='line_1_33' title="bbox 129 3018 1202 3104; baseline 0.002 -22"><span class='ocrx_word' id='word_1_261' title='bbox 129 3041 178 3082; x_wconf 92' lang='lat' dir='ltr'><strong>me</strong></span> <span class='ocrx_word' id='word_1_262' title='bbox 192 3041 214 3082; x_wconf 90' lang='lat' dir='ltr'><strong>o</strong></span> <span class='ocrx_word' id='word_1_263' title='bbox 221 3019 341 3104; x_wconf 72' lang='lat' dir='ltr'><strong>fierore</strong></span> <span class='ocrx_word' id='word_1_264' title='bbox 361 3019 425 3104; x_wconf 58' lang='lat' dir='ltr'><strong>pus</strong></span> <span class='ocrx_word' id='word_1_265' title='bbox 446 3041 509 3084; x_wconf 83' lang='lat' dir='ltr'><strong>sum</strong></span> <span class='ocrx_word' id='word_1_266' title='bbox 523 3029 650 3090; x_wconf 82' lang='lat' dir='ltr'><strong>tutatus.</strong></span> <span class='ocrx_word' id='word_1_267' title='bbox 697 3019 807 3094; x_wconf 87' lang='lat' dir='ltr'><strong>Quum</strong></span> <span class='ocrx_word' id='word_1_268' title='bbox 822 3041 973 3104; x_wconf 89' lang='lat' dir='ltr'><strong>pavorem</strong></span> <span class='ocrx_word' id='word_1_269' title='bbox 990 3018 1128 3083; x_wconf 86' lang='lat' dir='ltr'><strong>mixtum</strong></span> <span class='ocrx_word' id='word_1_270' title='bbox 1144 3018 1202 3084; x_wconf 88' lang='lat' dir='ltr'><strong>ad·</strong></span> 
     </span>
    </p>
   </div>
   <div class='ocr_carea' id='block_1_6' title="bbox 2 3099 1314 3207">
    <p class='ocr_par' dir='ltr' id='par_1_19' title="bbox 2 3099 1314 3207">
     <span class='ocr_line' id='line_1_34' title="bbox 2 3099 1314 3207; baseline 0 -37"><span class='ocrx_word' id='word_1_271' title='bbox 2 3099 9 3207; x_wconf 60' lang='lat'><em>{</em></span> <span class='ocrx_word' id='word_1_272' title='bbox 109 3105 303 3194; x_wconf 38' lang='lat' dir='ltr'><strong>‘miratione</strong></span> <span class='ocrx_word' id='word_1_273' title='bbox 317 3107 400 3190; x_wconf 87' lang='lat' dir='ltr'><strong>patri</strong></span> <span class='ocrx_word' id='word_1_274' title='bbox 422 3105 589 3191; x_wconf 86' lang='lat' dir='ltr'><strong>injecisset,</strong></span> <span class='ocrx_word' id='word_1_275' title='bbox 607 3107 714 3191; x_wconf 84' lang='lat' dir='ltr'><strong>Atqui,</strong></span> <span class='ocrx_word' id='word_1_276' title='bbox 730 3109 759 3170; x_wconf 89' lang='lat' dir='ltr'><strong>si</strong></span> <span class='ocrx_word' id='word_1_277' title='bbox 772 3127 862 3170; x_wconf 83' lang='lat' dir='ltr'><strong>cures</strong></span> <span class='ocrx_word' id='word_1_278' title='bbox 877 3106 1021 3188; x_wconf 67' lang='lat' dir='ltr'><strong>praebere</strong></span> <span class='ocrx_word' id='word_1_279' title='bbox 1036 3115 1137 3188; x_wconf 83' lang='lat' dir='ltr'><strong>potes,</strong></span> <span class='ocrx_word' id='word_1_280' title='bbox 1153 3107 1207 3170; x_wconf 87' lang='lat' dir='ltr'><strong>in·.</strong></span> <span class='ocrx_word' id='word_1_281' title='bbox 1310 3185 1314 3194; x_wconf 86' lang='lat'><strong>.</strong></span> 
     </span>
    </p>
   </div>
   <div class='ocr_carea' id='block_1_7' title="bbox 129 3190 1305 3450">
    <p class='ocr_par' dir='ltr' id='par_1_20' title="bbox 129 3190 1305 3450">
     <span class='ocr_line' id='line_1_35' title="bbox 155 3190 1203 3278; baseline -0.001 -22"><span class='ocrx_word' id='word_1_282' title='bbox 155 3195 211 3268; x_wconf 92' lang='lat' dir='ltr'><strong>uit,</strong></span> <span class='ocrx_word' id='word_1_283' title='bbox 223 3192 751 3278; x_wconf 55' lang='lat' dir='ltr'><strong>munfistumremteuecsfflaciam.</strong></span> <span class='ocrx_word' id='word_1_284' title='bbox 794 3193 963 3256; x_wconf 84' lang='lat' dir='ltr'><strong>Enimuero</strong></span> <span class='ocrx_word' id='word_1_285' title='bbox 973 3214 1014 3268; x_wconf 89' lang='lat' dir='ltr'><strong>se,</strong></span> <span class='ocrx_word' id='word_1_286' title='bbox 1033 3190 1203 3276; x_wconf 88' lang='lat' dir='ltr'><strong>Philippus</strong></span> 
     </span>
     <span class='ocr_line' id='line_1_36' title="bbox 130 3215 1200 3366; baseline 0 -24"><span class='ocrx_word' id='word_1_287' title='bbox 130 3215 250 3354; x_wconf 64' lang='lat' dir='ltr'><strong>dicere,</strong></span> <span class='ocrx_word' id='word_1_288' title='bbox 274 3282 461 3358; x_wconf 87' lang='lat' dir='ltr'><strong>auditurum,</strong></span> <span class='ocrx_word' id='word_1_289' title='bbox 483 3279 653 3366; x_wconf 88' lang='lat' dir='ltr'><strong>vocarique</strong></span> <span class='ocrx_word' id='word_1_290' title='bbox 679 3278 839 3363; x_wconf 83' lang='lat' dir='ltr'><strong>extemplo</strong></span> <span class='ocrx_word' id='word_1_291' title='bbox 865 3278 1068 3343; x_wconf 89' lang='lat' dir='ltr'><strong>Demetrium</strong></span> <span class='ocrx_word' id='word_1_292' title='bbox 1087 3277 1200 3363; x_wconf 81' lang='lat' dir='ltr'><strong>jussit:</strong></span> 
     </span>
     <span class='ocr_line' id='line_1_37' title="bbox 129 3362 1305 3450; baseline -0.001 -20"><span class='ocrx_word' id='word_1_293' title='bbox 129 3377 164 3430; x_wconf 90' lang='lat' dir='ltr'><strong>et</strong></span> <span class='ocrx_word' id='word_1_294' title='bbox 178 3365 316 3430; x_wconf 87' lang='lat' dir='ltr'><strong>seniores</strong></span> <span class='ocrx_word' id='word_1_295' title='bbox 331 3366 412 3430; x_wconf 91' lang='lat' dir='ltr'><strong>duos</strong></span> <span class='ocrx_word' id='word_1_296' title='bbox 426 3365 554 3442; x_wconf 88' lang='lat' dir='ltr'><strong>amicos,</strong></span> <span class='ocrx_word' id='word_1_297' title='bbox 570 3376 719 3450; x_wconf 89' lang='lat' dir='ltr'><strong>expertes</strong></span> <span class='ocrx_word' id='word_1_298' title='bbox 739 3364 823 3430; x_wconf 88' lang='lat' dir='ltr'><strong>iuter</strong></span> <span class='ocrx_word' id='word_1_299' title='bbox 845 3362 955 3433; x_wconf 84' lang='lat' dir='ltr'><strong>fratres</strong></span> <span class='ocrx_word' id='word_1_300' title='bbox 977 3364 1200 3443; x_wconf 89' lang='lat' dir='ltr'><strong>certaminum,</strong></span> <span class='ocrx_word' id='word_1_301' title='bbox 1302 3389 1305 3400; x_wconf 93' lang='lat'>·</span> 
     </span>
    </p>
   </div>
   <div class='ocr_carea' id='block_1_8' title="bbox 360 3493 974 3565">
    <p class='ocr_par' dir='ltr' id='par_1_21' title="bbox 360 3493 974 3565">
     <span class='ocr_line' id='line_1_38' title="bbox 360 3493 974 3565; baseline -0.018 -14"><span class='ocrx_word' id='word_1_302' title='bbox 360 3507 373 3535; x_wconf 66' lang='grc' dir='ltr'><strong>θ</strong></span> <span class='ocrx_word' id='word_1_303' title='bbox 377 3503 496 3564; x_wconf 72' lang='lat' dir='ltr'><strong>juveritis</strong></span> <span class='ocrx_word' id='word_1_304' title='bbox 504 3505 578 3551; x_wconf 83' lang='lat' dir='ltr'><strong>Gron-</strong></span> <span class='ocrx_word' id='word_1_305' title='bbox 591 3502 657 3550; x_wconf 85' lang='lat' dir='ltr'><strong>Crer.</strong></span> <span class='ocrx_word' id='word_1_306' title='bbox 806 3493 819 3532; x_wconf 73' lang='lat' dir='ltr'>f</span> <span class='ocrx_word' id='word_1_307' title='bbox 828 3517 900 3565; x_wconf 71' lang='lat' dir='ltr'><strong>qaum</strong></span> <span class='ocrx_word' id='word_1_308' title='bbox 908 3502 974 3550; x_wconf 67' lang='lat' dir='ltr'><strong>Eoed,</strong></span> 
     </span>
    </p>
   </div>
   <div class='ocr_carea' id='block_1_9' title="bbox 127 3614 1205 4339">
    <p class='ocr_par' dir='ltr' id='par_1_22' title="bbox 128 3614 1205 3876">
     <span class='ocr_line' id='line_1_39' title="bbox 168 3614 1199 3680; baseline -0.006 -11"><span class='ocrx_word' id='word_1_309' title='bbox 168 3626 198 3670; x_wconf 81' lang='grc'><strong>17</strong></span> <span class='ocrx_word' id='word_1_310' title='bbox 214 3622 382 3668; x_wconf 74' lang='lat' dir='ltr'><strong>Praeeueurrit</strong></span> <span class='ocrx_word' id='word_1_311' title='bbox 401 3622 473 3668; x_wconf 74' lang='lat' dir='ltr'><strong>iudea</strong></span> <span class='ocrx_word' id='word_1_312' title='bbox 484 3653 491 3668; x_wconf 91' lang='lat'><strong>.</strong></span> <span class='ocrx_word' id='word_1_313' title='bbox 503 3655 510 3668; x_wconf 91' lang='lat'><strong>.</strong></span> <span class='ocrx_word' id='word_1_314' title='bbox 521 3617 651 3680; x_wconf 67' lang='lat' dir='ltr'><strong>naamam]</strong></span> <span class='ocrx_word' id='word_1_315' title='bbox 720 3625 748 3670; x_wconf 86' lang='lat'><strong>19</strong></span> <span class='ocrx_word' id='word_1_316' title='bbox 765 3619 806 3666; x_wconf 87' lang='lat' dir='ltr'><strong>De</strong></span> <span class='ocrx_word' id='word_1_317' title='bbox 814 3619 881 3666; x_wconf 81' lang='lat' dir='ltr'><strong>luere</strong></span> <span class='ocrx_word' id='word_1_318' title='bbox 891 3619 955 3665; x_wconf 72' lang='lat' dir='ltr'><strong>rtet.</strong></span> <span class='ocrx_word' id='word_1_319' title='bbox 968 3649 975 3664; x_wconf 93' lang='lat'><strong>.</strong></span> <span class='ocrx_word' id='word_1_320' title='bbox 987 3619 1064 3664; x_wconf 77' lang='lat' dir='ltr'><strong>uiuere</strong></span> <span class='ocrx_word' id='word_1_321' title='bbox 1079 3631 1117 3664; x_wconf 84' lang='lat' dir='ltr'><strong>me</strong></span> <span class='ocrx_word' id='word_1_322' title='bbox 1126 3614 1199 3678; x_wconf 80' lang='lat' dir='ltr'><strong>acite]</strong></span> 
     </span>
     <span class='ocr_line' id='line_1_40' title="bbox 131 3681 1204 3746; baseline -0.002 -14"><span class='ocrx_word' id='word_1_323' title='bbox 131 3687 277 3734; x_wconf 82' lang='lat' dir='ltr'><strong>Postremum</strong></span> <span class='ocrx_word' id='word_1_324' title='bbox 308 3701 389 3734; x_wconf 84' lang='lat' dir='ltr'><strong>vocem</strong></span> <span class='ocrx_word' id='word_1_325' title='bbox 417 3687 555 3746; x_wconf 80' lang='lat' dir='ltr'><strong>adJ&#39;ecerunt</strong></span> <span class='ocrx_word' id='word_1_326' title='bbox 576 3685 651 3740; x_wconf 72' lang='lat' dir='ltr'><strong>ignari</strong></span> <span class='ocrx_word' id='word_1_327' title='bbox 682 3685 784 3746; x_wconf 75' lang='lat' dir='ltr'><strong>Egregia</strong></span> <span class='ocrx_word' id='word_1_328' title='bbox 806 3683 898 3745; x_wconf 78' lang='lat' dir='ltr'><strong>Sigonii</strong></span> <span class='ocrx_word' id='word_1_329' title='bbox 918 3684 1062 3738; x_wconf 86' lang='lat' dir='ltr'><strong>emendatio,</strong></span> <span class='ocrx_word' id='word_1_330' title='bbox 1081 3697 1155 3743; x_wconf 88' lang='lat' dir='ltr'><strong>quum</strong></span> <span class='ocrx_word' id='word_1_331' title='bbox 1176 3681 1204 3730; x_wconf 89' lang='lat' dir='ltr'><strong>iu</strong></span> 
     </span>
     <span class='ocr_line' id='line_1_41' title="bbox 129 3747 1205 3810; baseline -0.005 -13"><span class='ocrx_word' id='word_1_332' title='bbox 129 3751 204 3797; x_wconf 80' lang='lat' dir='ltr'><strong>moria</strong></span> <span class='ocrx_word' id='word_1_333' title='bbox 227 3753 295 3800; x_wconf 83' lang='lat' dir='ltr'><strong>Livii.</strong></span> <span class='ocrx_word' id='word_1_334' title='bbox 329 3752 389 3798; x_wconf 82' lang='lat' dir='ltr'><strong>Eam</strong></span> <span class='ocrx_word' id='word_1_335' title='bbox 413 3753 525 3799; x_wconf 83' lang='lat' dir='ltr'><strong>delemus.</strong></span> <span class='ocrx_word' id='word_1_336' title='bbox 559 3750 652 3798; x_wconf 86' lang='lat' dir='ltr'><strong>Sufficit</strong></span> <span class='ocrx_word' id='word_1_337' title='bbox 683 3750 751 3796; x_wconf 81' lang='lat' dir='ltr'><strong>libris</strong></span> <span class='ocrx_word' id='word_1_338' title='bbox 770 3751 888 3810; x_wconf 77' lang='lat' dir='ltr'><strong>legeretur</strong></span> <span class='ocrx_word' id='word_1_339' title='bbox 903 3749 932 3794; x_wconf 89' lang='lat' dir='ltr'><strong>de</strong></span> <span class='ocrx_word' id='word_1_340' title='bbox 946 3747 1205 3809; x_wconf 82' lang='lat' dir='ltr'><strong>ludicro,prorauain·</strong></span> 
     </span>
     <span class='ocr_line' id='line_1_42' title="bbox 128 3814 1204 3876; baseline -0.001 -15"><span class='ocrx_word' id='word_1_341' title='bbox 128 3817 387 3866; x_wconf 74' lang='lat' dir='ltr'><strong>euimnomeniadex.</strong></span> <span class='ocrx_word' id='word_1_342' title='bbox 683 3819 745 3876; x_wconf 83' lang='lat' dir='ltr'><strong>epte.</strong></span> <span class='ocrx_word' id='word_1_343' title='bbox 776 3815 894 3862; x_wconf 76' lang='lat' dir='ltr'><strong>Detumo</strong></span> <span class='ocrx_word' id='word_1_344' title='bbox 909 3814 1204 3874; x_wconf 82' lang='lat' dir='ltr'><strong>uiuereestipaumritam</strong></span> 
     </span>
    </p>

    <p class='ocr_par' dir='ltr' id='par_1_23' title="bbox 127 3877 1205 4339">
     <span class='ocr_line' id='line_1_43' title="bbox 165 3877 1204 3946; baseline -0.003 -18"><span class='ocrx_word' id='word_1_345' title='bbox 165 3889 194 3928; x_wconf 83' lang='lat'><strong>18</strong></span> <span class='ocrx_word' id='word_1_346' title='bbox 213 3885 259 3931; x_wconf 77' lang='lat' dir='ltr'><strong>Cui</strong></span> <span class='ocrx_word' id='word_1_347' title='bbox 275 3899 348 3946; x_wconf 84' lang='lat' dir='ltr'><strong>quum</strong></span> <span class='ocrx_word' id='word_1_348' title='bbox 364 3885 444 3944; x_wconf 87' lang='lat' dir='ltr'><strong>pater,</strong></span> <span class='ocrx_word' id='word_1_349' title='bbox 457 3881 539 3928; x_wconf 76' lang='lat' dir='ltr'><strong>Satiu’</strong></span> <span class='ocrx_word' id='word_1_350' title='bbox 555 3877 650 3926; x_wconf 73' lang='lat' dir='ltr'><strong>salvat</strong></span> <span class='ocrx_word' id='word_1_351' title='bbox 681 3881 707 3926; x_wconf 89' lang='lat' dir='ltr'><strong>in</strong></span> <span class='ocrx_word' id='word_1_352' title='bbox 722 3881 788 3926; x_wconf 87' lang='lat' dir='ltr'><strong>lucro</strong></span> <span class='ocrx_word' id='word_1_353' title='bbox 809 3894 911 3946; x_wconf 75' lang='lat' dir='ltr'><strong>ponere3</strong></span> <span class='ocrx_word' id='word_1_354' title='bbox 930 3880 965 3926; x_wconf 83' lang='lat' dir='ltr'><strong>ric</strong></span> <span class='ocrx_word' id='word_1_355' title='bbox 981 3879 1068 3936; x_wconf 86' lang='lat' dir='ltr'><strong>virere,</strong></span> <span class='ocrx_word' id='word_1_356' title='bbox 1080 3885 1108 3925; x_wconf 88' lang='lat' dir='ltr'><strong>ut</strong></span> <span class='ocrx_word' id='word_1_357' title='bbox 1124 3879 1204 3925; x_wconf 84' lang='lat' dir='ltr'><strong>omnia</strong></span> 
     </span>
     <span class='ocr_line' id='line_1_44' title="bbox 128 3943 1205 4009; baseline -0.006 -14"><span class='ocrx_word' id='word_1_358' title='bbox 128 3955 155 3995; x_wconf 87' lang='lat' dir='ltr'><strong>et</strong></span> <span class='ocrx_word' id='word_1_359' title='bbox 173 3983 179 3996; x_wconf 93' lang='lat'><strong>.</strong></span> <span class='ocrx_word' id='word_1_360' title='bbox 197 3982 205 3996; x_wconf 90' lang='lat'><strong>.</strong></span> <span class='ocrx_word' id='word_1_361' title='bbox 222 3983 229 3997; x_wconf 92' lang='lat'><strong>.</strong></span> <span class='ocrx_word' id='word_1_362' title='bbox 247 3951 409 4009; x_wconf 79' lang='lat' dir='ltr'><strong>interrogaret</strong></span> <span class='ocrx_word' id='word_1_363' title='bbox 426 3947 490 4009; x_wconf 86' lang='lat' dir='ltr'><strong>eum]</strong></span> <span class='ocrx_word' id='word_1_364' title='bbox 520 3945 572 3992; x_wconf 89' lang='lat' dir='ltr'><strong>Vox</strong></span> <span class='ocrx_word' id='word_1_365' title='bbox 596 3960 649 3991; x_wconf 87' lang='lat' dir='ltr'><strong>eum</strong></span> <span class='ocrx_word' id='word_1_366' title='bbox 681 3945 741 4002; x_wconf 85' lang='lat' dir='ltr'><strong>dies,</strong></span> <span class='ocrx_word' id='word_1_367' title='bbox 753 3945 830 3991; x_wconf 83' lang='lat' dir='ltr'><strong>omnir</strong></span> <span class='ocrx_word' id='word_1_368' title='bbox 842 3945 909 4000; x_wconf 86' lang='lat' dir='ltr'><strong>hora,</strong></span> <span class='ocrx_word' id='word_1_369' title='bbox 916 3950 1013 4005; x_wconf 88' lang='lat' dir='ltr'><strong>propter</strong></span> <span class='ocrx_word' id='word_1_370' title='bbox 1024 3943 1151 3990; x_wconf 84' lang='lat' dir='ltr'><strong>imminens</strong></span> <span class='ocrx_word' id='word_1_371' title='bbox 1162 3958 1205 4003; x_wconf 89' lang='lat' dir='ltr'><strong>pe-</strong></span> 
     </span>
     <span class='ocr_line' id='line_1_45' title="bbox 127 4007 1204 4070; baseline -0.009 -6"><span class='ocrx_word' id='word_1_372' title='bbox 127 4016 196 4064; x_wconf 83' lang='lat' dir='ltr'><strong>abest</strong></span> <span class='ocrx_word' id='word_1_373' title='bbox 208 4015 238 4062; x_wconf 80' lang='lat' dir='ltr'><strong>ab</strong></span> <span class='ocrx_word' id='word_1_374' title='bbox 249 4028 298 4061; x_wconf 91' lang='lat' dir='ltr'><strong>uno</strong></span> <span class='ocrx_word' id='word_1_375' title='bbox 309 4015 362 4062; x_wconf 87' lang='lat' dir='ltr'><strong>MS.</strong></span> <span class='ocrx_word' id='word_1_376' title='bbox 396 4013 465 4060; x_wconf 83' lang='lat' dir='ltr'><strong>Illam</strong></span> <span class='ocrx_word' id='word_1_377' title='bbox 481 4011 648 4058; x_wconf 88' lang='lat' dir='ltr'><strong>deletGruuo·</strong></span> <span class='ocrx_word' id='word_1_378' title='bbox 680 4011 792 4067; x_wconf 78' lang='lat' dir='ltr'><strong>ticulum,</strong></span> <span class='ocrx_word' id='word_1_379' title='bbox 810 4011 876 4058; x_wconf 91' lang='lat' dir='ltr'><strong>lucro</strong></span> <span class='ocrx_word' id='word_1_380' title='bbox 892 4011 1027 4070; x_wconf 86' lang='lat' dir='ltr'><strong>deputetur.</strong></span> <span class='ocrx_word' id='word_1_381' title='bbox 1060 4007 1204 4062; x_wconf 85' lang='lat' dir='ltr'><strong>Sicciceru,</strong></span> 
     </span>
     <span class='ocr_line' id='line_1_46' title="bbox 127 4073 1205 4140; baseline -0.011 -12"><span class='ocrx_word' id='word_1_382' title='bbox 127 4083 192 4140; x_wconf 83' lang='lat' dir='ltr'><strong>vius,</strong></span> <span class='ocrx_word' id='word_1_383' title='bbox 203 4086 229 4126; x_wconf 89' lang='lat' dir='ltr'><strong>et</strong></span> <span class='ocrx_word' id='word_1_384' title='bbox 239 4093 375 4140; x_wconf 79' lang='lat' dir='ltr'><strong>praenomen</strong></span> <span class='ocrx_word' id='word_1_385' title='bbox 387 4081 437 4137; x_wconf 85' lang='lat' dir='ltr'><strong>eui,</strong></span> <span class='ocrx_word' id='word_1_386' title='bbox 450 4085 477 4124; x_wconf 92' lang='lat' dir='ltr'><strong>ut</strong></span> <span class='ocrx_word' id='word_1_387' title='bbox 490 4077 539 4122; x_wconf 84' lang='lat' dir='ltr'><strong>lroec</strong></span> <span class='ocrx_word' id='word_1_388' title='bbox 551 4075 649 4121; x_wconf 88' lang='lat' dir='ltr'><strong>nitidior</strong></span> <span class='ocrx_word' id='word_1_389' title='bbox 680 4077 709 4122; x_wconf 81' lang='lat' dir='ltr'><strong>ad</strong></span> <span class='ocrx_word' id='word_1_390' title='bbox 721 4077 787 4128; x_wconf 71' lang='lat' dir='ltr'><strong>Eam.</strong></span> <span class='ocrx_word' id='word_1_391' title='bbox 800 4075 814 4120; x_wconf 90' lang='lat' dir='ltr'><strong>l.</strong></span> <span class='ocrx_word' id='word_1_392' title='bbox 828 4074 872 4122; x_wconf 83' lang='lat' dir='ltr'><strong>tx.</strong></span> <span class='ocrx_word' id='word_1_393' title='bbox 885 4090 922 4136; x_wconf 85' lang='lat' dir='ltr'><strong>ep.</strong></span> <span class='ocrx_word' id='word_1_394' title='bbox 936 4079 976 4124; x_wconf 82' lang='lat'><strong>17.</strong></span> <span class='ocrx_word' id='word_1_395' title='bbox 996 4073 1113 4119; x_wconf 74' lang='lat' dir='ltr'><strong>Detumo</strong></span> <span class='ocrx_word' id='word_1_396' title='bbox 1131 4086 1205 4132; x_wconf 86' lang='lat' dir='ltr'><strong>prope</strong></span> 
     </span>
     <span class='ocr_line' id='line_1_47' title="bbox 128 4138 1204 4203; baseline -0.011 -9"><span class='ocrx_word' id='word_1_397' title='bbox 128 4161 187 4194; x_wconf 81' lang='lat' dir='ltr'><strong>saue</strong></span> <span class='ocrx_word' id='word_1_398' title='bbox 199 4145 271 4192; x_wconf 89' lang='lat' dir='ltr'><strong>lectio</strong></span> <span class='ocrx_word' id='word_1_399' title='bbox 283 4146 369 4191; x_wconf 83' lang='lat' dir='ltr'><strong>existat</strong></span> <span class='ocrx_word' id='word_1_400' title='bbox 381 4178 388 4193; x_wconf 91' lang='lat'><strong>.</strong></span> <span class='ocrx_word' id='word_1_401' title='bbox 400 4179 407 4194; x_wconf 91' lang='lat'><strong><em>.</em></strong></span> <span class='ocrx_word' id='word_1_402' title='bbox 418 4175 425 4188; x_wconf 87' lang='lat'><strong>.</strong></span> <span class='ocrx_word' id='word_1_403' title='bbox 437 4175 444 4189; x_wconf 88' lang='lat'><strong>.</strong></span> <span class='ocrx_word' id='word_1_404' title='bbox 458 4143 548 4190; x_wconf 79' lang='lat' dir='ltr'><strong>tacitus</strong></span> <span class='ocrx_word' id='word_1_405' title='bbox 565 4140 651 4201; x_wconf 82' lang='lat' dir='ltr'><strong>procui</strong></span> <span class='ocrx_word' id='word_1_406' title='bbox 674 4140 731 4200; x_wconf 83' lang='lat' dir='ltr'><strong>jam</strong></span> <span class='ocrx_word' id='word_1_407' title='bbox 742 4140 927 4203; x_wconf 83' lang='lat' dir='ltr'><strong>quadriennium</strong></span> <span class='ocrx_word' id='word_1_408' title='bbox 944 4139 1089 4190; x_wconf 70' lang='lat' dir='ltr'><strong>uiuimumi</strong></span> <span class='ocrx_word' id='word_1_409' title='bbox 1101 4144 1144 4182; x_wconf 86' lang='lat' dir='ltr'><strong>aut</strong></span> <span class='ocrx_word' id='word_1_410' title='bbox 1161 4138 1204 4183; x_wconf 80' lang='lat' dir='ltr'><strong>irae</strong></span> 
     </span>
     <span class='ocr_line' id='line_1_48' title="bbox 129 4203 1204 4270; baseline -0.012 -10"><span class='ocrx_word' id='word_1_411' title='bbox 129 4213 248 4260; x_wconf 81' lang='lat' dir='ltr'><strong>constitit.</strong></span> <span class='ocrx_word' id='word_1_412' title='bbox 283 4210 363 4265; x_wconf 64' lang='lat' dir='ltr'><strong>Qum</strong></span> <span class='ocrx_word' id='word_1_413' title='bbox 374 4205 545 4270; x_wconf 59' lang='lat' dir='ltr'><strong>putem-Satis?</strong></span> <span class='ocrx_word' id='word_1_414' title='bbox 555 4203 651 4252; x_wconf 75' lang='lat' dir='ltr'><strong>satae?</strong></span> <span class='ocrx_word' id='word_1_415' title='bbox 683 4209 777 4254; x_wconf 77' lang='lat' dir='ltr'><strong>tucrum</strong></span> <span class='ocrx_word' id='word_1_416' title='bbox 788 4212 834 4262; x_wconf 83' lang='lat' dir='ltr'><strong>est,</strong></span> <span class='ocrx_word' id='word_1_417' title='bbox 852 4211 896 4252; x_wconf 84' lang='lat' dir='ltr'><strong>out</strong></span> <span class='ocrx_word' id='word_1_418' title='bbox 907 4203 956 4250; x_wconf 76' lang='lat' dir='ltr'><strong>tec</strong></span> <span class='ocrx_word' id='word_1_419' title='bbox 972 4205 1034 4261; x_wconf 85' lang='lat' dir='ltr'><strong>uita,</strong></span> <span class='ocrx_word' id='word_1_420' title='bbox 1050 4203 1204 4264; x_wconf 82' lang='lat' dir='ltr'><strong>superstitem</strong></span> 
     </span>
     <span class='ocr_line' id='line_1_49' title="bbox 129 4268 915 4339; baseline -0.013 -15"><span class='ocrx_word' id='word_1_421' title='bbox 129 4285 164 4335; x_wconf 85' lang='lat' dir='ltr'><strong>et,</strong></span> <span class='ocrx_word' id='word_1_422' title='bbox 175 4283 283 4339; x_wconf 72' lang='lat' dir='ltr'><strong>queram</strong></span> <span class='ocrx_word' id='word_1_423' title='bbox 296 4290 325 4320; x_wconf 87' lang='lat' dir='ltr'><strong>ea</strong></span> <span class='ocrx_word' id='word_1_424' title='bbox 333 4276 450 4322; x_wconf 77' lang='lat' dir='ltr'><strong>mestitia</strong></span> <span class='ocrx_word' id='word_1_425' title='bbox 464 4273 539 4322; x_wconf 83' lang='lat' dir='ltr'><strong>erret?</strong></span> <span class='ocrx_word' id='word_1_426' title='bbox 551 4275 652 4320; x_wconf 82' lang='lat' dir='ltr'><strong>iuterro-</strong></span> <span class='ocrx_word' id='word_1_427' title='bbox 683 4268 819 4333; x_wconf 66' lang='lat' dir='ltr'><strong>reipublice·</strong></span> <span class='ocrx_word' id='word_1_428' title='bbox 830 4271 915 4316; x_wconf 83' lang='lat' dir='ltr'><strong>uivere.</strong></span> 
     </span>
    </p>
   </div>
   <div class='ocr_carea' id='block_1_10' title="bbox 127 4341 358 4406">
    <p class='ocr_par' dir='ltr' id='par_1_24' title="bbox 127 4341 358 4406">
     <span class='ocr_line' id='line_1_50' title="bbox 127 4341 358 4406; baseline -0.022 -16"><span class='ocrx_word' id='word_1_429' title='bbox 127 4349 216 4406; x_wconf 66' lang='lat' dir='ltr'><strong>gerres</strong></span> <span class='ocrx_word' id='word_1_430' title='bbox 233 4343 273 4390; x_wconf 87' lang='lat' dir='ltr'><strong>De</strong></span> <span class='ocrx_word' id='word_1_431' title='bbox 284 4341 358 4387; x_wconf 84' lang='lat' dir='ltr'><strong>luero.</strong></span> 
     </span>
    </p>
   </div>
   <div class='ocr_carea' id='block_1_11' title="bbox 0 0 1546 4976">
    <p class='ocr_par' dir='ltr' id='par_1_25' title="bbox 0 0 1546 4976">
     <span class='ocr_line' id='line_1_51' title="bbox 0 0 1546 4976; baseline 0 0"><span class='ocrx_word' id='word_1_432' title='bbox 0 0 1546 4976; x_wconf 95' lang='lat' dir='ltr'><strong> </strong></span> 
     </span>
    </p>
   </div>
  </div>
 </body>
</html>
