3076 4976
366 182 392 241 L
403 183 416 242 l
427 183 461 242 B.
488 181 668 244 XXXVIII.
693 183 753 245 CA
765 183 798 242 1²:
823 179 971 244 XLVIII.
1143 182 1204 272 888¹

146 344 309 412 universe
316 348 418 436 gentis
432 347 573 432 *tepenti
588 355 693 429 atque
717 347 848 422 invidio,
866 367 926 428 per
950 354 981 411 se
1009 347 1093 430 ipsus
1119 346 1347 410 asti-Ufflfib

146 441 236 498 note.
285 431 411 496 Utinam
445 455 501 496 reu
523 433 682 509 Eumenes,
711 433 829 495 utinum
858 431 945 496 Asia
976 433 1115 497 ciuitates
1142 417 1348 494 mmmm:

148 539 201 582 nes
226 518 373 594 adessent,
397 527 427 582 et
455 519 524 581 illos
541 519 647 599 potius
675 526 840 602 querentes,
870 537 959 602 qnam
987 539 1033 582 me
1060 537 1206 582 mursan-

148 613 217 678 lem‚
242 605 409 668 audiretis!
438 604 572 683 Mittite,
594 605 731 687 agedum,
752 605 867 687 legatos
889 605 972 667 circa
1000 625 1099 668 omnes
1120 604 1208 668 Asicc

148 689 246 764 urbis,
272 697 303 752 el
330 691 466 772 numito,
496 686 584 772 utro¹
607 690 750 771 graviori
768 691 929 766 seruitute,
954 691 1103 754 Antiocho
1122 691 1207 752 ultra

154 775 256 838 Tauri
265 773 349 858 juga
371 784 475 848 emoto,
491 796 533 837 an
550 775 653 838 Gallis
673 774 812 851 ulceris,
835 775 961 840 liberati
981 778 1069 840 sint?
1091 777 1207 858 quoties

150 855 225 945 ag'ri
251 881 350 924 eorum
376 861 491 924 uastati
518 862 590 936 sint,
617 862 733 943 quoties
755 863 874 942 proedae
902 861 1027 939 abacta,
1052 861 1206 946 reserant.-

125 964 129 971 “
152 967 240 1030 quum
264 947 316 1010 oia
337 947 506 1010 redimendi
528 948 664 1028 captiuos
680 948 770 1028 copia
791 957 874 1023 esset,
891 957 921 1010 et
940 957 1088 1012 mactatas
1102 948 1207 1010 hnma-

151 1053 209 1096 nas
222 1033 337 1096 hostias
357 1034 573 1115 immolatosque
592 1032 702 1095 liberos
722 1053 788 1096 suas
809 1034 963 1097 audirent.
1006 1034 1208 1116 Stipendium,

150 1119 265 1194 scitote,
289 1120 469 1200 pependisse
496 1119 589 1182 socias
617 1127 726 1182 uestros
757 1115 883 1183 Gallis:
918 1129 948 1182 et
975 1140 1063 1196 nunc,
1093 1119 1209 1183 libera·

151 1214 198 1268 tos
210 1225 267 1284 per
281 1225 331 1268 uos
348 1206 432 1288 regio
455 1204 701 1288 imperio,fuisse
715 1225 874 1286 pensuros,
889 1206 918 1270 si
937 1227 959 1268 a
979 1227 1026 1270 me
1034 1205 1127 1290 foret
1147 1225 1210 1268 ces-

152 1299 258 1358 sutum.
608 1323 610 1328 ¹

195 1373 351 1438 XLVIII.
378 1373 447 1448 Quo
459 1376 579 1458 longius
592 1373 762 1439 Antiochus
773 1383 884 1440 enmtus
900 1386 983 1453 esset,
1000 1378 1054 1440 hoe
1068 1378 1209 1458 inpoten-
1328 1451 1333 1462 ὗ

153 1462 216 1525 tius
237 1463 271 1524 iu
285 1460 364 1525 Asia
382 1460 473 1524 Galli
494 1462 739 1524 dominarentur.-
763 1470 802 1539 et,
825 1463 975 1546 quidquid
994 1471 1213 1528 est-terrarum

153 1549 234 1612 citra
253 1547 353 1610 Tauri
362 1545 456 1631 juga,
474 1545 635 1610 Gallorum
651 1548 788 1630 imperio,
809 1561 869 1610 non
892 1557 998 1622 uestro,
1014 1546 1209 1632 affecissetis.

153 1633 200 1705 Al
225 1633 303 1696 enim
328 1637 396 1696 sunt
418 1633 537 1715 quidem
563 1633 623 1697 isla
643 1653 726 1696 uera.
748 1635 840 1696 etiam
853 1631 1034 1716 ⁶⁹Delphos,
1060 1634 1212 1716 quondam

152 1739 304 1782 conrnune
316 1719 442 1782 humani
451 1719 574 1801 generis
593 1721 756 1797 oraculum,
771 1719 941 1782 umbilicum
955 1719 1035 1784 orbis
1048 1729 1210 1794 terranem,

156 1802 249 1868 Galli
262 1806 484 1886 spoliaremini.-
507 1824 561 1872 nec
574 1805 643 1867 ideo
658 1805 791 1886 populns
809 1805 966 1870 &manus
979 1807 1027 1870 his
1040 1803 1147 1868 bellum
1161 1805 1211 1867 in·

155 1891 248 1976 dicit,
264 1899 318 1954 aul
338 1891 453 1954 intulit.
495 1889 646 1973 Equidem
668 1891 791 1973 aliquid
812 1891 956 1955 interesse
969 1891 1060 1956 rebor
1081 1892 1163 1954 inter
1177 1891 1214 1953 id

154 1986 280 2058 tempus,
296 1997 354 2060 qno
373 1977 503 2040 nondum
527 1977 561 2038 iu
575 1974 651 2058 jure
669 1998 707 2038 aa
725 1977 843 2040 ditione
860 1985 960 2041 uestra
977 1978 1101 2040 Gracia
1121 1986 1217 2060 atque·
1288 2025 1290 2032 .

154 2063 235 2134 Asia
249 2072 327 2141 erut,
341 2064 385 2125 od
397 2063 560 2126 curandum
574 2063 940 2147 animadvertendum,
952 2065 1028 2146 qnid
1040 2064 1075 2127 iu
1088 2064 1137 2126 his
1150 2071 1213 2147 ter-

155 2149 204 2212 ris
202 2149 317 2231 sterel-
341 2158 371 2213 et
385 2149 450 2227 hoo,
466 2149 630 2231 quoflnem
644 2149 769 2229 imperii
782 2150 919 2214 Romani
937 2150 1072 2214 Taunum
1085 2158 1213 2212 montem

154 2235 318 2310 statuistis,
335 2255 393 2318 quo
406 2234 576 2297 libertatem
598 2234 843 2298 inmunitatemne
859 2233 1033 2298 ciuitatibus
1047 2236 1138 2312 datis,
1155 2253 1215 2318 quo

155 2321 319 2402 aliisfines
330 2319 475 2402 adjicitis,
487 2320 569 2382 alias
578 2339 654 2402 agro
665 2320 810 2394 multatis,
820 2321 895 2384 aliis
905 2321 1035 2404 uectigal
1046 2322 1219 2404 inponitiss

157 2408 391 2491 regnaangetis,
402 2406 550 2481 minuitis,
562 2405 693 2481 donatis,
707 2404 864 2469 adimitis.-
885 2427 967 2469 curce
974 2416 1080 2470 oestrae
1089 2408 1215 2470 censetis

157 2513 228 2568 csse,
241 2501 275 2556 nt
282 2510 389 2575 pacem
400 2501 485 2556 terro
496 2491 632 2573 morique
641 2489 784 2554 habeant.
807 2489 912 2568 -⁷⁰An,
925 2494 989 2556 nisi
995 2493 1149 2577 presidia
1161 2493 1214 2556 de·

156 2578 292 2642 duxisset
305 2577 481 2656 Antiochus,
497 2597 564 2660 qnos
576 2577 681 2660 quieta
695 2579 728 2640 in
747 2579 809 2641 suis
829 2578 949 2642 arcibus
962 2587 1061 2655 erum,
1076 2599 1137 2641 non
1151 2597 1215 2662 pn·

157 2664 270 2728 tarelis
279 2663 441 2740 liberatam
451 2662 582 2728 Asiam?
597 2661 797 2726 siGallorum
807 2666 954 2728 concitus
964 2665 1055 2752 effusi
1064 2685 1214 2748 ungariu-

158 2759 221 2825 lur,
233 2759 305 2814 rata
320 2752 403 2814 dono
412 2758 525 2826 nestra,
541 2769 609 2832 quiec
622 2750 758 2825 dedistis,
770 2751 838 2833 regi
847 2753 988 2827 Eumeni,
1002 2759 1075 2813 ratu
1089 2751 1220 2813 libertos·

158 2835 335 2901 ciuitatibus
345 2840 444 2900 esset?
467 2835 613 2918 Sedquid
625 2855 679 2917 ego
689 2835 753 2898 haec
767 2836 813 2898 ita
827 2845 1038 2918 argumentor,·
1062 2846 1215 2918 tomqsmm

160 2941 223 2983 nau
237 2923 413 3004 occeperim,
428 2922 481 2985 sed
486 2921 618 3004 fecerim
632 2921 728 2984 hostes
744 2919 876 2984 Gallos?
904 2921 956 2997 Te,
968 2922 1010 2985 L.
1027 2921 1142 3004 Scipio,
1158 2923 1216 2984 ad-

154 3008 250 3088 pell0,
265 3007 347 3092 cujus
361 3005 419 3091 ego
432 3008 518 3083 mihi,
532 3007 687 3093 succedens
701 3007 734 3068 in
754 3008 845 3070 vicem
861 3008 984 3090 imperii
1002 3009 1059 3084 tui,
1076 3009 1216 3070 uirtutem

136 3091 395 3177 ⁴felicitatemque
406 3095 533 3176 pariter
552 3113 611 3155 non
624 3091 753 3176 frustra
765 3091 811 3155 ob
827 3093 903 3156 Diis
919 3093 1130 3158 inmortalibus
1142 3113 1216 3175 pre·

159 3187 245 3242 catus
258 3201 338 3255 surn,·
360 3189 399 3258 te,
416 3181 457 3242 P.
468 3179 582 3260 Sapie,
598 3178 652 3262 qui
665 3179 761 3261 legati
764 3177 830 3262 jus,
846 3180 968 3328 collegbe:
981 3179 1217 3263 majestatm,.et

161 3265 248 3345 opud
247 3266 387 3349 fratrem
401 3267 557 3340 consulem,
573 3273 602 3327 et
617 3266 702 3346 apud
714 3267 874 3331 eumenum
887 3265 928 3328 ha
969 3267 1040 3341 isti;
1061 3266 1215 3342 sciatisne,

163 3351 198 3412 in
223 3352 356 3415 euercitu
377 3352 524 3414 Antiochi
540 3349 699 3413 Gallorum
722 3352 854 3434 legiones
864 3351 992 3434 fluisse?
1018 3352 1159 3415 videritis
1180 3352 1217 3413 in

162 3437 230 3498 acie
251 3459 309 3514 eos,
326 3440 359 3500 in
389 3457 482 3501 cornu
507 3446 633 3519 utroque
648 3438 697 3519 (id
719 3439 799 3500 enirn
823 3437 942 3501 roboris
963 3459 1024 3502 esse
1044 3437 1215 3515 uidebatur)

163 3522 298 3588 locatos?
322 3523 548 3608 pugnaveritis,
574 3531 609 3590 nt
635 3544 698 3586 cum
727 3523 860 3587 hostibus
877 3523 997 3606 justis?
1023 3525 1215 3588 cecideritis?
1250 3558 1253 3563 -

436 3781 438 3788 ·
550 3749 650 3801 lutrum
660 3769 676 3800 a
687 3755 761 3801 Gran.
773 3754 840 3800 Cres.

196 3955 544 4015 69*Delphnr..umbilicnm
553 3955 674 4002 Orbieter·
707 3956 878 4004 sumeffioiunt.
912 3954 1145 4018 Ouisonpunreti·
1161 3956 1218 4002 Iibe-
1296 3999 1300 4007 ,

163 4016 256 4083 rmum]
280 4021 321 4068 Sic
348 4021 424 4068 Greci
453 4021 628 4080 quamplurImI,
651 4027 676 4067 et
707 4026 781 4068 rutum
798 4021 888 4074 Asiam,
901 4021 948 4067 nisi
963 4023 1070 4083 praesiIIa
1087 4022 1220 4068 deduxisset

164 4091 220 4144 post
240 4099 280 4132 eos
299 4085 385 4136 Latini.
418 4086 471 4132 vid.
493 4087 576 4133 cellar.
591 4087 675 4142 Gsogr.
708 4087 852 4144 Antiochus,
872 4100 903 4134 uu
920 4088 1017 4134 credetis
1033 4090 1109 4134 rutum
1125 4087 1220 4132 liberta·

164 4150 223 4197 Ani.
236 4151 251 4197 1.
262 4150 311 4198 I.c.
323 4158 346 4198 4.
512 4162 514 4166 ·
708 4156 757 4198 tem
772 4152 909 4199 cIvilstibna
927 4149 1031 4198 suburam
1048 4153 1130 4209 fuIsso,
1142 4151 1162 4198 si
1178 4165 1220 4210 per

199 4221 230 4266 70
246 4216 298 4273 Aa,
311 4217 361 4262 nni
366 4212 494 4278 presidia]
511 4217 566 4263 Duo
578 4229 631 4276 qnae
642 4229 677 4261 sa·
709 4218 812 4263 eumdem
824 4218 905 4263 Asinus
921 4213 988 4264 effusi
1000 4215 1122 4280 Gallorum
1133 4214 1230 4264 uesci-'⁴

166 4285 273 4339 quintus
287 4281 391 4327 membru
406 4281 469 4327 iuter
485 4295 510 4327 so
523 4282 558 4327 ito
573 4294 678 4328 connexu
709 4279 919 4344 tussngsreniur?
1091 4279 1094 4287 ’
1226 4277 1229 4290 “

166 4345 268 4406 iutelligi
286 4346 383 4404 dehent,
399 4351 427 4393 ut
443 4359 517 4394 unum
533 4347 605 4394 umbo
624 4361 677 4394 sen·
