3042 4954
326 159 394 261 'ss
748 195 861 257 nrm
888 189 1025 257 crvrr

195 382 265 433 uc.
276 357 331 432 sos.
342 362 489 430 ¹insulam
504 353 771 438 adsecutus'esset
786 359 916 426 dimisso
931 361 971 428 L.
982 360 1131 447 Apustio,
1146 359 1198 426 cui
1212 373 1415 442 successerat,

195 451 226 498 A
236 449 264 498 ⁰·
278 455 331 499 ¹⁹⁸·
355 449 445 516 tarde
454 450 527 514 inde
536 448 578 513 ad
591 445 742 524 Maleam,
752 446 912 518 trahendis
922 447 1109 534 plerumque
1119 446 1258 512 remulco
1269 449 1413 527 novibus,

355 557 427 623 quae
441 557 513 600 cum
528 547 704 599 commeatu
725 533 942 619 sequebantur,
957 534 1109 618 pervenit
1143 535 1174 598 A
1190 531 1308 611 Malea,
1318 535 1414 621 jussis

354 623 473 696 ceteris,
490 632 644 706 quantum
659 620 796 683 maxime
809 631 936 702 possent
949 619 975 658 ⁶⁴
984 631 1149 696 maturate,
1162 620 1260 705 sequi,
1275 621 1342 706 ipse
1355 622 1415 685 tm'·

355 707 412 772 boa
426 706 704 793 quinqueremibus
723 705 875 789 expeditis
889 705 1078 769 6⁵Piraeeum
1100 706 1261 791 praecepit,
1276 709 1414 792 accepit-

343 851 348 868 ,
376 815 416 858 ue
430 815 525 874 naves
539 792 582 858 ibi
599 791 722 856 relictas
737 796 777 856 ab
794 791 832 854 L.
844 791 980 876 Apustio
994 791 1099 879 legato
1113 791 1155 856 ad
1168 787 1351 877 praesidium
1367 797 1414 859 A·

194 896 282 946 crusis
294 896 338 944 st-
353 815 532 944 llrenorum.
576 877 700 943 Eodem
720 889 863 961 tempore
875 877 949 942 duas
964 899 1004 942 ex
1019 879 1097 942 Asia
1117 877 1230 942 classes
1250 877 1413 964 profectae,

193 961 453 1040 t9¹³⁰i¹³¹¹⁰·⁶⁶uno
473 964 672 1032 cumAttalo
693 985 710 1026 r
776 987 785 1040 ς
807 967 867 1048 (eoe
885 976 1021 1063 quatuor
1042 976 1075 1029 et
1095 964 1206 1051 viginti
1221 966 1413 1052 quinquere-

193 1029 292 1076 ΜΝ·
353 1056 544 1133 meterent)
569 1049 698 1115 Rhodia
717 1064 822 1124 atera,
841 1049 952 1137 vigmti
974 1051 1103 1114 navium
1126 1062 1299 1115 tectarum:
1323 1052 1412 1140 Age·

278 1135 282 1148 '
352 1139 521 1203 simbrotus
559 1150 682 1201 raserat.
728 1135 794 1200 Hae
809 1136 892 1200 circa
903 1135 1046 1201 Andrum
1061 1135 1195 1200 insulam
1209 1135 1320 1201 classes
1334 1159 1413 1202 con-

346 1226 469 1311 junctae
492 1159 664 1301 Eultoeam,
681 1223 757 1286 inde
778 1223 895 1308 exiguo
915 1221 1081 1286 distantem
1103 1221 1194 1302 freto,
1209 1224 1411 1308 trajecerunt.

353 1310 573 1398 Carystiorum
597 1309 734 1394 primum
760 1329 853 1396 agros
873 1321 1051 1372 vastarunt:
1075 1307 1198 1387 deinde,
1214 1309 1269 1372 ubi
1292 1309 1411 1397 Carys-

351 1410 413 1474 tus,
436 1395 585 1482 praesidio
607 1419 625 1459 a
648 1393 799 1460 Chalcide
823 1395 937 1479 raptim
962 1394 1068 1471 misso,
1090 1393 1182 1458 firma
1203 1395 1268 1459 visa
1287 1409 1344 1473 est,
1357 1396 1410 1476 ,ad

353 1483 511 1548 Eretriam
532 1493 741 1546 accesserunt.
786 1479 906 1545 Eodem
923 1491 954 1544 et
969 1483 1006 1546 L.
1023 1479 1194 1556 Quinctius
1210 1503 1282 1545 cum
1299 1483 1337 1547 iis
1353 1503 1411 1546 na·

350 1567 451 1644 vibus,
467 1591 540 1656 quse
557 1567 670 1632 Piraeei
690 1565 824 1644 fuerant,
843 1566 941 1631 Attali
964 1567 1044 1654 regis
1067 1567 1206 1632 adventu
1220 1566 1341 1646 audito,
1357 1591 1411 1632 ve·
1501 1589 1503 1628 r

210 1725 213 1732 ⁴
244 1725 253 1743 x
350 1657 408 1733 nit,
424 1653 621 1741 “jussitque
637 1667 682 1729 ut,
699 1675 772 1737 quse
789 1665 829 1716 ex
851 1674 907 1716 sua
928 1655 1024 1717 classe
1042 1653 1200 1718 venissent
1219 1675 1325 1734 naves,
1342 1654 1411 1719 Eu·
1502 1655 1503 1714 i

189 1757 333 1807 mouson
349 1741 456 1807 boeam
480 1753 632 1826 peterent.
678 1739 803 1803 Eretria
824 1759 946 1803 summa
960 1740 991 1802 vi
1010 1738 1264 1826 obpugnabatur.
1285 1753 1410 1805 namet
1500 1775 1503 1802 t

188 1829 301 1886 susm·
349 1830 446 1894 trium
471 1827 656 1913 junctarum
682 1823 826 1889 classium
854 1846 948 1889 naves
973 1825 1076 1889 omnis
1101 1825 1224 1909 generis
1238 1839 1410 1892 tormenta

348 1913 573 1997 machinasque
594 1910 636 1975 ad
660 1909 786 1974 urbium
807 1909 934 1975 excidia
955 1932 1061 1976 secum
1083 1911 1261 1997 portabant,
1284 1926 1317 1977 et
1337 1914 1410 2001 agri

348 1998 479 2065 adfatim
494 1997 634 2062 materias
650 1997 832 2079 praebebant
845 1996 886 2061 ad
900 2019 982 2062 nova
997 1997 1154 2062 molienda
1167 2019 1274 2083 opera.
1301 1998 1408 2085 Oppr·
1501 2025 1503 2082 i

304 2131 310 2160 ,
348 2086 425 2150 dani
449 2084 555 2170 primo
579 2081 666 2146 haud
692 2083 816 2170 inpigre
841 2083 1012 2148 tuebantur
1037 2084 1175 2148 moenia:
1196 2084 1311 2149 deinde
1331 2085 1407 2150 fessi

348 2169 567 2256 vulneratique
588 2168 719 2254 aliquot,
735 2191 833 2255 quum
848 2181 881 2233 et
903 2170 983 2234 muri
1006 2183 1127 2254 partem
1141 2191 1279 2236 eversam
1301 2173 1408 2257 operi·

346 2257 406 2322 bus
420 2256 558 2322 hostium
568 2267 749 2333 cernerent,
766 2256 806 2319 ad
821 2254 1013 2322 deditionem
1029 2255 1229 2322 inclinarunt.
1253 2256 1307 2321 sed
1321 2279 1407 2342 prae·

347 2342 463 2408 sidium
478 2355 547 2408 erat
562 2340 789 2420 Macedonum,
806 2364 884 2429 quos
905 2363 968 2407 non
987 2342 1102 2420 minus,
1118 2364 1212 2429 quam
1230 2343 1404 2424 Romanos,

346 2429 546 2505 metuebant3
569 2440 601 2493 et
619 2427 775 2492 Philocles
796 2429 900 2516 regius
925 2426 1092 2514 praefectus
1113 2451 1132 2494 a
1150 2421 1302 2495 Chalcide
1322 2451 1408 2496 nun·
1500 2459 1502 2492 ;

346 2517 412 2581 cios
427 2515 580 2592 mittebat,
596 2537 629 2578 se
649 2515 683 2578 in
705 2525 848 2600 tempore
865 2513 1057 2592 adiuturum,
1073 2514 1099 2579 si
1120 2516 1308 2581 sustinerent
1322 2516 1407 2582 obsi·
1501 2543 1502 2578 r

346 2601 484 2667 dionem.
530 2599 615 2665 Hoec
637 2600 737 2665 mixta
763 2612 847 2666 metu
874 2621 944 2685 spes
968 2602 1061 2678 ultra,
1084 2623 1179 2686 quom
1201 2602 1326 2682 vellent,
1352 2614 1407 2668 aut
1501 2629 1502 2664 r

346 2709 442 2775 quam
467 2702 605 2772 possent,
628 2688 753 2751 trahere
778 2708 831 2750 eos
855 2702 979 2770 tempus
1001 2687 1145 2773 cogebat.
1170 2686 1295 2766 deinde,
1317 2703 1405 2772 post·
1501 2715 1502 2750 r

344 2795 442 2926 quam
460 2773 634 2839 Philoclem
650 2773 807 2858 repulsum
822 2772 1094 2859 trepidantemque
1113 2771 1264 2858 refugisse
1279 2773 1405 2839 Chalci·
1501 2801 1502 2812 ¹

369 2883 419 2926 em
435 2871 649 2945 acceperunt,
675 2874 815 2924 oratores
843 2858 1005 2944 extemplo
1033 2859 1074 2924 ad
1098 2861 1254 2938 Attalum,
1280 2861 1404 2925 veniam
1501 2911 1502 2920 ,

344 2947 505 3034 fidemque
532 2949 598 3033 ejus
626 2958 778 3030 peternes,
807 2946 970 3011 miserunt.
1021 2945 1110 3009 Dum
1139 2945 1173 3009 in
1201 2967 1287 3031 spem
1318 2948 1405 3031 pacis
1501 2973 1502 3008 1

344 3033 457 3098 intenti
478 3035 604 3119 segnius
625 3052 758 3096 munera
783 3030 857 3095 belli
871 3032 999 3109 obeunt,
1015 3043 1097 3097 etea
1113 3033 1206 3096 modo
1227 3045 1326 3118 parte,
1343 3055 1405 3118 qua
1501 3079 1502 3094 t

344 3141 453 3186 murus
475 3119 599 3183 dirutus
617 3129 695 3194 erat,
711 3116 823 3180 ceteris
845 3116 1005 3203 neglectis,
1021 3116 1170 3182 stationes
1191 3131 1328 3183 armatas
1348 3119 1405 3183 ob-
1501 3167 1502 3172 η

234 3216 240 3229 ·
282 3251 289 3267 .
342 3219 484 3293 ponunt;
509 3203 690 3281 Quinctius,
705 3215 801 3266 noctu
817 3203 857 3266 ab
873 3225 910 3267 ea
931 3215 1030 3288 parte,
1046 3225 1118 3289 qnae
1133 3204 1264 3270 minime
1277 3227 1403 3290 suspec-

207 3277 217 3303 ’
343 3307 478 3376 tuerat,
505 3292 614 3374 inpetu
645 3291 740 3366 iacto,
766 3287 855 3352 scalis
880 3290 990 3354 urbem
1018 3291 1112 3376 cepit.
1157 3289 1401 3376 Oppidanorum

341 3380 446 3444 omnis
460 3374 632 3441 multitudo
646 3397 718 3438 cum
742 3375 929 3463 conjugibus
943 3398 981 3440 oc
995 3375 1101 3440 liberis
1122 3376 1155 3440 in
1171 3398 1276 3441 arcem
1291 3377 1403 3442 confu-

335 3460 406 3550 xpit:
429 3461 546 3529 deinde
566 3462 600 3525 in
626 3460 819 3525 deditionem
838 3462 932 3526 venit.
979 3463 1124 3526 Pecuniae
1146 3462 1278 3549 aurique
1299 3474 1331 3527 et
1353 3485 1403 3528 ar·

339 3550 428 3640 genti
448 3547 535 3613 haud
561 3569 635 3614 sane
656 3546 793 3612 multum
818 3545 894 3613 fnit:
917 3548 1019 3637 signa,
1034 3547 1151 3614 tabulae
1175 3551 1291 3635 priscae
1314 3550 1400 3631 artis,

373 3729 405 3772 64
421 3725 548 3773 Maturate
565 3721 642 3786 requi]
658 3725 735 3782 Μιςίι
751 3727 854 3788 ploraret
885 3741 951 3776 more
961 3729 1081 3777 Romame
1094 3727 1179 3788 lavaro
1192 3727 1273 3774 elassa.
1290 3725 1346 3776 Vrd.
1357 3739 1397 3774 su·

339 3797 462 3837 murore
479 3792 554 3853 requi,
572 3791 635 3851 quod
655 3791 745 3838 hahent
761 3793 853 3852 antiqui
885 3800 993 3854 procu.

338 3855 407 3908 editi,
429 3859 491 3902 toste
513 3855 634 3904 Groaorio
656 3855 681 3904 iit
704 3862 764 3904 nota
783 3859 814 3905 sd
835 3860 853 3905 1.
918 3863 949 3910 67
966 3859 1091 3922 lusitque
1108 3854 1148 3920 at]
1169 3857 1282 3904 Notanda
1300 3854 1397 3903 locutio.

339 3919 546 3969 mmuh.
885 3924 964 3972 Verbo
985 3924 1048 3972 enirn
1068 3923 1155 3984 jubere
1178 3922 1330 3981 subiungitur
1349 3920 1397 3966 iero

370 3985 552 4033 dtwiraeeum
558 3983 686 4051 precepit]
702 3988 852 4036 Anteeadem
883 3991 981 4038 verbnm
997 3988 1086 4037 induiti
1101 3987 1175 4036 modu
1206 3987 1306 4043 *muts
1323 3989 1348 4032 et
1367 3983 1397 4030 td

338 4051 452 4112 reliquam
474 4051 581 4110 clasem,
591 4053 704 4100 Piraeeum
713 4055 800 4100 tenuit.
884 4057 1005 4112 vulgatum
1025 4053 1137 4114 loquendi
1157 4067 1256 4111 morum,
1267 4058 1292 4099 et
1306 4051 1337 4098 ad
1347 4063 1396 4096 rom

370 4120 402 4164 de
419 4115 704 4183 UmcomAcaurege]
726 4120 804 4166 Docet
812 4119 851 4166 ut-
884 4135 979 4182 quoqno
996 4123 1135 4181 presentem
1154 4122 1294 4180 congrueret
1310 4115 1395 4171 oratio,

337 4183 390 4230 vius
401 4181 464 4230 inin
473 4198 494 4230 c·
506 4189 545 4233 at.
556 4183 704 4232 Antiochum
720 4183 850 4246 legatorum
884 4187 903 4232 si
916 4188 1017 4248 legeres:
1023 4185 1155 4247 jussitque,
1163 4190 1193 4230 ut
1203 4197 1301 4247 queque
1312 4196 1342 4228 ca·
1351 4193 1396 4225 m

336 4249 499 4296 Romanorum
520 4248 662 4296 auctoritate
681 4253 784 4308 motum,
806 4253 854 4297 At·
884 4251 957 4298 classe
977 4251 1096 4299 omme
1117 4263 1198 4308 mec,
1218 4249 1336 4297 Eodem
1357 4258 1398 4306 ικ·

336 4313 380 4360 ttli
391 4313 479 4364 tinibus
494 4315 622 4364 exercitum
633 4315 764 4365 deduxisse.
796 4315 852 4363 Hoc
883 4323 940 4364 tero.

337 4379 417 4439 itaque
437 4386 502 4428 metu
522 4381 581 4429 liber
597 4381 693 4430 Attalus
712 4382 792 4443 potuit
809 4395 851 4442 pro
