3136 4982
317 207 376 268 art
708 211 818 272 τιτι
848 193 985 272 trvtr
1091 197 1094 218 '

156 380 187 429 U·
197 379 227 426 0·
238 382 293 430 ω*
315 371 451 452 hostem,
466 386 498 440 et
511 387 699 463 postremos,
715 388 751 441 ut
764 395 906 465 quosque
919 376 1026 462 adepti
1042 387 1126 454 eunt,
1141 375 1279 442 ctedum.
1316 373 1384 440 Ces

155 446 187 494 A*
198 446 226 492 ⁰·
238 451 291 496 ¹⁹⁰·
316 475 418 526 terum
432 461 628 550 fugientibus
646 463 747 548 major
769 465 875 546 pestis,
890 463 916 502 ³¹
925 463 1116 528 intermixtis
1129 460 1301 552 quadrigis,
1317 459 1380 524 ele·

315 548 515 635 phantisque,
539 562 571 614 et
592 549 718 614 camelis
739 563 817 630 erat,
832 563 863 615 et
888 573 945 614 sua
966 550 1105 635 ipsorum
1132 549 1243 614 turba:
1267 567 1379 634 quum,

315 635 426 698 solutis
439 635 616 713 ordinibus,
631 635 718 700 velut
731 637 808 700 caeci
822 657 917 721 super
931 636 1009 700 alios
1024 636 1076 701 alil
1099 650 1234 713 ruentes,
1249 635 1380 698 incursu

315 719 492 786 belluarum
507 722 736 787 obtererentur.
776 722 814 786 In
831 723 944 806 castris
955 745 1083 810 quoque
1097 723 1217 810 ingens,
1233 733 1265 786 et
1280 721 1381 805 rnajor

315 828 416 893 prope
429 829 525 895 quarn
541 808 574 872 iu
589 809 666 885 acie,
682 808 785 872 caedes
799 824 845 874 est
860 809 954 874 edita.
978 831 1051 874 uam
1067 823 1098 872 et
1111 809 1288 892 primorum
1304 805 1381 892 fuga

316 895 349 957 in
367 906 469 958 castra
491 895 629 960 maxime
650 895 830 972 inclinavit3
853 907 884 962 et
906 895 999 981 hujus
1020 894 1137 960 fiducia
1157 893 1380 969 multitudiuis,

316 979 371 1065 qui
399 980 434 1044 in
462 981 612 1067 praesidio
641 994 741 1058 erant,
768 980 960 1066 pertinacius
987 980 1156 1067 provallo
1184 991 1381 1068 pugnarunt.

316 1067 431 1131 retenti
449 1068 483 1132 in
505 1067 605 1152 portis
620 1067 774 1154 valloque,
790 1091 863 1154 quae
877 1091 910 1132 se
924 1069 1034 1151 inpetu
1057 1068 1126 1153 ipso
1147 1079 1296 1153 capturos
1311 1087 1381 1130 cre·

316 1151 475 1235 diderant,
501 1154 649 1230 Romani,
675 1168 842 1239 postquem
868 1154 995 1220 tandem
1018 1166 1241 1248 perruperunt,
1265 1152 1306 1218 ab
1331 1152 1381 1216 ira

316 1240 493 1327 graviorem
508 1241 677 1306 ediderunt
690 1240 821 1306 caedem.
1386 1269 1389 1278 ·

362 1325 489 1392 XLIV.
513 1325 566 1392 Ad
591 1327 821 1415 quinquaginta
849 1327 949 1392 millia
975 1328 1115 1414 peditum
1142 1347 1224 1392 caesa
1251 1333 1309 1391 eo·
1327 1323 1382 1389 elle

317 1411 478 1490 dicuntur,
494 1413 635 1501 equitum
653 1413 733 1478 tria‘
747 1413 864 1491 millia3
887 1413 973 1479 mille
993 1425 1024 1479 et
1039 1414 1262 1502 quadringenti
1284 1411 1380 1498 capti,

318 1512 351 1564 et
373 1499 553 1584 quindecim
573 1521 646 1565 cum
670 1500 843 1566 rectoribus
865 1499 1034 1586 elephanti.
1065 1501 1299 1565 -Romanorum
1323 1497 1382 1562 ali·

319 1601 398 1671 quot
418 1585 574 1652 vulnerati
595 1599 686 1663 sunt3
709 1587 890 1652 ceciderunt
911 1609 976 1651 non
1001 1587 1073 1672 plus
1095 1587 1227 1652 trecenti
1248 1585 1381 1672 pedites,

318 1687 455 1758 quatuor
470 1675 544 1738 etri
569 1673 627 1738 'nti
648 1672 788 1761 equites;
811 1673 897 1738 etde
913 1674 1065 1738 Eumenis
1086 1673 1225 1738 exercitu
1241 1672 1384 1759 quinque

318 1771 350 1823 et
376 1759 497 1844 viginti.
574 1773 586 1825 t
611 1758 667 1823 illo
689 1760 816 1848 quidem
842 1760 894 1824 die
918 1761 1061 1838 victores,
1086 1759 1218 1845 direptis
1242 1759 1388 1824 hostium⁴

319 1846 527 1924 castriacus
553 1866 669 1934 magua
689 1846 798 1932 praede
818 1845 850 1911 in
873 1867 930 1911 sua
950 1859 1163 1923 reverterunt3
1186 1859 1315 1930 postero
1329 1845 1383 1910 die

319 1931 498 2018 spoliabant
512 1954 667 1997 eaesorum
682 1953 828 2018 corpora,
842 1945 874 1998 et
888 1933 1030 2018 captivos
1045 1931 1284 1998 contrahebant.
1318 1930 1382 1995 Le·

318 2018 385 2105 gati
398 2017 425 2058 ³²
433 2019 475 2083 ab
490 2017 646 2102 Thyatira
666 2033 731 2082 eta
748 2017 916 2105 Magnesia
938 2019 978 2084 ad
996 2019 1140 2105 Sipylum
1160 2019 1200 2084 ad
1222 2017 1381 2084 dedendas

318 2103 412 2168 urbes
439 2117 602 2170 venerunt.
647 2104 835 2182 Antiochus,
858 2127 931 2170 curn
960 2107 1069 2190 paucis
1094 2105 1227 2194 fugietis,
1251 2106 1284 2168 in
1310 2101 1387 2190 ipso

203 2199 212 2208 '
317 2190 431 2256 itinere
453 2190 597 2275 pluribus
619 2190 885 2279 congregantibus
907 2199 959 2270 se,
975 2193 1100 2258 modica
1125 2213 1222 2258 manu
1244 2205 1382 2256 armato-

318 2297 390 2340 rum
404 2279 511 2342 media
527 2278 625 2342 ferme
647 2293 740 2344 nocte
757 2278 872 2344 Sardes
886 2279 1050 2346 contendit
1058 2289 1080 2342 ⁸.
1103 2279 1188 2357 inde,
1205 2299 1302 2365 quum
1325 2301 1381 2342 au·

319 2362 424 2439 disset,
449 2365 617 2430 Seleucum
646 2365 746 2429 filiurn
773 2377 805 2430 et
831 2366 984 2450 quosdam
1010 2365 1182 2431 amicorum
1206 2368 1380 2450 Apameam

318 2471 524 2538 praegressos,
539 2464 571 2516 et
586 2452 658 2537 ipse
679 2463 791 2539 quarta
806 2452 911 2538 vigilia
926 2474 997 2517 cum
1014 2453 1148 2604 conjuge
1162 2474 1200 2519 ac
1219 2451 1286 2516 iilia
1302 2451 1393 2538 petit

320 2537 507 2622 Apameam,
533 2537 655 2604 Zenoni
681 2538 797 2602 tradita
820 2539 965 2603 custodia
989 2538 1087 2616 urbis,
1142 2539 1248 2603 imone
1270 2537 1382 2624 Lydiae

319 2625 511 2726 praepositp:
534 2624 648 2712 quibus
669 2625 791 2714 spretis,
811 2645 967 2725 consensu
992 2625 1279 2726 oppidanorum-et
1300 2624 1382 2688 mili-

158 2808 303 2858 a...
320 2711 1271 2884 ‘⁰⁰32lt?”sttiffilltttttltltltdttttt.
1286 2795 1384 2884 aa,

159 2875 292 2924 acuunt.
320 2883 417 2961 nesia,
439 2906 511 2969 quae
537 2907 631 2970 super
652 2883 864 2949 Moeandrum-
883 2897 939 2963 est,
958 2897 990 2950 et
1015 2886 1056 2950 ab
1077 2882 1205 2972 Epheso
1218 2885 1256 2948 ⁴le
1297 2883 1321 2948 ti
1343 2883 1384 2948 ad

320 2969 481 3036 dedendas
501 2972 595 3036 urbes
616 2981 781 3037 venerunt.
825 2971 1007 3057 Reliquerat
1029 2971 1190 3054 Ephesum
1216 2973 1260 3037 Po
1272 2970 1384 3058 yxeni-

320 3055 388 3134 das,
404 3057 512 3123 audita
526 3080 646 3160 pugna,
656 3071 703 3134 et,
719 3058 817 3123 classe
834 3079 933 3145 usque
947 3057 988 3124 ad
1004 3056 1119 3122 Patara
1134 3057 1241 3145 Lyciae
1296 3077 1386 3122 rvec·

321 3156 382 3222 tus,
405 3157 492 3210 metu
514 3145 657 3209 statronis
678 3142 879 3208 Rhodiarum
902 3143 1042 3225 navium,
1063 3165 1136 3231 quae
1158 3143 1199 3210 ad
1263 3144 1385 3232 egisteu

320 3229 454 3310 ⁸‘crath
468 3232 500 3294 in
517 3244 633 3296 terram
648 3251 802 3314 egressus,
818 3251 889 3294 cum
906 3231 1014 3314 paucis
1035 3230 1148 3296 itinere
1169 3230 1309 3316 pedestri
1325 3231 1391 3316 Sy-'

322 3317 401 3381 riam
425 3317 524 3402 petiit.
569 3317 655 3382 Asioe
677 3316 819 3382 civitates
840 3316 988 3380 infidam
1010 3316 1147 3382 consulis
1169 3317 1386 3404 ditionemque

322 3404 433 3488 populi
449 3404 587 3468 Romani
601 3425 668 3468 sese
689 3402 867 3468 tradebant.
913 3401 1068 3469 Sardibus
1084 3405 1152 3490 jam
1174 3402 1285 3468 consul
1306 3415 1386 3470 erat.

322 3513 361 3554 eo
375 3503 407 3555 et
423 3489 461 3554 P.
479 3491 586 3576 Scipio
607 3493 647 3555 ab
670 3489 772 3572 Elaes,
787 3512 884 3578 quum
912 3491 1051 3575 primurn
1077 3490 1144 3575 pati
1168 3489 1307 3554 laborem
1323 3490 1386 3553 viae

322 3577 435 3661 potuit,
452 3576 547 3640 venit.
594 3576 661 3642 Sub
675 3576 760 3642 idem
776 3579 842 3642 fere
863 3592 988 3662 tempus
1009 3577 1198 3642 caduceator
1212 3575 1253 3641 ab
1268 3577 1386 3642 Antio-

322 3663 384 3728 cho
409 3683 467 3747 per
491 3662 528 3727 P.
546 3663 726 3748 Scipionem
752 3685 771 3726 a
796 3662 925 3727 consule
949 3661 1050 3748 petiit‘,
1073 3663 1325 3749 impetravitque,
1348 3675 1386 3727 ut

160 3771 276 3819 natant
322 3761 464 3814 oratores
479 3748 603 3814 mittere
621 3749 731 3814 liceret
751 3750 828 3838 regi.
874 3750 999 3814 Paucos
1021 3761 1091 3833 post
1105 3750 1171 3816 dies
1187 3749 1314 3830 Zeuxis,
1329 3749 1386 3836 qui

161 3841 303 3914 tegata-pa·
323 3833 490 3922 praefectus
507 3833 620 3922 Lydiae
640 3835 753 3914 luerat,
767 3850 799 3901 et
817 3836 986 3922 Antipater
1005 3833 1095 3900 fratis
1116 3836 1199 3900 filius
1219 3849 1383 3903 venerunt.

161 3911 290 3965 mm
386 3959 521 4007 eeerilrou.
534 3959 602 4008 Orer·
645 3952 768 4024 fquaraar
778 3962 843 4009 End.
887 3961 1102 4010 teaaeerettEsed.
1145 3933 1318 4010 hereatcrav.
1373 4019 1407 4030 Ι,

354 4081 383 4122 81
392 4072 406 4100 “
413 4071 572 4137 Intermiatis]
582 4075 695 4122 Libenter
702 4077 838 4124 adderemus
872 4076 992 4139 Thyatira
1003 4077 1105 4123 alluitur
1114 4079 1189 4140 Lyco.
1207 4077 1239 4124 Et
1249 4076 1384 4138 Stephanae

322 4141 524 4202 praepositionem,
538 4142 566 4188 ud
578 4141 727 4188 intermittis
870 4143 932 4189 hanc
944 4157 1037 4204 quoque
1048 4141 1152 4189 nominis
1163 4145 1261 4190 formam
1272 4143 1364 4203 probat.

354 4211 386 4252 8!
403 4207 442 4252 At
455 4201 585 4270 Thyatira]
606 4206 686 4267 Vulgo
705 4206 777 4264 huius
796 4219 837 4252 ur·
902 4213 933 4255 3³
951 4204 1045 4270 Erant]
1072 4207 1151 4270 Vulgo
1176 4215 1235 4256 erat.
1269 4208 1314 4256 Sed
1336 4222 1386 4254 ms·

322 4269 360 4316 bis
374 4285 461 4318 nomen
472 4271 569 4319 affertur
585 4276 669 4318 neutro
686 4274 780 4332 'genem
794 4285 837 4317 uu·
869 4271 915 4318 lias
932 4273 1024 4319 ridetur
1039 4273 1134 4320 verbum
1152 4273 1231 4322 reterri
1247 4273 1277 4322 ad
1294 4287 1384 4322 noune

312 4349 388 4386 ,mero
412 4337 539 4398 plurative.
572 4337 618 4384 Sed
642 4337 838 4412 querqadmodum
869 4338 939 4387 etita
950 4337 1022 4386 habet
1033 4339 1096 4386 Vict.
1108 4339 1189 4392 codex.

269 4446 275 4458 ,
323 4399 363 4446 ltic
379 4399 469 4462 Lirim,
485 4402 520 4450 tie
538 4408 563 4454 et
577 4399 748 4463 allatratv.
764 4417 785 4450 c.
798 4407 837 4454 29·
1050 4427 1054 4438 ’
