3082 4976
386 108 497 220 stru.
517 159 666 220 XXXIX.
697 159 800 220 CAP.
825 159 907 220 LVI.
1131 164 1187 217 451

27 337 28 354 ¹
123 332 167 386 est
187 313 336 387 deducta.
359 323 560 390 deduxerunt
580 323 740 388 triumviri
756 323 800 399 Q.
817 323 935 388 Fabius
952 321 1073 404 Labeo,
1089 321 1124 388 Ο.
1140 321 1188 385 A·
1198 327 1230 376 U·
1239 329 1268 378 0·
1278 333 1334 379 ⁵⁶9·

27 423 28 462 ὲ
122 406 237 472 franius
261 408 382 488 Stellio,
400 411 453 474 Ti.
470 410 677 497 Sempronius
693 409 869 476 Gracchus.
886 411 1001 498 jugera
1022 409 1057 473 iu
1078 394 1266 496 singu-¹³⁰·
1279 401 1334 442 ¹⁸³·

27 519 28 548 r
123 493 167 558 los
180 495 256 560 data
269 495 390 562 decem.

163 581 251 646 LVI.
276 581 400 646 Eodem
416 605 501 648 auno
516 585 559 649 A.
575 583 747 648 Terentius
761 581 954 668 proconsul¹¹
967 581 1052 646 haud
1074 581 1187 667 procul
1196 587 1280 664 unuin
1292 587 1350 633 Hi*

121 667 248 734 flumine
271 668 377 745 lbera,
401 670 434 734 in
457 693 535 759 agro
558 670 731 747 Ausetano,
753 683 785 734 et
809 669 926 755 proelia
950 669 1090 733 secunda
1111 691 1185 732 cum
1195 664 1330 764 lawa·

123 753 288 821 Celtiberis
313 755 396 828 fecit,
419 769 452 822 et
472 756 603 842 oppida,
622 779 695 843 quae
717 755 763 820 ibi
784 755 1051 832 communierant,
1066 755 1188 841 aliquot
1228 750 1236 766 ⁹

99 841 1187 1015 ¹{llitttlt...llff{lz.ll.ttl53.2¹¹¹.¹.⁰..³l.¹'t.⁰.²illul?

120 1025 158 1090 et,
173 975 263 1078 millo
276 1015 458 1096 lacessente,
473 1029 712 1103 peropportune
726 1015 915 1101 quieverunt
930 1014 1088 1079 Lusitani.
1116 973 1187 1079 Ned

27 1129 28 1164 l
119 1099 150 1162 in
176 1100 352 1187 Liguribus
381 1101 586 1167 memorabile
614 1102 790 1189 quidquam
816 1124 835 1164 a
865 1101 909 1177 Q.
927 1100 1030 1165 Fabio
1055 1101 1186 1165 consule

27 1217 30 1256 ι
119 1199 251 1272 gestum.
297 1187 347 1254 M.
363 1187 548 1265 Marcellus,
574 1211 616 1252 ex
645 1189 739 1253 Istria
768 1200 942 1262 revocatus,
966 1188 1111 1252 exercitu
1136 1187 1185 1252 di-

27 1285 29 1340 i
119 1271 221 1351 misso,
244 1275 382 1338 Romam
405 1275 609 1339 comitiorum
635 1297 746 1340 caussa
769 1274 872 1339 rediit.
918 1273 1047 1338 Creavit
1068 1283 1306 1338 consu-comitia

27 1394 29 1432 ζ
117 1357 158 1422 les
174 1359 236 1424 Cn.
254 1360 401 1425 Baebium
418 1361 625 1446 Tamphilum
640 1373 672 1425 et
688 1361 728 1425 L.
745 1359 914 1424 AEmilium
932 1358 1092 1424 Paullum.
1110 1381 1184 1425 cum

120 1443 167 1509 M.
183 1445 320 1510 AEmilio
335 1447 461 1532 Lepido
480 1447 532 1511 hic
553 1447 654 1512 aedilis
668 1447 788 1511 curulis
802 1446 920 1510 fuerat:
943 1469 963 1510 a
977 1467 1042 1532 quo
1056 1447 1186 1511 consule

27 1571 31 1608 μ
118 1531 245 1616 quintus
260 1555 363 1599 annus
378 1547 457 1610 erat,
468 1556 568 1622 quum
582 1535 609 1598 is
623 1534 693 1617 ipse
704 1533 847 1618 Lepidus
860 1546 934 1619 post
947 1533 1027 1596 duas
1042 1532 1185 1618 repulsas

27 1635 31 1696 g
117 1619 227 1682 consul
250 1619 351 1684 factus
371 1634 462 1684 esset.
507 1621 666 1684 Praetores
688 1620 858 1684 indefecti
881 1618 925 1694 Q.
943 1618 1075 1683 Fulvius
1092 1618 1185 1684 Flac·

27 1747 30 1782 ,
118 1725 182 1783 cus,
200 1704 250 1770 Μ.
270 1706 412 1771 Valerius
432 1706 592 1782 Laevinus,
611 1706 686 1771 18Ρ.
703 1705 847 1770 Manlius
869 1705 994 1782 iterum,
1012 1704 1063 1769 Μ.
1080 1705 1184 1792 Ogul-

27 1813 29 1870 ,
118 1791 187 1855 nius
207 1791 331 1870 Gallus,
349 1793 389 1858 L.
407 1793 556 1858 cecilius
571 1793 705 1869 Denter,
723 1791 762 1856 C.
778 1791 949 1857 Terentius
964 1793 1054 1856 lstra.
1102 1793 1186 1877 Sup-

27 1921 28 1958 ,
118 1877 245 1978 plicatio
260 1892 403 1944 extremo
417 1900 503 1944 anno
518 1879 577 1943 fuit
591 1879 811 1980 prodigiorum
825 1900 951 1980 caussam
975 1877 1062 1978 quod
1076 1876 1103 1918 ¹⁹
1112 1901 1186 1943 sau·

116 1985 214 2127 tlt?
233 1964 1187 2138 ittl‘tllllulttfrttltttttlltitt.‘i²‘lz

116 2151 271 2202 nonanta
293 2137 407 2216 fuerat,
423 2161 539 2202 novam
562 2137 679 2202 editam
701 2161 719 2200 e
742 2137 823 2203 mari
844 2159 919 2202 esse.
965 2073 1185 2202 Hannibdlem
1251 2163 1253 2168 ·

115 2221 177 2288 hoc
199 2246 284 2289 anno
305 2225 420 2290 Antias
441 2225 583 2290 Valerius
604 2224 772 2288 decessisse
797 2236 910 2287 auctor
931 2235 988 2298 est,
1009 2225 1039 2286 le
1062 2224 1121 2288 atis
1143 2224 1185 2288 ad

114 2331 185 2373 earn
199 2333 267 2374 rem
284 2311 324 2376 ad
342 2312 487 2377 Prusiam
504 2312 617 2388 missis,
633 2323 751 2395 praeter
765 2308 807 2374 T.
824 2309 1013 2385 Quinctium
1030 2247 1185 2374 iglamini·

114 2417 203 2472 num‚
221 2398 324 2482 (cujus
339 2400 370 2462 in
394 2421 431 2463 ea
445 2420 481 2462 re
495 2397 618 2462 celebre
635 2410 682 2460 est
695 2395 826 2476 nomen)
842 2394 883 2459 L.
901 2395 1052 2480 Scipione
1066 2395 1185 2461 Asiati-

114 2503 153 2545 co
168 2495 201 2548 et
216 2483 254 2550 P.
272 2484 422 2570 Scipione
438 2485 563 2548 Nasica.

343 2619 357 2660 h
364 2626 497 2686 propraetor
507 2623 583 2669 Grou.
595 2622 663 2667 Crev.
760 2611 770 2650 ¹
777 2626 910 2682 propretor
919 2619 984 2667 uad.

149 2757 178 2798 lt
195 2752 348 2801 P.Mualr'aa
373 2753 471 2816 doum]
496 2755 635 2816 Suspicatus
666 2754 792 2816 reciperet:
811 2754 873 2814 quod
890 2753 947 2800 fecit
963 2760 1046 2816 postea
1056 2757 1082 2801 Ρ.
1095 2757 1186 2802 Lentu·

112 2815 226 2878 Sigonius
243 2819 267 2865 in
280 2824 339 2866 uota
349 2821 379 2868 ad
391 2835 411 2868 c.
426 2824 464 2868 16.
475 2820 492 2868 l.
504 2835 552 2881 seq.
569 2822 634 2867 huuc
665 2821 703 2868 lua
715 2821 784 2878 Sura,
795 2820 816 2866 is
830 2820 872 2880 qui
888 2824 976 2879 prator
991 2821 1087 2879 iterum,
1098 2835 1185 2868 consu-

114 2881 235 2929 Maulium
254 2899 304 2931 asae
323 2900 388 2944 eum,
405 2901 475 2946 quem
492 2887 633 2933 Plutarchus
665 2885 687 2930 le
707 2885 830 2942 Cicerone,
854 2885 918 2931 iuter
939 2882 1050 2934 catilina
1076 2887 1185 2934 conscios

111 2946 139 2992 in
149 2949 375 2998 catoneMauilium
383 2956 496 3010 vocat‚et
505 2953 535 2998 ab
543 2965 633 2998 eooau-
664 2955 741 2998 morte
751 2964 835 3012 poeuas
846 2950 918 2997 dedit.

111 3025 165 3059 sora
187 3021 272 3062 acuatu
298 3021 389 3064 motum
416 3031 467 3064 essa
488 3017 532 3075 ait,
556 3030 630 3076 quum
699 3023 727 3066 19
744 3011 1043 3078 Sanguine...p1uuse]
1064 3014 1127 3061 Vict.
1145 3029 1185 3062 co·

105 3075 159 3135 jam
182 3081 331 3128 consulatum
354 3083 482 3144 adepturos
505 3083 630 3129 videretur.
664 3083 708 3128 dex
718 3083 877 3145 sanguinem:
893 3086 918 3128 et
929 3081 964 3128 sic
976 3081 1036 3129 editi
1050 3086 1107 3129 aute
1117 3079 1185 3144 Sigo-

109 3143 184 3190 Hauc
201 3145 264 3192 anim
285 3149 411 3194 secundam
427 3153 553 3209 praeturam
569 3148 631 3209 peti-
663 3148 739 3197 nium.

109 3207 159 3254 issa
169 3209 242 3258 rideri
254 3217 342 3273 pateat,
353 3215 471 3262 stlocum
486 3214 630 3262 sanatorium
