<?xml version="1.0" encoding="UTF-8"?>
<!DOCTYPE html PUBLIC "-//W3C//DTD XHTML 1.0 Transitional//EN"
    "http://www.w3.org/TR/xhtml1/DTD/xhtml1-transitional.dtd">
<html xmlns="http://www.w3.org/1999/xhtml" xml:lang="en" lang="en">
 <head>
  <title>
</title>
<meta http-equiv="Content-Type" content="text/html;charset=utf-8" />
  <meta name='ocr-system' content='tesseract 3.04.00' />
  <meta name='ocr-capabilities' content='ocr_page ocr_carea ocr_par ocr_line ocrx_word'/>
</head>
<body>
  <div class='ocr_page' id='page_1' title='image "./tliviipatavinih04crevgoog_0464.png"; bbox 0 0 3082 4976; ppageno 0'>
   <div class='ocr_carea' id='block_1_1' title="bbox 509 125 1234 193">
    <p class='ocr_par' dir='ltr' id='par_1_1' title="bbox 509 125 1234 193">
     <span class='ocr_line' id='line_1_1' title="bbox 509 125 1234 193; baseline 0.008 -9"><span class='ocrx_word' id='word_1_1' title='bbox 509 125 602 184; x_wconf 89' lang='lat' dir='ltr'><strong>LIB.</strong></span> <span class='ocrx_word' id='word_1_2' title='bbox 631 125 697 186; x_wconf 76' lang='lat' dir='ltr'><strong>xl..</strong></span> <span class='ocrx_word' id='word_1_3' title='bbox 722 125 828 184; x_wconf 63' lang='lat' dir='ltr'><strong>cult</strong></span> <span class='ocrx_word' id='word_1_4' title='bbox 856 125 892 182; x_wconf 84' lang='lat' dir='ltr'><strong>V.</strong></span> <span class='ocrx_word' id='word_1_5' title='bbox 1175 131 1234 193; x_wconf 67' lang='grc' dir='ltr'><strong>4δῖ</strong></span> 
     </span>
    </p>
   </div>
   <div class='ocr_carea' id='block_1_2' title="bbox 151 286 1382 3842">
    <p class='ocr_par' dir='ltr' id='par_1_2' title="bbox 157 286 1382 1761">
     <span class='ocr_line' id='line_1_2' title="bbox 166 286 1382 376; baseline 0.002 -25"><span class='ocrx_word' id='word_1_6' title='bbox 166 291 237 352; x_wconf 84' lang='lat' dir='ltr'><strong>ru&#39;m</strong></span> <span class='ocrx_word' id='word_1_7' title='bbox 261 287 295 350; x_wconf 86' lang='lat' dir='ltr'><strong>in</strong></span> <span class='ocrx_word' id='word_1_8' title='bbox 316 286 484 353; x_wconf 74' lang='lat' dir='ltr'><strong>adreimm</strong></span> <span class='ocrx_word' id='word_1_9' title='bbox 497 293 629 372; x_wconf 71' lang='lat' dir='ltr'><strong>rentum</strong></span> <span class='ocrx_word' id='word_1_10' title='bbox 654 286 1120 376; x_wconf 73' lang='lat' dir='ltr'><strong>nequidquamcoatendutes</strong></span> <span class='ocrx_word' id='word_1_11' title='bbox 1135 309 1235 374; x_wconf 76' lang='lat' dir='ltr'><strong>propa</strong></span> <span class='ocrx_word' id='word_1_12' title='bbox 1243 301 1382 364; x_wconf 72' lang='lat' dir='ltr'><strong>uttam</strong></span> 
     </span>
     <span class='ocr_line' id='line_1_3' title="bbox 165 369 1382 464; baseline 0.004 -26"><span class='ocrx_word' id='word_1_13' title='bbox 165 388 286 438; x_wconf 80' lang='lat' dir='ltr'><strong>terram</strong></span> <span class='ocrx_word' id='word_1_14' title='bbox 312 373 367 438; x_wconf 85' lang='lat' dir='ltr'><strong>lux</strong></span> <span class='ocrx_word' id='word_1_15' title='bbox 390 375 548 460; x_wconf 68' lang='lat' dir='ltr'><strong>obpressit</strong></span> <span class='ocrx_word' id='word_1_16' title='bbox 555 380 570 438; x_wconf 82' lang='lat' dir='ltr'><strong>:I</strong></span> <span class='ocrx_word' id='word_1_17' title='bbox 588 377 723 464; x_wconf 77' lang='lat' dir='ltr'><strong>etregii,</strong></span> <span class='ocrx_word' id='word_1_18' title='bbox 739 379 972 462; x_wconf 73' lang='lat' dir='ltr'><strong>quipraeerant</strong></span> <span class='ocrx_word' id='word_1_19' title='bbox 982 375 1147 456; x_wconf 49' lang='lat' dir='ltr'><strong>&#39;ccmodiae</strong></span> <span class='ocrx_word' id='word_1_20' title='bbox 1159 369 1313 461; x_wconf 66' lang='lat' dir='ltr'><strong>pur-¹³³⁰·</strong></span> <span class='ocrx_word' id='word_1_21' title='bbox 1327 376 1382 420; x_wconf 74' lang='lat'><strong>¹⁸²·</strong></span> 
     </span>
     <span class='ocr_line' id='line_1_4' title="bbox 166 460 1235 548; baseline 0.001 -23"><span class='ocrx_word' id='word_1_22' title='bbox 166 474 228 537; x_wconf 84' lang='lat' dir='ltr'><strong>tus,</strong></span> <span class='ocrx_word' id='word_1_23' title='bbox 244 460 383 524; x_wconf 82' lang='lat' dir='ltr'><strong>lembum</strong></span> <span class='ocrx_word' id='word_1_24' title='bbox 401 465 564 526; x_wconf 76' lang='lat' dir='ltr'><strong>armatum</strong></span> <span class='ocrx_word' id='word_1_25' title='bbox 585 462 633 526; x_wconf 84' lang='lat' dir='ltr'><strong>ad.</strong></span> <span class='ocrx_word' id='word_1_26' title='bbox 649 462 894 548; x_wconf 82' lang='lat' dir='ltr'><strong>pertrahendam</strong></span> <span class='ocrx_word' id='word_1_27' title='bbox 917 483 988 526; x_wconf 76' lang='lat' dir='ltr'><strong>eam</strong></span> <span class='ocrx_word' id='word_1_28' title='bbox 1012 464 1118 526; x_wconf 76' lang='lat' dir='ltr'><strong>nauitn</strong></span> <span class='ocrx_word' id='word_1_29' title='bbox 1140 465 1235 527; x_wconf 74' lang='lat' dir='ltr'><strong>mise.</strong></span> 
     </span>
     <span class='ocr_line' id='line_1_5' title="bbox 167 547 1235 634; baseline 0.004 -24"><span class='ocrx_word' id='word_1_30' title='bbox 167 549 255 624; x_wconf 78' lang='lat' dir='ltr'><strong>mint,</strong></span> <span class='ocrx_word' id='word_1_31' title='bbox 277 569 353 611; x_wconf 87' lang='lat' dir='ltr'><strong>cnm</strong></span> <span class='ocrx_word' id='word_1_32' title='bbox 379 549 467 634; x_wconf 77' lang='lat' dir='ltr'><strong>gravi</strong></span> <span class='ocrx_word' id='word_1_33' title='bbox 490 549 605 626; x_wconf 86' lang='lat' dir='ltr'><strong>edicto,</strong></span> <span class='ocrx_word' id='word_1_34' title='bbox 629 571 670 613; x_wconf 91' lang='lat' dir='ltr'><strong>ne</strong></span> <span class='ocrx_word' id='word_1_35' title='bbox 695 559 928 630; x_wconf 80' lang='lat' dir='ltr'><strong>reverterentur</strong></span> <span class='ocrx_word' id='word_1_36' title='bbox 944 549 1016 612; x_wconf 81' lang='lat' dir='ltr'><strong>sine</strong></span> <span class='ocrx_word' id='word_1_37' title='bbox 1029 571 1078 630; x_wconf 78' lang='lat' dir='ltr'><strong>aa.</strong></span> <span class='ocrx_word' id='word_1_38' title='bbox 1123 547 1235 626; x_wconf 85' lang='lat' dir='ltr'><strong>Quum</strong></span> 
     </span>
     <span class='ocr_line' id='line_1_6' title="bbox 160 633 1235 721; baseline -0.001 -24"><span class='ocrx_word' id='word_1_39' title='bbox 160 633 554 720; x_wconf 81' lang='lat' dir='ltr'><strong>jamadpropichabant‚</strong></span> <span class='ocrx_word' id='word_1_40' title='bbox 574 635 815 721; x_wconf 71' lang='lat' dir='ltr'><strong>Ponsquidem</strong></span> <span class='ocrx_word' id='word_1_41' title='bbox 839 634 881 700; x_wconf 87' lang='lat' dir='ltr'><strong>ad</strong></span> <span class='ocrx_word' id='word_1_42' title='bbox 904 633 1119 699; x_wconf 76' lang='lat' dir='ltr'><strong>hortationem</strong></span> <span class='ocrx_word' id='word_1_43' title='bbox 1140 637 1235 700; x_wconf 72' lang='lat' dir='ltr'><strong>remi-</strong></span> 
     </span>
     <span class='ocr_line' id='line_1_7' title="bbox 167 721 1235 808; baseline 0.004 -26"><span class='ocrx_word' id='word_1_44' title='bbox 167 741 245 795; x_wconf 77' lang='lat' dir='ltr'><strong>gum</strong></span> <span class='ocrx_word' id='word_1_45' title='bbox 270 731 504 808; x_wconf 73' lang='lat' dir='ltr'><strong>nautarumque</strong></span> <span class='ocrx_word' id='word_1_46' title='bbox 523 723 670 788; x_wconf 87' lang='lat' dir='ltr'><strong>intentus</strong></span> <span class='ocrx_word' id='word_1_47' title='bbox 691 734 781 799; x_wconf 87' lang='lat' dir='ltr'><strong>crat;</strong></span> <span class='ocrx_word' id='word_1_48' title='bbox 802 721 964 786; x_wconf 77' lang='lat' dir='ltr'><strong>interdum</strong></span> <span class='ocrx_word' id='word_1_49' title='bbox 976 743 1092 786; x_wconf 84' lang='lat' dir='ltr'><strong>manua</strong></span> <span class='ocrx_word' id='word_1_50' title='bbox 1106 721 1150 786; x_wconf 86' lang='lat' dir='ltr'><strong>ad</strong></span> <span class='ocrx_word' id='word_1_51' title='bbox 1167 725 1235 787; x_wconf 68' lang='lat' dir='ltr'><strong>cres</strong></span> 
     </span>
     <span class='ocr_line' id='line_1_8' title="bbox 167 806 1233 894; baseline 0.001 -23"><span class='ocrx_word' id='word_1_52' title='bbox 167 807 234 871; x_wconf 87' lang='lat' dir='ltr'><strong>lum</strong></span> <span class='ocrx_word' id='word_1_53' title='bbox 256 807 506 886; x_wconf 63' lang='lat' dir='ltr'><strong>mundanalium,</strong></span> <span class='ocrx_word' id='word_1_54' title='bbox 524 807 689 874; x_wconf 82' lang='lat' dir='ltr'><strong>utlcrrcut</strong></span> <span class='ocrx_word' id='word_1_55' title='bbox 710 810 972 894; x_wconf 78' lang='lat' dir='ltr'><strong>cpem,&#39;orabat⁶.</strong></span> <span class='ocrx_word' id='word_1_56' title='bbox 993 806 1084 873; x_wconf 81' lang='lat' dir='ltr'><strong>ferox</strong></span> <span class='ocrx_word' id='word_1_57' title='bbox 1105 808 1233 875; x_wconf 84' lang='lat' dir='ltr'><strong>interim</strong></span> 
     </span>
     <span class='ocr_line' id='line_1_9' title="bbox 167 893 1234 982; baseline 0.004 -26"><span class='ocrx_word' id='word_1_58' title='bbox 167 893 296 970; x_wconf 85' lang='lat' dir='ltr'><strong>femiua,</strong></span> <span class='ocrx_word' id='word_1_59' title='bbox 319 894 365 958; x_wconf 88' lang='lat' dir='ltr'><strong>ad</strong></span> <span class='ocrx_word' id='word_1_60' title='bbox 386 897 584 960; x_wconf 85' lang='lat' dir='ltr'><strong>multoante</strong></span> <span class='ocrx_word' id='word_1_61' title='bbox 608 896 853 982; x_wconf 78' lang='lat' dir='ltr'><strong>praecogitatum</strong></span> <span class='ocrx_word' id='word_1_62' title='bbox 871 893 1166 971; x_wconf 74' lang='lat' dir='ltr'><strong>revolutafacinirs,</strong></span> <span class='ocrx_word' id='word_1_63' title='bbox 1180 917 1234 960; x_wconf 83' lang='lat' dir='ltr'><strong>ue·</strong></span> 
     </span>
     <span class='ocr_line' id='line_1_10' title="bbox 166 979 1234 1068; baseline 0.004 -26"><span class='ocrx_word' id='word_1_64' title='bbox 166 1001 285 1044; x_wconf 82' lang='lat' dir='ltr'><strong>nanum</strong></span> <span class='ocrx_word' id='word_1_65' title='bbox 312 980 417 1060; x_wconf 78' lang='lat' dir='ltr'><strong>diluit,</strong></span> <span class='ocrx_word' id='word_1_66' title='bbox 441 979 624 1068; x_wconf 85' lang='lat' dir='ltr'><strong>ferrumque</strong></span> <span class='ocrx_word' id='word_1_67' title='bbox 648 982 853 1066; x_wconf 75' lang='lat' dir='ltr'><strong>promittet,</strong></span> <span class='ocrx_word' id='word_1_68' title='bbox 879 983 985 1066; x_wconf 86' lang='lat' dir='ltr'><strong>posito</strong></span> <span class='ocrx_word' id='word_1_69' title='bbox 1006 982 1041 1044; x_wconf 89' lang='lat' dir='ltr'><strong>in</strong></span> <span class='ocrx_word' id='word_1_70' title='bbox 1062 995 1234 1066; x_wconf 79' lang='lat' dir='ltr'><strong>conspectu</strong></span> 
     </span>
     <span class='ocr_line' id='line_1_11' title="bbox 164 1066 1233 1156; baseline 0.005 -28"><span class='ocrx_word' id='word_1_71' title='bbox 164 1066 293 1151; x_wconf 83' lang='lat' dir='ltr'><strong>poculo,</strong></span> <span class='ocrx_word' id='word_1_72' title='bbox 316 1068 495 1154; x_wconf 75' lang='lat' dir='ltr'><strong>strictisque</strong></span> <span class='ocrx_word' id='word_1_73' title='bbox 517 1068 643 1156; x_wconf 79' lang='lat' dir='ltr'><strong>gladiis,</strong></span> <span class='ocrx_word' id='word_1_74' title='bbox 661 1067 762 1146; x_wconf 83' lang='lat' dir='ltr'><strong>Mors,</strong></span> <span class='ocrx_word' id='word_1_75' title='bbox 788 1067 903 1154; x_wconf 81' lang='lat' dir='ltr'><strong>inquit,</strong></span> <span class='ocrx_word' id='word_1_76' title='bbox 928 1089 992 1132; x_wconf 81' lang='lat' dir='ltr'><strong>aaa</strong></span> <span class='ocrx_word' id='word_1_77' title='bbox 1015 1070 1155 1132; x_wconf 64' lang='lat' dir='ltr'><strong>cicdntc</strong></span> <span class='ocrx_word' id='word_1_78' title='bbox 1177 1079 1233 1134; x_wconf 63' lang='lat' dir='ltr'><strong>esta</strong></span> 
     </span>
     <span class='ocr_line' id='line_1_12' title="bbox 169 1153 1233 1242; baseline 0.004 -26"><span class='ocrx_word' id='word_1_79' title='bbox 169 1153 234 1216; x_wconf 79' lang='lat' dir='ltr'><strong>Viae</strong></span> <span class='ocrx_word' id='word_1_80' title='bbox 248 1155 580 1224; x_wconf 74' lang='lat' dir='ltr'><strong>admortemdcesuntr</strong></span> <span class='ocrx_word' id='word_1_81' title='bbox 602 1155 1233 1242; x_wconf 39' lang='lat' dir='ltr'><strong>qaoquemqareaaimussert,vfftgiteme</strong></span> 
     </span>
     <span class='ocr_line' id='line_1_13' title="bbox 157 1240 1235 1326; baseline 0.005 -24"><span class='ocrx_word' id='word_1_82' title='bbox 157 1240 302 1322; x_wconf 69' lang='lat' dir='ltr'><strong>per-bium</strong></span> <span class='ocrx_word' id='word_1_83' title='bbox 325 1243 454 1326; x_wconf 81' lang='lat' dir='ltr'><strong>regiam.</strong></span> <span class='ocrx_word' id='word_1_84' title='bbox 499 1243 607 1326; x_wconf 81' lang='lat' dir='ltr'><strong>Agite,</strong></span> <span class='ocrx_word' id='word_1_85' title='bbox 620 1241 751 1326; x_wconf 72' lang='lat' dir='ltr'><strong>juvenes</strong></span> <span class='ocrx_word' id='word_1_86' title='bbox 771 1243 842 1316; x_wconf 72' lang='lat' dir='ltr'><strong>aei,</strong></span> <span class='ocrx_word' id='word_1_87' title='bbox 859 1243 1005 1324; x_wconf 83' lang='lat' dir='ltr'><strong>primum,</strong></span> <span class='ocrx_word' id='word_1_88' title='bbox 1029 1243 1084 1325; x_wconf 77' lang='lat' dir='ltr'><strong>qai</strong></span> <span class='ocrx_word' id='word_1_89' title='bbox 1104 1241 1235 1325; x_wconf 58' lang='lat' dir='ltr'><strong>meyerus</strong></span> 
     </span>
     <span class='ocr_line' id='line_1_14' title="bbox 163 1327 1233 1412; baseline 0.006 -24"><span class='ocrx_word' id='word_1_90' title='bbox 163 1328 246 1402; x_wconf 76' lang='lat' dir='ltr'><strong>eatis,</strong></span> <span class='ocrx_word' id='word_1_91' title='bbox 262 1328 512 1412; x_wconf 78' lang='lat' dir='ltr'><strong>capiteferanm;</strong></span> <span class='ocrx_word' id='word_1_92' title='bbox 536 1339 592 1392; x_wconf 76' lang='lat' dir='ltr'><strong>cat</strong></span> <span class='ocrx_word' id='word_1_93' title='bbox 605 1329 731 1392; x_wconf 59' lang='lat' dir='ltr'><strong>damme</strong></span> <span class='ocrx_word' id='word_1_94' title='bbox 739 1330 892 1410; x_wconf 72' lang='lat' dir='ltr'><strong>peccalum,</strong></span> <span class='ocrx_word' id='word_1_95' title='bbox 906 1329 1074 1411; x_wconf 77' lang='lat' dir='ltr'><strong>si&#39;rcgaior</strong></span> <span class='ocrx_word' id='word_1_96' title='bbox 1092 1327 1233 1412; x_wconf 69' lang='lat' dir='ltr'><strong>aursja-</strong></span> 
     </span>
     <span class='ocr_line' id='line_1_15' title="bbox 163 1413 1233 1492; baseline 0.002 -15"><span class='ocrx_word' id='word_1_97' title='bbox 163 1422 230 1478; x_wconf 72' lang='lat' dir='ltr'><strong>eat.</strong></span> <span class='ocrx_word' id='word_1_98' title='bbox 273 1413 434 1478; x_wconf 79' lang='lat' dir='ltr'><strong>Ethostcs</strong></span> <span class='ocrx_word' id='word_1_99' title='bbox 447 1413 591 1492; x_wconf 83' lang='lat' dir='ltr'><strong>aderant,</strong></span> <span class='ocrx_word' id='word_1_100' title='bbox 602 1426 755 1480; x_wconf 85' lang='lat' dir='ltr'><strong>etauctor</strong></span> <span class='ocrx_word' id='word_1_101' title='bbox 771 1413 881 1478; x_wconf 79' lang='lat' dir='ltr'><strong>mortis</strong></span> <span class='ocrx_word' id='word_1_102' title='bbox 896 1413 1047 1478; x_wconf 83' lang='lat' dir='ltr'><strong>instabat.</strong></span> <span class='ocrx_word' id='word_1_103' title='bbox 1089 1414 1154 1478; x_wconf 84' lang='lat' dir='ltr'><strong>Alii</strong></span> <span class='ocrx_word' id='word_1_104' title='bbox 1171 1415 1233 1479; x_wconf 80' lang='lat' dir='ltr'><strong>alic</strong></span> 
     </span>
     <span class='ocr_line' id='line_1_16' title="bbox 162 1498 1232 1585; baseline 0.002 -23"><span class='ocrx_word' id='word_1_105' title='bbox 162 1498 229 1562; x_wconf 90' lang='lat' dir='ltr'><strong>leto</strong></span> <span class='ocrx_word' id='word_1_106' title='bbox 243 1499 380 1564; x_wconf 86' lang='lat' dir='ltr'><strong>absumti</strong></span> <span class='ocrx_word' id='word_1_107' title='bbox 403 1501 601 1566; x_wconf 79' lang='lat' dir='ltr'><strong>semianimes</strong></span> <span class='ocrx_word' id='word_1_108' title='bbox 616 1523 729 1576; x_wconf 74' lang='lat' dir='ltr'><strong>enare</strong></span> <span class='ocrx_word' id='word_1_109' title='bbox 746 1500 998 1585; x_wconf 82' lang='lat' dir='ltr'><strong>praecipitantur.</strong></span> <span class='ocrx_word' id='word_1_110' title='bbox 1022 1501 1090 1584; x_wconf 86' lang='lat' dir='ltr'><strong>ipsa</strong></span> <span class='ocrx_word' id='word_1_111' title='bbox 1105 1500 1232 1578; x_wconf 79' lang='lat' dir='ltr'><strong>deiude,</strong></span> 
     </span>
     <span class='ocr_line' id='line_1_17' title="bbox 162 1585 1234 1673; baseline 0.004 -25"><span class='ocrx_word' id='word_1_112' title='bbox 162 1585 267 1650; x_wconf 84' lang='lat' dir='ltr'><strong>virum</strong></span> <span class='ocrx_word' id='word_1_113' title='bbox 285 1587 431 1652; x_wconf 85' lang='lat' dir='ltr'><strong>comitem</strong></span> <span class='ocrx_word' id='word_1_114' title='bbox 452 1588 564 1653; x_wconf 87' lang='lat' dir='ltr'><strong>mortis</strong></span> <span class='ocrx_word' id='word_1_115' title='bbox 579 1588 759 1673; x_wconf 84' lang='lat' dir='ltr'><strong>complexa,</strong></span> <span class='ocrx_word' id='word_1_116' title='bbox 774 1587 808 1650; x_wconf 89' lang='lat' dir='ltr'><strong>in</strong></span> <span class='ocrx_word' id='word_1_117' title='bbox 822 1608 911 1651; x_wconf 87' lang='lat' dir='ltr'><strong>mare</strong></span> <span class='ocrx_word' id='word_1_118' title='bbox 922 1609 991 1652; x_wconf 84' lang='lat' dir='ltr'><strong>sese</strong></span> <span class='ocrx_word' id='word_1_119' title='bbox 1004 1586 1130 1673; x_wconf 81' lang='lat' dir='ltr'><strong>dejecit.</strong></span> <span class='ocrx_word' id='word_1_120' title='bbox 1151 1608 1234 1654; x_wconf 82' lang='lat' dir='ltr'><strong>navo</strong></span> 
     </span>
     <span class='ocr_line' id='line_1_18' title="bbox 163 1673 1209 1761; baseline 0.006 -26"><span class='ocrx_word' id='word_1_121' title='bbox 163 1693 264 1736; x_wconf 84' lang='lat' dir='ltr'><strong>vacua</strong></span> <span class='ocrx_word' id='word_1_122' title='bbox 278 1673 416 1738; x_wconf 88' lang='lat' dir='ltr'><strong>dominis</strong></span> <span class='ocrx_word' id='word_1_123' title='bbox 430 1675 511 1761; x_wconf 86' lang='lat' dir='ltr'><strong>regii</strong></span> <span class='ocrx_word' id='word_1_124' title='bbox 524 1675 618 1760; x_wconf 83' lang='lat' dir='ltr'><strong>potiti</strong></span> <span class='ocrx_word' id='word_1_125' title='bbox 634 1687 716 1738; x_wconf 77' lang='lat' dir='ltr'><strong>cunt.</strong></span> <span class='ocrx_word' id='word_1_126' title='bbox 1166 1721 1170 1730; x_wconf 86' lang='lat'><strong>.</strong></span> <span class='ocrx_word' id='word_1_127' title='bbox 1207 1709 1209 1716; x_wconf 87' lang='lat'><em>·</em></span> 
     </span>
    </p>

    <p class='ocr_par' dir='ltr' id='par_1_3' title="bbox 151 1759 1380 3842">
     <span class='ocr_line' id='line_1_19' title="bbox 208 1759 1233 1846; baseline 0.003 -24"><span class='ocrx_word' id='word_1_128' title='bbox 208 1759 250 1823; x_wconf 89' lang='lat' dir='ltr'><strong>V.</strong></span> <span class='ocrx_word' id='word_1_129' title='bbox 274 1759 383 1846; x_wconf 83' lang='lat' dir='ltr'><strong>Hujus</strong></span> <span class='ocrx_word' id='word_1_130' title='bbox 408 1761 556 1829; x_wconf 81' lang='lat' dir='ltr'><strong>atrocitas</strong></span> <span class='ocrx_word' id='word_1_131' title='bbox 579 1761 727 1825; x_wconf 82' lang='lat' dir='ltr'><strong>facinoris</strong></span> <span class='ocrx_word' id='word_1_132' title='bbox 745 1781 864 1825; x_wconf 80' lang='lat' dir='ltr'><strong>noram</strong></span> <span class='ocrx_word' id='word_1_133' title='bbox 888 1759 974 1824; x_wconf 88' lang='lat' dir='ltr'><strong>velut</strong></span> <span class='ocrx_word' id='word_1_134' title='bbox 998 1761 1159 1824; x_wconf 85' lang='lat' dir='ltr'><strong>flammam</strong></span> <span class='ocrx_word' id='word_1_135' title='bbox 1182 1782 1233 1826; x_wconf 84' lang='lat' dir='ltr'><strong>re-</strong></span> 
     </span>
     <span class='ocr_line' id='line_1_20' title="bbox 161 1846 1232 1934; baseline 0.005 -26"><span class='ocrx_word' id='word_1_136' title='bbox 161 1847 215 1932; x_wconf 87' lang='lat' dir='ltr'><strong>gis</strong></span> <span class='ocrx_word' id='word_1_137' title='bbox 235 1847 365 1910; x_wconf 84' lang='lat' dir='ltr'><strong>inridiae</strong></span> <span class='ocrx_word' id='word_1_138' title='bbox 385 1847 513 1934; x_wconf 84' lang='lat' dir='ltr'><strong>adjecit,</strong></span> <span class='ocrx_word' id='word_1_139' title='bbox 527 1863 565 1912; x_wconf 91' lang='lat' dir='ltr'><strong>ut</strong></span> <span class='ocrx_word' id='word_1_140' title='bbox 579 1848 676 1934; x_wconf 83' lang='lat' dir='ltr'><strong>vulgo</strong></span> <span class='ocrx_word' id='word_1_141' title='bbox 689 1848 795 1932; x_wconf 88' lang='lat' dir='ltr'><strong>ipsum</strong></span> <span class='ocrx_word' id='word_1_142' title='bbox 811 1846 991 1932; x_wconf 81' lang='lat' dir='ltr'><strong>liberosque</strong></span> <span class='ocrx_word' id='word_1_143' title='bbox 1005 1848 1071 1932; x_wconf 85' lang='lat' dir='ltr'><strong>ejus</strong></span> <span class='ocrx_word' id='word_1_144' title='bbox 1085 1869 1232 1914; x_wconf 74' lang='lat' dir='ltr'><strong>exsecra·</strong></span> 
     </span>
     <span class='ocr_line' id='line_1_21' title="bbox 163 1933 1232 2020; baseline 0.006 -26"><span class='ocrx_word' id='word_1_145' title='bbox 163 1945 286 1997; x_wconf 88' lang='lat' dir='ltr'><strong>rentur.</strong></span> <span class='ocrx_word' id='word_1_146' title='bbox 309 1956 382 2020; x_wconf 86' lang='lat' dir='ltr'><strong>quae</strong></span> <span class='ocrx_word' id='word_1_147' title='bbox 397 1934 477 1999; x_wconf 82' lang='lat' dir='ltr'><strong>dirae</strong></span> <span class='ocrx_word' id='word_1_148' title='bbox 492 1935 580 1998; x_wconf 89' lang='lat' dir='ltr'><strong>brevi</strong></span> <span class='ocrx_word' id='word_1_149' title='bbox 591 1936 632 1998; x_wconf 85' lang='lat' dir='ltr'><strong>ab</strong></span> <span class='ocrx_word' id='word_1_150' title='bbox 646 1933 796 2002; x_wconf 80' lang='lat' dir='ltr'><strong>amnibus</strong></span> <span class='ocrx_word' id='word_1_151' title='bbox 811 1933 885 1998; x_wconf 80' lang='lat' dir='ltr'><strong>Diis</strong></span> <span class='ocrx_word' id='word_1_152' title='bbox 899 1934 1073 2015; x_wconf 69' lang='lat' dir='ltr'><strong>exauditae,</strong></span> <span class='ocrx_word' id='word_1_153' title='bbox 1089 1947 1126 2000; x_wconf 87' lang='lat' dir='ltr'><strong>ut</strong></span> <span class='ocrx_word' id='word_1_154' title='bbox 1141 1935 1232 2000; x_wconf 80' lang='lat' dir='ltr'><strong>soavi-.-</strong></span> 
     </span>
     <span class='ocr_line' id='line_1_22' title="bbox 161 2020 1354 2116; baseline 0.001 -33"><span class='ocrx_word' id='word_1_155' title='bbox 161 2033 212 2084; x_wconf 86' lang='lat' dir='ltr'><strong>ret</strong></span> <span class='ocrx_word' id='word_1_156' title='bbox 241 2022 309 2104; x_wconf 79' lang='lat' dir='ltr'><strong>ipse</strong></span> <span class='ocrx_word' id='word_1_157' title='bbox 337 2021 370 2083; x_wconf 93' lang='lat' dir='ltr'><strong>in</strong></span> <span class='ocrx_word' id='word_1_158' title='bbox 399 2041 503 2100; x_wconf 41' lang='lat' dir='ltr'><strong>auum.</strong></span> <span class='ocrx_word' id='word_1_159' title='bbox 523 2021 721 2116; x_wconf 78' lang='lat' dir='ltr'><strong>sanguinem,</strong></span> <span class='ocrx_word' id='word_1_160' title='bbox 747 2021 931 2086; x_wconf 83' lang='lat' dir='ltr'><strong>effecerunt.</strong></span> <span class='ocrx_word' id='word_1_161' title='bbox 976 2020 1112 2086; x_wconf 85' lang='lat' dir='ltr'><strong>Perseus</strong></span> <span class='ocrx_word' id='word_1_162' title='bbox 1132 2022 1354 2099; x_wconf 55' lang='lat' dir='ltr'><strong>animumn„</strong></span> 
     </span>
     <span class='ocr_line' id='line_1_23' title="bbox 162 2107 1380 2195; baseline 0.002 -26"><span class='ocrx_word' id='word_1_163' title='bbox 162 2126 263 2192; x_wconf 84' lang='lat' dir='ltr'><strong>quum</strong></span> <span class='ocrx_word' id='word_1_164' title='bbox 278 2107 311 2169; x_wconf 91' lang='lat' dir='ltr'><strong>in</strong></span> <span class='ocrx_word' id='word_1_165' title='bbox 328 2107 393 2171; x_wconf 82' lang='lat' dir='ltr'><strong>dies</strong></span> <span class='ocrx_word' id='word_1_166' title='bbox 406 2107 667 2194; x_wconf 80' lang='lat' dir='ltr'><strong>aragisoeraeret</strong></span> <span class='ocrx_word' id='word_1_167' title='bbox 689 2107 830 2172; x_wconf 80' lang='lat' dir='ltr'><strong>favorem</strong></span> <span class='ocrx_word' id='word_1_168' title='bbox 844 2107 1094 2195; x_wconf 81' lang='lat' dir='ltr'><strong>dignitatemque</strong></span> <span class='ocrx_word' id='word_1_169' title='bbox 1109 2107 1340 2193; x_wconf 54' lang='lat' dir='ltr'><strong>necassetue,</strong></span> <span class='ocrx_word' id='word_1_170' title='bbox 1360 2119 1380 2156; x_wconf 89' lang='grc'><strong>-’</strong></span> 
     </span>
     <span class='ocr_line' id='line_1_24' title="bbox 159 2181 1362 2283; baseline 0.002 -27"><span class='ocrx_word' id='word_1_171' title='bbox 159 2193 215 2256; x_wconf 86' lang='lat' dir='ltr'><strong>trii</strong></span> <span class='ocrx_word' id='word_1_172' title='bbox 230 2193 335 2274; x_wconf 77' lang='lat' dir='ltr'><strong>fratris</strong></span> <span class='ocrx_word' id='word_1_173' title='bbox 352 2194 444 2278; x_wconf 77' lang='lat' dir='ltr'><strong>aptrd</strong></span> <span class='ocrx_word' id='word_1_174' title='bbox 459 2195 674 2258; x_wconf 82' lang='lat' dir='ltr'><strong>Macedonum</strong></span> <span class='ocrx_word' id='word_1_175' title='bbox 689 2193 927 2274; x_wconf 75' lang='lat' dir='ltr'><strong>multitudinem</strong></span> <span class='ocrx_word' id='word_1_176' title='bbox 942 2215 1095 2271; x_wconf 71' lang='lat' dir='ltr'><strong>merome,</strong></span> <span class='ocrx_word' id='word_1_177' title='bbox 1111 2208 1143 2258; x_wconf 87' lang='lat' dir='ltr'><strong>et</strong></span> <span class='ocrx_word' id='word_1_178' title='bbox 1156 2181 1362 2283; x_wconf 36' lang='lat' dir='ltr'><strong>gra-⁰⁰⁸⁸&amp;</strong></span> 
     </span>
     <span class='ocr_line' id='line_1_25' title="bbox 158 2279 1232 2365; baseline 0.005 -23"><span class='ocrx_word' id='word_1_179' title='bbox 158 2280 345 2365; x_wconf 81' lang='lat' dir='ltr'><strong>tium-apud</strong></span> <span class='ocrx_word' id='word_1_180' title='bbox 370 2282 547 2358; x_wconf 82' lang='lat' dir='ltr'><strong>Romanos,</strong></span> <span class='ocrx_word' id='word_1_181' title='bbox 562 2281 621 2345; x_wconf 67' lang='lat' dir='ltr'><strong>sitsi</strong></span> <span class='ocrx_word' id='word_1_182' title='bbox 636 2303 723 2365; x_wconf 83' lang='lat' dir='ltr'><strong>apem</strong></span> <span class='ocrx_word' id='word_1_183' title='bbox 738 2279 859 2343; x_wconf 86' lang='lat' dir='ltr'><strong>nullam</strong></span> <span class='ocrx_word' id='word_1_184' title='bbox 877 2281 966 2364; x_wconf 79' lang='lat' dir='ltr'><strong>regni</strong></span> <span class='ocrx_word' id='word_1_185' title='bbox 980 2301 1157 2364; x_wconf 70' lang='lat' dir='ltr'><strong>superasse,</strong></span> <span class='ocrx_word' id='word_1_186' title='bbox 1171 2283 1232 2348; x_wconf 85' lang='lat' dir='ltr'><strong>nisi</strong></span> 
     </span>
     <span class='ocr_line' id='line_1_26' title="bbox 161 2367 1231 2446; baseline 0.006 -17"><span class='ocrx_word' id='word_1_187' title='bbox 161 2370 194 2429; x_wconf 85' lang='lat' dir='ltr'><strong>in</strong></span> <span class='ocrx_word' id='word_1_188' title='bbox 222 2367 349 2444; x_wconf 82' lang='lat' dir='ltr'><strong>scelere,</strong></span> <span class='ocrx_word' id='word_1_189' title='bbox 374 2380 470 2445; x_wconf 83' lang='lat' dir='ltr'><strong>ratus,</strong></span> <span class='ocrx_word' id='word_1_190' title='bbox 487 2367 528 2430; x_wconf 88' lang='lat' dir='ltr'><strong>ad</strong></span> <span class='ocrx_word' id='word_1_191' title='bbox 546 2367 588 2431; x_wconf 91' lang='lat' dir='ltr'><strong>id</strong></span> <span class='ocrx_word' id='word_1_192' title='bbox 615 2389 713 2432; x_wconf 89' lang='lat' dir='ltr'><strong>unum</strong></span> <span class='ocrx_word' id='word_1_193' title='bbox 736 2387 848 2430; x_wconf 80' lang='lat' dir='ltr'><strong>omues</strong></span> <span class='ocrx_word' id='word_1_194' title='bbox 862 2367 1069 2446; x_wconf 76' lang='lat' dir='ltr'><strong>cogitationes</strong></span> <span class='ocrx_word' id='word_1_195' title='bbox 1084 2367 1231 2437; x_wconf 82' lang='lat' dir='ltr'><strong>intendit.</strong></span> 
     </span>
     <span class='ocr_line' id='line_1_27' title="bbox 161 2451 1233 2541; baseline 0.002 -24"><span class='ocrx_word' id='word_1_196' title='bbox 161 2455 301 2518; x_wconf 80' lang='lat' dir='ltr'><strong>ceterum</strong></span> <span class='ocrx_word' id='word_1_197' title='bbox 324 2475 423 2541; x_wconf 89' lang='lat' dir='ltr'><strong>quum</strong></span> <span class='ocrx_word' id='word_1_198' title='bbox 440 2475 527 2518; x_wconf 83' lang='lat' dir='ltr'><strong>sene</strong></span> <span class='ocrx_word' id='word_1_199' title='bbox 541 2453 583 2519; x_wconf 89' lang='lat' dir='ltr'><strong>ad</strong></span> <span class='ocrx_word' id='word_1_200' title='bbox 598 2453 631 2518; x_wconf 95' lang='lat' dir='ltr'><strong>id</strong></span> <span class='ocrx_word' id='word_1_201' title='bbox 646 2453 786 2540; x_wconf 84' lang='lat' dir='ltr'><strong>quidem,</strong></span> <span class='ocrx_word' id='word_1_202' title='bbox 802 2453 889 2537; x_wconf 89' lang='lat' dir='ltr'><strong>quod</strong></span> <span class='ocrx_word' id='word_1_203' title='bbox 905 2451 1089 2516; x_wconf 80' lang='lat' dir='ltr'><strong>nmuliebri</strong></span> <span class='ocrx_word' id='word_1_204' title='bbox 1108 2455 1233 2541; x_wconf 84' lang='lat' dir='ltr'><strong>cogita·-</strong></span> 
     </span>
     <span class='ocr_line' id='line_1_28' title="bbox 161 2539 1229 2626; baseline 0.005 -22"><span class='ocrx_word' id='word_1_205' title='bbox 161 2542 217 2604; x_wconf 82' lang='lat' dir='ltr'><strong>bat</strong></span> <span class='ocrx_word' id='word_1_206' title='bbox 232 2541 349 2617; x_wconf 86' lang='lat' dir='ltr'><strong>animo,</strong></span> <span class='ocrx_word' id='word_1_207' title='bbox 362 2541 437 2607; x_wconf 86' lang='lat' dir='ltr'><strong>sutis</strong></span> <span class='ocrx_word' id='word_1_208' title='bbox 452 2561 509 2624; x_wconf 80' lang='lat' dir='ltr'><strong>per</strong></span> <span class='ocrx_word' id='word_1_209' title='bbox 522 2563 557 2604; x_wconf 81' lang='lat' dir='ltr'><strong>ae</strong></span> <span class='ocrx_word' id='word_1_210' title='bbox 572 2540 711 2605; x_wconf 90' lang='lat' dir='ltr'><strong>validum</strong></span> <span class='ocrx_word' id='word_1_211' title='bbox 727 2539 880 2618; x_wconf 78' lang='lat' dir='ltr'><strong>crederet,</strong></span> <span class='ocrx_word' id='word_1_212' title='bbox 895 2539 1037 2626; x_wconf 83' lang='lat' dir='ltr'><strong>singulos</strong></span> <span class='ocrx_word' id='word_1_213' title='bbox 1048 2541 1229 2609; x_wconf 80' lang='lat' dir='ltr'><strong>amicorum</strong></span> 
     </span>
     <span class='ocr_line' id='line_1_29' title="bbox 158 2625 1230 2714; baseline 0.002 -24"><span class='ocrx_word' id='word_1_214' title='bbox 158 2627 260 2710; x_wconf 85' lang='lat' dir='ltr'><strong>patris</strong></span> <span class='ocrx_word' id='word_1_215' title='bbox 283 2639 408 2692; x_wconf 82' lang='lat' dir='ltr'><strong>tentare</strong></span> <span class='ocrx_word' id='word_1_216' title='bbox 432 2627 631 2691; x_wconf 72' lang='lat' dir='ltr'><strong>sermonibus</strong></span> <span class='ocrx_word' id='word_1_217' title='bbox 653 2626 815 2712; x_wconf 79' lang='lat' dir='ltr'><strong>perplexis</strong></span> <span class='ocrx_word' id='word_1_218' title='bbox 838 2625 963 2690; x_wconf 84' lang='lat' dir='ltr'><strong>institit.</strong></span> <span class='ocrx_word' id='word_1_219' title='bbox 983 2639 1018 2690; x_wconf 83' lang='lat' dir='ltr'><strong>ct</strong></span> <span class='ocrx_word' id='word_1_220' title='bbox 1039 2627 1144 2711; x_wconf 83' lang='lat' dir='ltr'><strong>primo</strong></span> <span class='ocrx_word' id='word_1_221' title='bbox 1159 2631 1230 2714; x_wconf 91' lang='lat' dir='ltr'><strong>qui·</strong></span> 
     </span>
     <span class='ocr_line' id='line_1_30' title="bbox 157 2713 1229 2800; baseline 0.002 -24"><span class='ocrx_word' id='word_1_222' title='bbox 157 2715 233 2776; x_wconf 87' lang='lat' dir='ltr'><strong>dam</strong></span> <span class='ocrx_word' id='word_1_223' title='bbox 249 2735 288 2778; x_wconf 82' lang='lat' dir='ltr'><strong>ex</strong></span> <span class='ocrx_word' id='word_1_224' title='bbox 302 2713 352 2777; x_wconf 83' lang='lat' dir='ltr'><strong>his</strong></span> <span class='ocrx_word' id='word_1_225' title='bbox 367 2713 626 2800; x_wconf 80' lang='lat' dir='ltr'><strong>adspernautium</strong></span> <span class='ocrx_word' id='word_1_226' title='bbox 642 2713 705 2777; x_wconf 89' lang='lat' dir='ltr'><strong>tale</strong></span> <span class='ocrx_word' id='word_1_227' title='bbox 724 2713 899 2799; x_wconf 71' lang='lat' dir='ltr'><strong>quidquam</strong></span> <span class='ocrx_word' id='word_1_228' title='bbox 924 2715 1059 2796; x_wconf 80' lang='lat' dir='ltr'><strong>speeiem</strong></span> <span class='ocrx_word' id='word_1_229' title='bbox 1079 2714 1229 2797; x_wconf 64' lang='lat' dir='ltr'><strong>ambuc-</strong></span> 
     </span>
     <span class='ocr_line' id='line_1_31' title="bbox 160 2798 1229 2886; baseline 0 -22"><span class='ocrx_word' id='word_1_230' title='bbox 160 2814 247 2878; x_wconf 87' lang='lat' dir='ltr'><strong>runt,</strong></span> <span class='ocrx_word' id='word_1_231' title='bbox 259 2801 346 2886; x_wconf 85' lang='lat' dir='ltr'><strong>quia</strong></span> <span class='ocrx_word' id='word_1_232' title='bbox 369 2801 439 2886; x_wconf 84' lang='lat' dir='ltr'><strong>plus</strong></span> <span class='ocrx_word' id='word_1_233' title='bbox 461 2801 503 2863; x_wconf 82' lang='lat' dir='ltr'><strong>iu¹</strong></span> <span class='ocrx_word' id='word_1_234' title='bbox 521 2799 691 2866; x_wconf 82' lang='lat' dir='ltr'><strong>Demetrio</strong></span> <span class='ocrx_word' id='word_1_235' title='bbox 714 2799 783 2883; x_wconf 89' lang='lat' dir='ltr'><strong>spei</strong></span> <span class='ocrx_word' id='word_1_236' title='bbox 807 2799 980 2882; x_wconf 84' lang='lat' dir='ltr'><strong>ponebant.</strong></span> <span class='ocrx_word' id='word_1_237' title='bbox 1000 2798 1129 2878; x_wconf 83' lang='lat' dir='ltr'><strong>deinde,</strong></span> <span class='ocrx_word' id='word_1_238' title='bbox 1144 2821 1229 2864; x_wconf 79' lang='lat' dir='ltr'><strong>crea-</strong></span> 
     </span>
     <span class='ocr_line' id='line_1_32' title="bbox 158 2883 1231 2973; baseline 0.004 -25"><span class='ocrx_word' id='word_1_239' title='bbox 158 2901 252 2950; x_wconf 87' lang='lat' dir='ltr'><strong>cente</strong></span> <span class='ocrx_word' id='word_1_240' title='bbox 267 2888 299 2950; x_wconf 92' lang='lat' dir='ltr'><strong>in</strong></span> <span class='ocrx_word' id='word_1_241' title='bbox 315 2885 382 2950; x_wconf 81' lang='lat' dir='ltr'><strong>dies</strong></span> <span class='ocrx_word' id='word_1_242' title='bbox 399 2886 540 2973; x_wconf 87' lang='lat' dir='ltr'><strong>Philippi</strong></span> <span class='ocrx_word' id='word_1_243' title='bbox 562 2887 638 2951; x_wconf 89' lang='lat' dir='ltr'><strong>odio</strong></span> <span class='ocrx_word' id='word_1_244' title='bbox 654 2888 686 2950; x_wconf 90' lang='lat' dir='ltr'><strong>in</strong></span> <span class='ocrx_word' id='word_1_245' title='bbox 703 2887 878 2963; x_wconf 86' lang='lat' dir='ltr'><strong>Romanos,</strong></span> <span class='ocrx_word' id='word_1_246' title='bbox 892 2885 948 2948; x_wconf 90' lang='lat' dir='ltr'><strong>cui</strong></span> <span class='ocrx_word' id='word_1_247' title='bbox 964 2885 1099 2949; x_wconf 74' lang='lat' dir='ltr'><strong>Ferreus</strong></span> <span class='ocrx_word' id='word_1_248' title='bbox 1122 2883 1231 2960; x_wconf 64' lang='lat' dir='ltr'><strong>indul=</strong></span> 
     </span>
     <span class='ocr_line' id='line_1_33' title="bbox 157 2971 1228 3060; baseline 0.002 -24"><span class='ocrx_word' id='word_1_249' title='bbox 157 2986 258 3060; x_wconf 73' lang='lat' dir='ltr'><strong>gerat,</strong></span> <span class='ocrx_word' id='word_1_250' title='bbox 286 2972 470 3038; x_wconf 82' lang='lat' dir='ltr'><strong>Demetrius</strong></span> <span class='ocrx_word' id='word_1_251' title='bbox 499 2995 622 3037; x_wconf 87' lang='lat' dir='ltr'><strong>summa</strong></span> <span class='ocrx_word' id='word_1_252' title='bbox 651 2995 714 3056; x_wconf 92' lang='lat' dir='ltr'><strong>ope</strong></span> <span class='ocrx_word' id='word_1_253' title='bbox 737 2971 969 3049; x_wconf 78' lang='lat' dir='ltr'><strong>adversaretur,</strong></span> <span class='ocrx_word' id='word_1_254' title='bbox 998 2973 1228 3056; x_wconf 79' lang='lat' dir='ltr'><strong>prospieientes</strong></span> 
     </span>
     <span class='ocr_line' id='line_1_34' title="bbox 159 3057 1227 3145; baseline 0.002 -23"><span class='ocrx_word' id='word_1_255' title='bbox 159 3059 271 3124; x_wconf 86' lang='lat' dir='ltr'><strong>animo</strong></span> <span class='ocrx_word' id='word_1_256' title='bbox 294 3061 418 3124; x_wconf 86' lang='lat' dir='ltr'><strong>exitum</strong></span> <span class='ocrx_word' id='word_1_257' title='bbox 445 3061 563 3125; x_wconf 87' lang='lat' dir='ltr'><strong>incauti</strong></span> <span class='ocrx_word' id='word_1_258' title='bbox 584 3083 604 3124; x_wconf 92' lang='lat' dir='ltr'><strong>a</strong></span> <span class='ocrx_word' id='word_1_259' title='bbox 625 3057 902 3126; x_wconf 79' lang='lat' dir='ltr'><strong>fraudel&#39;raterna</strong></span> <span class='ocrx_word' id='word_1_260' title='bbox 917 3060 1057 3145; x_wconf 82' lang='lat' dir='ltr'><strong>juvenis,</strong></span> <span class='ocrx_word' id='word_1_261' title='bbox 1071 3059 1227 3145; x_wconf 78' lang='lat' dir='ltr'><strong>adjuvau-</strong></span> 
     </span>
     <span class='ocr_line' id='line_1_35' title="bbox 158 3145 1227 3233; baseline 0.002 -24"><span class='ocrx_word' id='word_1_262' title='bbox 158 3145 249 3226; x_wconf 84' lang='lat' dir='ltr'><strong>dum,</strong></span> <span class='ocrx_word' id='word_1_263' title='bbox 267 3148 355 3233; x_wconf 87' lang='lat' dir='ltr'><strong>quod</strong></span> <span class='ocrx_word' id='word_1_264' title='bbox 367 3145 511 3211; x_wconf 80' lang='lat' dir='ltr'><strong>fut-urum</strong></span> <span class='ocrx_word' id='word_1_265' title='bbox 528 3159 606 3222; x_wconf 86' lang='lat' dir='ltr'><strong>erat,</strong></span> <span class='ocrx_word' id='word_1_266' title='bbox 617 3146 693 3223; x_wconf 84' lang='lat' dir='ltr'><strong>rati,</strong></span> <span class='ocrx_word' id='word_1_267' title='bbox 708 3145 941 3232; x_wconf 83' lang='lat' dir='ltr'><strong>fovendamque</strong></span> <span class='ocrx_word' id='word_1_268' title='bbox 957 3165 1050 3230; x_wconf 79' lang='lat' dir='ltr'><strong>spem</strong></span> <span class='ocrx_word' id='word_1_269' title='bbox 1063 3147 1227 3230; x_wconf 82' lang='lat' dir='ltr'><strong>putentiu-</strong></span> 
     </span>
     <span class='ocr_line' id='line_1_36' title="bbox 158 3232 1344 3319; baseline 0.003 -23"><span class='ocrx_word' id='word_1_270' title='bbox 158 3232 214 3313; x_wconf 85' lang='lat' dir='ltr'><strong>ris,</strong></span> <span class='ocrx_word' id='word_1_271' title='bbox 239 3234 353 3298; x_wconf 84' lang='lat' dir='ltr'><strong>Perseo</strong></span> <span class='ocrx_word' id='word_1_272' title='bbox 377 3235 415 3296; x_wconf 72' lang='lat' dir='ltr'><strong>se&#39;</strong></span> <span class='ocrx_word' id='word_1_273' title='bbox 438 3233 626 3319; x_wconf 77' lang='lat' dir='ltr'><strong>adjungunt.</strong></span> <span class='ocrx_word' id='word_1_274' title='bbox 647 3232 788 3297; x_wconf 79' lang='lat' dir='ltr'><strong>1’catera</strong></span> <span class='ocrx_word' id='word_1_275' title='bbox 811 3233 845 3295; x_wconf 91' lang='lat' dir='ltr'><strong>in</strong></span> <span class='ocrx_word' id='word_1_276' title='bbox 869 3253 963 3296; x_wconf 85' lang='lat' dir='ltr'><strong>suum</strong></span> <span class='ocrx_word' id='word_1_277' title='bbox 986 3253 1122 3319; x_wconf 84' lang='lat' dir='ltr'><strong>quaeqne</strong></span> <span class='ocrx_word' id='word_1_278' title='bbox 1140 3246 1228 3298; x_wconf 83' lang='lat' dir='ltr'><strong>tem·</strong></span> <span class='ocrx_word' id='word_1_279' title='bbox 1342 3301 1344 3311; x_wconf 57' lang='grc'><strong><em>,</em></strong></span> 
     </span>
     <span class='ocr_line' id='line_1_37' title="bbox 157 3319 1227 3406; baseline 0.002 -24"><span class='ocrx_word' id='word_1_280' title='bbox 157 3341 219 3404; x_wconf 80' lang='lat' dir='ltr'><strong>pus</strong></span> <span class='ocrx_word' id='word_1_281' title='bbox 233 3319 358 3406; x_wconf 82' lang='lat' dir='ltr'><strong>agenda</strong></span> <span class='ocrx_word' id='word_1_282' title='bbox 372 3319 534 3385; x_wconf 83' lang='lat' dir='ltr'><strong>differunt.</strong></span> <span class='ocrx_word' id='word_1_283' title='bbox 556 3321 589 3384; x_wconf 90' lang='lat' dir='ltr'><strong>in</strong></span> <span class='ocrx_word' id='word_1_284' title='bbox 605 3319 776 3402; x_wconf 67' lang='lat' dir='ltr'><strong>prasentia</strong></span> <span class='ocrx_word' id='word_1_285' title='bbox 789 3319 903 3402; x_wconf 84' lang='lat' dir='ltr'><strong>placet,</strong></span> <span class='ocrx_word' id='word_1_286' title='bbox 919 3319 1007 3384; x_wconf 86' lang='lat' dir='ltr'><strong>omni</strong></span> <span class='ocrx_word' id='word_1_287' title='bbox 1022 3341 1085 3401; x_wconf 80' lang='lat' dir='ltr'><strong>ope</strong></span> <span class='ocrx_word' id='word_1_288' title='bbox 1106 3321 1140 3383; x_wconf 88' lang='lat' dir='ltr'><strong>in</strong></span> <span class='ocrx_word' id='word_1_289' title='bbox 1159 3321 1227 3384; x_wconf 83' lang='lat' dir='ltr'><strong>Ro-</strong></span> 
     </span>
     <span class='ocr_line' id='line_1_38' title="bbox 158 3405 1229 3494; baseline 0.004 -26"><span class='ocrx_word' id='word_1_290' title='bbox 158 3427 271 3471; x_wconf 86' lang='lat' dir='ltr'><strong>manos</strong></span> <span class='ocrx_word' id='word_1_291' title='bbox 293 3406 423 3470; x_wconf 87' lang='lat' dir='ltr'><strong>accendi</strong></span> <span class='ocrx_word' id='word_1_292' title='bbox 446 3427 565 3494; x_wconf 87' lang='lat' dir='ltr'><strong>regern,</strong></span> <span class='ocrx_word' id='word_1_293' title='bbox 579 3407 752 3492; x_wconf 87' lang='lat' dir='ltr'><strong>inpellique</strong></span> <span class='ocrx_word' id='word_1_294' title='bbox 775 3407 814 3470; x_wconf 83' lang='lat' dir='ltr'><strong>ad</strong></span> <span class='ocrx_word' id='word_1_295' title='bbox 836 3405 1074 3488; x_wconf 84' lang='lat' dir='ltr'><strong>consiliabelli‚</strong></span> <span class='ocrx_word' id='word_1_296' title='bbox 1090 3407 1133 3471; x_wconf 89' lang='lat' dir='ltr'><strong>ad</strong></span> <span class='ocrx_word' id='word_1_297' title='bbox 1153 3429 1229 3494; x_wconf 79' lang='lat' dir='ltr'><strong>quaa</strong></span> 
     </span>
     <span class='ocr_line' id='line_1_39' title="bbox 151 3492 1371 3580; baseline 0.002 -23"><span class='ocrx_word' id='word_1_298' title='bbox 151 3494 222 3580; x_wconf 79' lang='lat' dir='ltr'><strong>jann</strong></span> <span class='ocrx_word' id='word_1_299' title='bbox 248 3513 305 3558; x_wconf 82' lang='lat' dir='ltr'><strong>sua</strong></span> <span class='ocrx_word' id='word_1_300' title='bbox 325 3505 440 3578; x_wconf 66' lang='lat' dir='ltr'><strong>&#39;sponte</strong></span> <span class='ocrx_word' id='word_1_301' title='bbox 464 3495 607 3557; x_wconf 86' lang='lat' dir='ltr'><strong>animum</strong></span> <span class='ocrx_word' id='word_1_302' title='bbox 626 3493 816 3557; x_wconf 74' lang='lat' dir='ltr'><strong>inclinasset.</strong></span> <span class='ocrx_word' id='word_1_303' title='bbox 861 3492 976 3570; x_wconf 87' lang='lat' dir='ltr'><strong>Simul,</strong></span> <span class='ocrx_word' id='word_1_304' title='bbox 991 3506 1028 3558; x_wconf 93' lang='lat' dir='ltr'><strong>ut</strong></span> <span class='ocrx_word' id='word_1_305' title='bbox 1042 3494 1227 3559; x_wconf 83' lang='lat' dir='ltr'><strong>Demetrius</strong></span> <span class='ocrx_word' id='word_1_306' title='bbox 1236 3510 1371 3560; x_wconf 73' lang='lat' dir='ltr'><strong>Demetrius</strong></span> 
     </span>
     <span class='ocr_line' id='line_1_40' title="bbox 159 3577 1368 3666; baseline -0.002 -22"><span class='ocrx_word' id='word_1_307' title='bbox 159 3582 192 3644; x_wconf 92' lang='lat' dir='ltr'><strong>in</strong></span> <span class='ocrx_word' id='word_1_308' title='bbox 215 3581 281 3644; x_wconf 84' lang='lat' dir='ltr'><strong>dies</strong></span> <span class='ocrx_word' id='word_1_309' title='bbox 302 3580 479 3666; x_wconf 81' lang='lat' dir='ltr'><strong>suspectior</strong></span> <span class='ocrx_word' id='word_1_310' title='bbox 498 3593 590 3657; x_wconf 51' lang='lat' dir='ltr'><strong>¹ascet,</strong></span> <span class='ocrx_word' id='word_1_311' title='bbox 607 3602 647 3644; x_wconf 89' lang='lat' dir='ltr'><strong>ex</strong></span> <span class='ocrx_word' id='word_1_312' title='bbox 672 3581 849 3664; x_wconf 86' lang='lat' dir='ltr'><strong>composito</strong></span> <span class='ocrx_word' id='word_1_313' title='bbox 870 3601 1030 3644; x_wconf 85' lang='lat' dir='ltr'><strong>sermones</strong></span> <span class='ocrx_word' id='word_1_314' title='bbox 1050 3580 1125 3645; x_wconf 69' lang='lat' dir='ltr'><strong>1³ad</strong></span> <span class='ocrx_word' id='word_1_315' title='bbox 1139 3577 1262 3666; x_wconf 60' lang='lat' dir='ltr'><strong>apte-fil</strong></span> <span class='ocrx_word' id='word_1_316' title='bbox 1274 3593 1368 3641; x_wconf 70' lang='lat' dir='ltr'><strong>¹⁰³r00·</strong></span> 
     </span>
     <span class='ocr_line' id='line_1_41' title="bbox 161 3649 1282 3752; baseline 0.002 -22"><span class='ocrx_word' id='word_1_317' title='bbox 161 3669 279 3732; x_wconf 84' lang='lat' dir='ltr'><strong>tiouern</strong></span> <span class='ocrx_word' id='word_1_318' title='bbox 298 3668 518 3732; x_wconf 86' lang='lat' dir='ltr'><strong>Romanorum</strong></span> <span class='ocrx_word' id='word_1_319' title='bbox 540 3665 719 3731; x_wconf 87' lang='lat' dir='ltr'><strong>trahebant.</strong></span> <span class='ocrx_word' id='word_1_320' title='bbox 742 3666 787 3730; x_wconf 91' lang='lat' dir='ltr'><strong>ibi</strong></span> <span class='ocrx_word' id='word_1_321' title='bbox 802 3687 900 3752; x_wconf 88' lang='lat' dir='ltr'><strong>quum</strong></span> <span class='ocrx_word' id='word_1_322' title='bbox 924 3665 979 3729; x_wconf 87' lang='lat' dir='ltr'><strong>alii</strong></span> <span class='ocrx_word' id='word_1_323' title='bbox 999 3687 1104 3732; x_wconf 84' lang='lat' dir='ltr'><strong>mores</strong></span> <span class='ocrx_word' id='word_1_324' title='bbox 1126 3682 1158 3734; x_wconf 89' lang='lat' dir='ltr'><strong>et</strong></span> <span class='ocrx_word' id='word_1_325' title='bbox 1176 3649 1282 3732; x_wconf 51' lang='lat' dir='ltr'><strong>inlu*</strong></span> 
     </span>
     <span class='ocr_line' id='line_1_42' title="bbox 160 3752 1229 3842; baseline 0.002 -24"><span class='ocrx_word' id='word_1_326' title='bbox 160 3756 270 3821; x_wconf 87' lang='lat' dir='ltr'><strong>stituta</strong></span> <span class='ocrx_word' id='word_1_327' title='bbox 284 3777 405 3828; x_wconf 86' lang='lat' dir='ltr'><strong>eorum,</strong></span> <span class='ocrx_word' id='word_1_328' title='bbox 422 3753 475 3816; x_wconf 86' lang='lat' dir='ltr'><strong>alii</strong></span> <span class='ocrx_word' id='word_1_329' title='bbox 492 3775 540 3816; x_wconf 89' lang='lat' dir='ltr'><strong>res</strong></span> <span class='ocrx_word' id='word_1_330' title='bbox 554 3766 666 3842; x_wconf 85' lang='lat' dir='ltr'><strong>gestas,</strong></span> <span class='ocrx_word' id='word_1_331' title='bbox 683 3752 735 3816; x_wconf 87' lang='lat' dir='ltr'><strong>alii</strong></span> <span class='ocrx_word' id='word_1_332' title='bbox 751 3753 886 3838; x_wconf 85' lang='lat' dir='ltr'><strong>speciem</strong></span> <span class='ocrx_word' id='word_1_333' title='bbox 911 3753 1008 3838; x_wconf 75' lang='lat' dir='ltr'><strong>ipsius</strong></span> <span class='ocrx_word' id='word_1_334' title='bbox 1024 3755 1128 3834; x_wconf 81' lang='lat' dir='ltr'><strong>urbis,</strong></span> <span class='ocrx_word' id='word_1_335' title='bbox 1144 3775 1229 3820; x_wconf 82' lang='lat' dir='ltr'><strong>non·</strong></span> 
     </span>
    </p>
   </div>
   <div class='ocr_carea' id='block_1_3' title="bbox 351 3887 1117 3967">
    <p class='ocr_par' dir='ltr' id='par_1_4' title="bbox 351 3887 1117 3967">
     <span class='ocr_line' id='line_1_43' title="bbox 351 3887 1117 3967; baseline -0.003 -13"><span class='ocrx_word' id='word_1_336' title='bbox 351 3893 367 3939; x_wconf 40' lang='lat'><strong>&#39;⁸</strong></span> <span class='ocrx_word' id='word_1_337' title='bbox 377 3908 483 3964; x_wconf 74' lang='lat' dir='ltr'><strong>tradem,</strong></span> <span class='ocrx_word' id='word_1_338' title='bbox 495 3911 561 3967; x_wconf 79' lang='lat' dir='ltr'><strong>opem</strong></span> <span class='ocrx_word' id='word_1_339' title='bbox 569 3888 598 3950; x_wconf 76' lang='lat' dir='ltr'><strong>at</strong></span> <span class='ocrx_word' id='word_1_340' title='bbox 604 3899 653 3952; x_wconf 81' lang='lat' dir='ltr'><strong>Dii</strong></span> <span class='ocrx_word' id='word_1_341' title='bbox 656 3906 765 3965; x_wconf 81' lang='lat' dir='ltr'><strong>ferrent,</strong></span> <span class='ocrx_word' id='word_1_342' title='bbox 773 3904 864 3952; x_wconf 74' lang='lat' dir='ltr'><strong>arctat.</strong></span> <span class='ocrx_word' id='word_1_343' title='bbox 877 3906 951 3952; x_wconf 87' lang='lat' dir='ltr'><strong>Gron.</strong></span> <span class='ocrx_word' id='word_1_344' title='bbox 965 3907 1033 3952; x_wconf 84' lang='lat' dir='ltr'><strong>Grev.</strong></span> <span class='ocrx_word' id='word_1_345' title='bbox 1113 3887 1117 3896; x_wconf 38' lang='lat'><strong>⁴</strong></span> 
     </span>
    </p>
   </div>
   <div class='ocr_carea' id='block_1_4' title="bbox 155 4043 1228 4382">
    <p class='ocr_par' dir='ltr' id='par_1_5' title="bbox 157 4043 1228 4241">
     <span class='ocr_line' id='line_1_44' title="bbox 195 4043 1226 4109; baseline -0.003 -14"><span class='ocrx_word' id='word_1_346' title='bbox 195 4048 370 4100; x_wconf 68' lang='lat' dir='ltr'><strong>11⁸1ldnlt&#39;edrr&#39;</strong></span> <span class='ocrx_word' id='word_1_347' title='bbox 382 4043 524 4108; x_wconf 76' lang='lat' dir='ltr'><strong>...aalma]</strong></span> <span class='ocrx_word' id='word_1_348' title='bbox 540 4046 621 4104; x_wconf 88' lang='lat' dir='ltr'><strong>Molli,</strong></span> <span class='ocrx_word' id='word_1_349' title='bbox 643 4048 674 4093; x_wconf 87' lang='lat' dir='ltr'><strong>ti·</strong></span> <span class='ocrx_word' id='word_1_350' title='bbox 751 4052 779 4091; x_wconf 84' lang='grc'><strong>13</strong></span> <span class='ocrx_word' id='word_1_351' title='bbox 805 4046 847 4092; x_wconf 87' lang='lat' dir='ltr'><strong>Ad</strong></span> <span class='ocrx_word' id='word_1_352' title='bbox 873 4048 1018 4106; x_wconf 70' lang='lat' dir='ltr'><strong>spretionem</strong></span> <span class='ocrx_word' id='word_1_353' title='bbox 1050 4046 1226 4109; x_wconf 64' lang='lat' dir='ltr'><strong>marimum]</strong></span> 
     </span>
     <span class='ocr_line' id='line_1_45' title="bbox 158 4112 1227 4177; baseline -0.009 -12"><span class='ocrx_word' id='word_1_354' title='bbox 158 4116 233 4174; x_wconf 87' lang='lat' dir='ltr'><strong>mido,</strong></span> <span class='ocrx_word' id='word_1_355' title='bbox 245 4116 332 4177; x_wconf 78' lang='lat' dir='ltr'><strong>ignaro</strong></span> <span class='ocrx_word' id='word_1_356' title='bbox 347 4115 436 4172; x_wconf 87' lang='lat' dir='ltr'><strong>animo,</strong></span> <span class='ocrx_word' id='word_1_357' title='bbox 448 4113 487 4173; x_wconf 86' lang='lat' dir='ltr'><strong>qui</strong></span> <span class='ocrx_word' id='word_1_358' title='bbox 500 4125 550 4160; x_wconf 88' lang='lat' dir='ltr'><strong>non</strong></span> <span class='ocrx_word' id='word_1_359' title='bbox 561 4123 617 4158; x_wconf 79' lang='lat' dir='ltr'><strong>vera</strong></span> <span class='ocrx_word' id='word_1_360' title='bbox 628 4113 674 4160; x_wconf 84' lang='lat' dir='ltr'><strong>rir-</strong></span> <span class='ocrx_word' id='word_1_361' title='bbox 708 4112 802 4172; x_wconf 75' lang='lat' dir='ltr'><strong>Spretis</strong></span> <span class='ocrx_word' id='word_1_362' title='bbox 817 4125 911 4172; x_wconf 83' lang='lat' dir='ltr'><strong>perrara</strong></span> <span class='ocrx_word' id='word_1_363' title='bbox 923 4125 968 4156; x_wconf 84' lang='lat' dir='ltr'><strong>vox</strong></span> <span class='ocrx_word' id='word_1_364' title='bbox 984 4116 1030 4165; x_wconf 87' lang='lat' dir='ltr'><strong>cat,</strong></span> <span class='ocrx_word' id='word_1_365' title='bbox 1047 4125 1146 4171; x_wconf 78' lang='lat' dir='ltr'><strong>quaque</strong></span> <span class='ocrx_word' id='word_1_366' title='bbox 1163 4113 1227 4160; x_wconf 81' lang='lat' dir='ltr'><strong>haud</strong></span> 
     </span>
     <span class='ocr_line' id='line_1_46' title="bbox 157 4175 1228 4241; baseline -0.006 -11"><span class='ocrx_word' id='word_1_367' title='bbox 157 4185 220 4241; x_wconf 87' lang='lat' dir='ltr'><strong>tute,</strong></span> <span class='ocrx_word' id='word_1_368' title='bbox 233 4181 272 4229; x_wconf 78' lang='lat' dir='ltr'><strong>ted</strong></span> <span class='ocrx_word' id='word_1_369' title='bbox 282 4180 449 4227; x_wconf 84' lang='lat' dir='ltr'><strong>occultladclis</strong></span> <span class='ocrx_word' id='word_1_370' title='bbox 458 4183 610 4241; x_wconf 78' lang='lat' dir='ltr'><strong>grassaretur.</strong></span> <span class='ocrx_word' id='word_1_371' title='bbox 708 4179 807 4224; x_wconf 82' lang='lat' dir='ltr'><strong>fortasse</strong></span> <span class='ocrx_word' id='word_1_372' title='bbox 824 4177 881 4224; x_wconf 85' lang='lat' dir='ltr'><strong>alibi</strong></span> <span class='ocrx_word' id='word_1_373' title='bbox 901 4175 968 4222; x_wconf 79' lang='lat' dir='ltr'><strong>facile</strong></span> <span class='ocrx_word' id='word_1_374' title='bbox 987 4177 1125 4236; x_wconf 82' lang='lat' dir='ltr'><strong>reperiatur.</strong></span> <span class='ocrx_word' id='word_1_375' title='bbox 1159 4178 1184 4223; x_wconf 78' lang='lat' dir='ltr'><strong>Si</strong></span> <span class='ocrx_word' id='word_1_376' title='bbox 1200 4191 1228 4224; x_wconf 85' lang='lat' dir='ltr'><strong>ea</strong></span> 
     </span>
    </p>

    <p class='ocr_par' dir='ltr' id='par_1_6' title="bbox 155 4241 1227 4382">
     <span class='ocr_line' id='line_1_47' title="bbox 194 4241 1227 4306; baseline -0.01 -12"><span class='ocrx_word' id='word_1_377' title='bbox 194 4244 347 4306; x_wconf 63' lang='lat' dir='ltr'><strong>lawetera]</strong></span> <span class='ocrx_word' id='word_1_378' title='bbox 363 4246 551 4304; x_wconf 74' lang='lat' dir='ltr'><strong>Pretereaquae</strong></span> <span class='ocrx_word' id='word_1_379' title='bbox 560 4254 675 4290; x_wconf 83' lang='lat' dir='ltr'><strong>mcxme·</strong></span> <span class='ocrx_word' id='word_1_380' title='bbox 707 4242 851 4304; x_wconf 84' lang='lat' dir='ltr'><strong>displicebit,</strong></span> <span class='ocrx_word' id='word_1_381' title='bbox 873 4241 923 4296; x_wconf 72' lang='lat' dir='ltr'><strong>lege</strong></span> <span class='ocrx_word' id='word_1_382' title='bbox 945 4255 1000 4287; x_wconf 88' lang='lat' dir='ltr'><strong>cum</strong></span> <span class='ocrx_word' id='word_1_383' title='bbox 1023 4243 1146 4300; x_wconf 76' lang='lat' dir='ltr'><strong>Gronoriq</strong></span> <span class='ocrx_word' id='word_1_384' title='bbox 1173 4257 1227 4293; x_wconf 75' lang='lat' dir='ltr'><strong>eon.</strong></span> 
     </span>
     <span class='ocr_line' id='line_1_48' title="bbox 155 4309 1137 4382; baseline -0.008 -20"><span class='ocrx_word' id='word_1_385' title='bbox 155 4320 279 4362; x_wconf 83' lang='lat' dir='ltr'><strong>morantur</strong></span> <span class='ocrx_word' id='word_1_386' title='bbox 290 4312 315 4358; x_wconf 89' lang='lat' dir='ltr'><strong>in</strong></span> <span class='ocrx_word' id='word_1_387' title='bbox 327 4311 451 4372; x_wconf 69' lang='lat' dir='ltr'><strong>prematis</strong></span> <span class='ocrx_word' id='word_1_388' title='bbox 462 4311 600 4372; x_wconf 76' lang='lat' dir='ltr'><strong>peragenda.</strong></span> <span class='ocrx_word' id='word_1_389' title='bbox 709 4309 869 4382; x_wconf 64' lang='lat' dir='ltr'><strong>remptionem,</strong></span> <span class='ocrx_word' id='word_1_390' title='bbox 882 4311 924 4353; x_wconf 82' lang='lat' dir='ltr'><strong>aut</strong></span> <span class='ocrx_word' id='word_1_391' title='bbox 934 4309 1086 4356; x_wconf 77' lang='lat' dir='ltr'><strong>mentionem.</strong></span> <span class='ocrx_word' id='word_1_392' title='bbox 1134 4325 1137 4333; x_wconf 65' lang='lat'><strong>⁴</strong></span> 
     </span>
    </p>
   </div>
   <div class='ocr_carea' id='block_1_5' title="bbox 0 0 1546 4976">
    <p class='ocr_par' dir='ltr' id='par_1_7' title="bbox 0 0 1546 4976">
     <span class='ocr_line' id='line_1_49' title="bbox 0 0 1546 4976; baseline 0 3"><span class='ocrx_word' id='word_1_393' title='bbox 0 0 1546 4976; x_wconf 95' lang='lat' dir='ltr'><strong> </strong></span> 
     </span>
    </p>
   </div>
  </div>
 </body>
</html>
