3126 4978
378 187 474 248 ura.
500 185 646 248 xxxvr.
673 139 959 250 car.'xxxvrr.
1015 199 1018 208 ¹
1145 183 1205 258 aar

143 351 373 427 manaurae
385 351 599 418 cdr‘d'dierurn
609 353 779 439 nortuga‘ntu
792 353 876 418 dare.
910 348 1056 438 Epirotae
1070 349 1207 420 Romam
1215 365 1363 438 uuam.
1380 381 1383 390 ·

140 441 232 506 missi
251 452 395 505 cenatum
413 436 577 505 adierunt.
594 439 647 517 iis,
663 441 775 526 magia,
790 461 864 526 quaa
882 461 948 504 non
963 438 1113 506 *saciarent
1134 437 1285 506 hoe-ac·
1298 444 1351 487 ¹9¹·

141 527 223 605 tilia,
246 524 464 602 referentibus,
480 547 577 610 quam
598 525 811 614 purgantibus
832 546 881 602 ea,
896 525 937 592 de
958 527 1074 612 quibua
1095 547 1208 614 argue·

143 614 274 691 bantur,
290 631 476 696 responsum
498 612 609 676 datum
631 626 688 688 est,
704 633 769 698 quo
791 613 914 696 veniam
933 613 1128 698 impetrasse,
1143 635 1210 679 non

143 697 1211 852 Attulit&ltt{.t.t⁸⁸t.tt.rl.tp¹‘³lttirtt³tltt¹

145 873 240 940 toria.
263 872 301 936 iis
315 806 503 958 partitibus,
519 883 556 935 ut
570 871 631 936 sibi
641 871 822 936 ⁴sacrificare
838 807 1060 957 ibgllapimbo,
1073 871 1210 938 donum-

144 981 265 1046 queex
286 981 365 1024 auro
388 957 497 1022 liceret
515 979 635 1042 ponere
654 960 688 1022 iu
710 956 780 1022 aede
800 957 889 1022 Jovis
911 957 1036 1045 Optimi
1059 957 1208 1039 Maximi,

118 1073 121 1084 ·
144 1045 335 1134 permissum
350 1048 390 1108 ab
405 1057 526 1108 senatu.
548 1044 698 1110 ⁹centum
714 1043 823 1128 pondo
840 1065 991 1110 coronam
1006 1068 1134 1111 auream
1149 1067 1209 1133 po-
1243 1075 1245 1084 .

145 1145 290 1198 annunt.
335 1130 410 1197 Non
436 1151 624 1215 reaponaum
648 1131 749 1196 solum
771 1130 842 1196 ben‘
888 1153 908 1195 e
931 1131 1043 1220 lffiatm
1065 1146 1131 1209 eat3
1152 1135 1208 1198 ced

147 1218 292 1304 Philippi
307 1239 433 1304 quoque
446 1217 531 1284 filine
544 1216 739 1295 Demetrius,
755 1216 810 1302 qui
824 1241 845 1282 o
937 1219 1053 1285 Romae
1074 1233 1152 1297 erat,
1169 1220 1210 1286 ad

145 1303 496 1392 patremreducendue
517 1303 630 1391 legatie
649 1305 742 1370 datus
763 1317 821 1370 eat.
866 1303 1003 1381 Bellum,
1027 1306 1112 1394 quod
1136 1329 1209 1373 cum

148 1390 313 1458 Antiocho
328 1412 363 1454 re
386 1391 451 1456 eiu
475 1389 605 1456 Graecia
624 1405 747 1479 gestum
771 1403 817 1455 eat
832 1413 852 1455 a
867 1389 930 1456 M’.
943 1392 1047 1457 Acilio
1067 1393 1211 1476 console,

147 1480 236 1545 hunc
249 1477 345 1542 finem
359 1413 480 1543 babuit.
759 1524 762 1534 .
1287 1535 1288 1540 ,

192 1564 355 1630 XXXVI.
379 1563 472 1630 Alter
503 1564 616 1632 consul
644 1565 680 1631 P.
711 1564 878 1632 Cornelius
912 1566 1030 1652 Scipio,
1069 1566 1208 1633 Galliam
1217 1589 1367 1638 muraena

147 1652 345 1740 provinciam
368 1653 506 1730 sortitus,
521 1652 704 1741 priusquam
726 1651 768 1716 ad
790 1653 918 1732 bellum,
934 1656 1017 1740 quod
1033 1675 1105 1718 curn
1122 1655 1365 1734 Bojigatedaue-

147 1737 325 1828 gerendum
340 1750 420 1820 erat,
434 1737 699 1824 proficisceretur,
713 1739 886 1824 postulavit
907 1741 948 1804 ab
969 1754 1089 1816 senatu,
1106 1753 1141 1806 ut
1155 1722 1313 1828 pem·

148 1827 246 1892 cunia
261 1825 319 1890 sibi
334 1825 555 1894 decerneretur
569 1826 610 1892 ad
621 1825 724 1904 ludos,
740 1848 820 1912 qnos
839 1839 1018 1912 propraetor
1039 1827 1073 1890 in
1090 1826 1213 1912 Hispa-

148 1915 205 1978 nia
219 1912 302 1980 inter
324 1913 428 1998 ipsum
447 1911 615 1978 discrimen
637 1934 756 2000 pugnae
777 1914 923 1980 vovisset.
968 1913 1097 1978 Novum
1120 1927 1215 2000 atque

146 1998 474 2152 {tittttt‘ttltr
482 2011 538 2151 ll.
556 2001 650 2152 Itu
660 2012 959 2153 mliii?
976 2001 1216 2152 llll-“lidi

951 2131 960 2165 2

149 2174 259 2250 παιὸἱίε,
273 2173 398 2258 siquam
408 2174 564 2254 pecuniam
579 2175 621 2238 ud
634 2173 668 2237 id
681 2183 870 2250 reservarat,
886 2175 932 2239 nel
944 2195 1001 2238 erro
1015 2174 1077 2256 ipae
1091 2175 1217 2258 inpensa

141 2258 277 2342 fuceret.
300 2281 354 2324 eoa
369 2258 461 2324 ludos
483 2281 540 2344 per
561 2259 628 2324 dies
650 2260 757 2324 decem
775 2260 813 2324 Ρ.
830 2259 998 2325 Cornelius
1022 2259 1107 2326 fecit.
1153 2262 1217 2326 Per

150 2346 237 2412 idem
251 2345 317 2410 fere
331 2360 457 2431 tempus
478 2345 561 2412 mdes
584 2344 702 2418 Matris
725 2344 859 2434 Magnae
875 2345 972 2411 Idaeae
986 2343 1134 2412 dedicata
1148 2361 1214 2414 est:
1337 2413 1342 2424 ,

150 2454 247 2518 quam
265 2433 369 2500 Deam
383 2432 410 2498 is
427 2432 466 2499 P.
483 2431 660 2509 Cornelius,
676 2431 839 2498 advectam
860 2455 901 2497 ex
915 2434 993 2498 Asia
1008 2432 1046 2497 P.
1063 2433 1216 2499 Cornelio

152 2519 314 2602 Scipione,
334 2519 388 2584 cui
402 2532 474 2604 poet
497 2519 650 2586 Africano
667 2519 727 2584 fuit
742 2541 930 2608 cognomen,
947 2520 984 2586 P.
998 2519 1225 2586 Licinianum

151 2605 283 2682 aulibus,
300 2606 333 2671 in
355 2605 513 2671 Palatium
536 2629 556 2671 a
580 2606 659 2670 mari
680 2607 846 2672 detulerat.
890 2606 1091 2672 Locaveront
1113 2607 1216 2673 aedem
1401 2672 1404 2680 ,

68 2721 74 2728 ’
120 2751 124 2758 .
150 2692 329 2762 faciendam
345 2715 387 2757 ex
401 2691 673 2758 senatusconsulto
685 2690 735 2756 M.
749 2692 868 2770 Livius,
886 2692 925 2757 C.
939 2693 1093 2760 Claudius
1107 2715 1217 2760 censo·
1333 2771 1335 2776 Ι
1358 2771 1373 2780 ,.
1483 2742 1486 2753 ,

149 2801 214 2860 rer,
230 2778 280 2844 M.
297 2778 459 2856 Cornelio,
476 2779 516 2846 P.
533 2777 722 2864 Sempronio
736 2779 935 2855 consulibus3
957 2779 1111 2846 tredecim
1127 2781 1219 2845 annia

152 2878 239 2950 pest,
255 2887 350 2950 quam
373 2864 477 2931 locata
501 2879 581 2945 erat,
606 2865 762 2934 dedIcavit
785 2887 855 2930 eam
882 2863 1061 2930 Mlucius
1088 2865 1217 2944 Brutus,

153 2953 179 2993 ¹⁰
190 2952 319 3039 ludique
339 2953 382 3018 ob
403 2951 635 3018 dedicationem
658 2951 724 3038 ejus
737 2951 823 3032 facti,
838 2973 918 3037 quos
935 2951 1064 3036 primos.
1077 2952 1219 3018 scenicos

152 3039 260 3115 fuisse,
286 3039 400 3105 Antias
425 3038 593 3104 Valeriuse
615 3051 663 3104 est
685 3050 807 3114 auctor,
832 3036 891 3103 Me
934 3037 1009 3102 lesia
1034 3038 1219 3126 adpellatos.

153 3125 237 3192 Item
252 3125 433 3192 Iuventatis
446 3126 548 3191 aedem
563 3126 598 3190 in
613 3127 698 3191 circo
717 3125 859 3190 maximo
907 3173 915 3188 .
931 3125 1075 3190 Licinius
1097 3126 1220 3192 Lucul-

152 3213 205 3278 lus
225 3211 375 3276 duumvir
394 3212 560 3279 dedicavit.
605 3211 745 3277 Voverat
760 3233 829 3277 earn
852 3212 1009 3278 sexdecim
1033 3213 1126 3278 anuis
1146 3227 1220 3280 ante

154 3298 207 3365 M.
224 3298 335 3365 Livius
349 3297 469 3375 consul,
486 3320 552 3386 quo
567 3298 621 3364 die
636 3298 872 3364 Hasdrubalem
894 3298 1132 3386 exercitumque
1149 3303 1220 3388 ejus

150 3385 286 3452 cecidit:
309 3386 395 3451 idern
417 3407 529 3450 censor
549 3407 619 3451 eam
641 3383 818 3450 faciendam
842 3385 968 3464 locavit,
986 3385 1036 3451 M.
1054 3387 1218 3468 Cornelio,

153 3473 194 3540 P.
206 3473 395 3556 Sempronio
407 3471 600 3538 consulibus.
646 3470 756 3560 Hujus
771 3471 1221 3560 quoquededicandoe'caussa

151 3559 223 3624 ludi
243 3558 338 3624 facti:
362 3572 394 3623 et
414 3582 453 3624 eo
478 3559 596 3644 omnia¹
609 3579 681 3626 cum
707 3561 828 3646 majore
847 3559 1000 3647 religione
1014 3558 1107 3641 facta,
1131 3563 1220 3650 quod

153 3668 274 3712 novum
290 3667 363 3710 cum
379 3644 542 3711 Antiocho
556 3646 692 3710 instabat
705 3645 837 3710 bellum.

200 3731 389 3797 XXXVII.
412 3731 576 3818 Principio
601 3733 667 3818 ejus
688 3732 774 3809 anui,
798 3755 863 3819 qno
887 3731 967 3810 haec,
988 3735 1057 3820 jam
1068 3735 1346 3886 proiectorrodtgia

154 3817 198 3886 ad
219 3818 338 3884 bellum
361 3818 425 3884 Μ’.
440 3818 553 3897 Acilio,
576 3832 725 3884 manente
745 3818 850 3884 adhuc
874 3819 990 3884 Rornae
1014 3821 1052 3888 P.

1098 3823 1220 3889 ornelio

491 3941 626 3990 eruatur
635 3942 893 3990 ammomum.
1175 3927 1178 3956 ²

189 4048 205 4091 9
224 4042 325 4088 Centum
346 4035 436 4102 pondo]
461 4040 595 4088 Marcamm
619 4053 674 4086 noa·
706 4039 769 4101 apud
785 4039 905 4086 nomano·
925 4039 992 4100 origo
1011 4039 1082 4102 longe
1102 4041 1222 4100 antiquior

154 4106 255 4154 tretium
269 4107 388 4153 156.'eum
399 4105 476 4152 until·
488 4112 512 4152 2.
706 4111 749 4152 ert.
783 4104 837 4150 vid.
856 4117 929 4166 cupra
943 4104 959 4150 l.
980 4103 1036 4150 vn.
1053 4120 1074 4154 c.
1092 4111 1115 4150 2.
1135 4106 1180 4151 Sed
1197 4111 1223 4152 et

192 4177 223 4216 lo
239 4172 306 4218 hadr*
321 4202 328 4216 .
345 4202 352 4219 .
369 4201 376 4216 .
395 4185 452 4232 quor
498 4173 556 4217 lmus
572 4171 675 4218 reeaiccr
702 4171 753 4230 jam
764 4169 836 4216 tertio
847 4167 903 4215 aute
914 4169 978 4216 bunc
989 4182 1063 4226 anno,
1074 4170 1088 4214 Ι.
1102 4169 1222 4216 XXXIV.

148 4237 234 4300 saitae
250 4237 362 4284 Valeriae
371 4237 462 4283 Antros
497 4237 607 4298 InteIIIga
622 4238 674 4297 pri-
707 4253 728 4284 c.
746 4242 785 4284 ⁵4.
814 4234 942 4295 Megalesia
960 4234 1029 4280 ludet
1049 4233 1153 4282 acenicoa
1172 4249 1223 4284 carc

155 4319 207 4350 mor
217 4303 321 4350 rcear'ccr
337 4301 495 4364 Megalenrer,
511 4315 561 4349 non
576 4302 676 4349 omnipo
708 4304 783 4350 Iactor
794 4299 1028 4350 memmvitciriua

152 4369 247 4431 prr'mor
257 4369 367 4415 rcenr'coa
399 4367 518 4414 Ludorunr
530 4369 674 4416 rcenicorum
