<?xml version="1.0" encoding="UTF-8"?>
<!DOCTYPE html PUBLIC "-//W3C//DTD XHTML 1.0 Transitional//EN"
    "http://www.w3.org/TR/xhtml1/DTD/xhtml1-transitional.dtd">
<html xmlns="http://www.w3.org/1999/xhtml" xml:lang="en" lang="en">
 <head>
  <title>
</title>
<meta http-equiv="Content-Type" content="text/html;charset=utf-8" />
  <meta name='ocr-system' content='tesseract 3.04.00' />
  <meta name='ocr-capabilities' content='ocr_page ocr_carea ocr_par ocr_line ocrx_word'/>
</head>
<body>
  <div class='ocr_page' id='page_1' title='image "./tliviipatavinih04crevgoog_0300.png"; bbox 0 0 3126 4978; ppageno 0'>
   <div class='ocr_carea' id='block_1_1' title="bbox 443 189 1239 272">
    <p class='ocr_par' dir='ltr' id='par_1_1' title="bbox 443 189 1239 272">
     <span class='ocr_line' id='line_1_1' title="bbox 443 189 1239 272; baseline -0.003 -10"><span class='ocrx_word' id='word_1_1' title='bbox 443 195 537 264; x_wconf 88' lang='lat' dir='ltr'><strong>LIB.</strong></span> <span class='ocrx_word' id='word_1_2' title='bbox 557 197 719 272; x_wconf 82' lang='lat' dir='ltr'>XXXVII.</span> <span class='ocrx_word' id='word_1_3' title='bbox 746 203 850 262; x_wconf 87' lang='lat' dir='ltr'><strong>CAP.</strong></span> <span class='ocrx_word' id='word_1_4' title='bbox 871 200 988 260; x_wconf 88' lang='lat' dir='ltr'><strong>XVIll.</strong></span> <span class='ocrx_word' id='word_1_5' title='bbox 1161 189 1239 272; x_wconf 56' lang='lat'><strong>‘293</strong></span> 
     </span>
    </p>
   </div>
   <div class='ocr_carea' id='block_1_2' title="bbox 96 362 1539 3819">
    <p class='ocr_par' dir='ltr' id='par_1_2' title="bbox 170 362 1539 1316">
     <span class='ocr_line' id='line_1_2' title="bbox 179 362 1432 452; baseline -0.001 -24"><span class='ocrx_word' id='word_1_6' title='bbox 179 362 320 431; x_wconf 75' lang='lat' dir='ltr'><strong>Profecti</strong></span> <span class='ocrx_word' id='word_1_7' title='bbox 341 365 424 443; x_wconf 91' lang='lat' dir='ltr'><strong>inde,</strong></span> <span class='ocrx_word' id='word_1_8' title='bbox 439 366 596 452; x_wconf 68' lang='lat' dir='ltr'><strong>“pacatis</strong></span> <span class='ocrx_word' id='word_1_9' title='bbox 616 366 737 442; x_wconf 80' lang='lat' dir='ltr'><strong>ceteris,</strong></span> <span class='ocrx_word' id='word_1_10' title='bbox 748 387 846 452; x_wconf 88' lang='lat' dir='ltr'><strong>quum</strong></span> <span class='ocrx_word' id='word_1_11' title='bbox 870 387 958 431; x_wconf 85' lang='lat' dir='ltr'><strong>orem</strong></span> <span class='ocrx_word' id='word_1_12' title='bbox 979 363 1095 432; x_wconf 82' lang='lat' dir='ltr'><strong>Asiael</strong></span> <span class='ocrx_word' id='word_1_13' title='bbox 1156 372 1382 442; x_wconf 62' lang='lat' dir='ltr'><strong>reatu-stite</strong></span> <span class='ocrx_word' id='word_1_14' title='bbox 1430 423 1432 428; x_wconf 15' lang='grc' dir='ltr'><strong>ι</strong></span> 
     </span>
     <span class='ocr_line' id='line_1_3' title="bbox 178 438 1380 538; baseline 0.002 -24"><span class='ocrx_word' id='word_1_15' title='bbox 178 449 321 537; x_wconf 78' lang='lat' dir='ltr'><strong>Loryma</strong></span> <span class='ocrx_word' id='word_1_16' title='bbox 331 457 456 538; x_wconf 87' lang='lat' dir='ltr'><strong>(portus</strong></span> <span class='ocrx_word' id='word_1_17' title='bbox 470 452 619 519; x_wconf 86' lang='lat' dir='ltr'><strong>adversus</strong></span> <span class='ocrx_word' id='word_1_18' title='bbox 632 452 783 518; x_wconf 85' lang='lat' dir='ltr'><strong>Rhodum</strong></span> <span class='ocrx_word' id='word_1_19' title='bbox 794 453 853 534; x_wconf 84' lang='lat' dir='ltr'><strong>est)</strong></span> <span class='ocrx_word' id='word_1_20' title='bbox 863 464 1082 536; x_wconf 88' lang='lat' dir='ltr'><strong>pervenerunt.</strong></span> <span class='ocrx_word' id='word_1_21' title='bbox 1145 451 1156 514; x_wconf 93' lang='lat' dir='ltr'><strong>i</strong></span> <span class='ocrx_word' id='word_1_22' title='bbox 1170 438 1277 516; x_wconf 42' lang='grc' dir='ltr'><strong>5’ἰιιὰ</strong></span> <span class='ocrx_word' id='word_1_23' title='bbox 1286 439 1313 486; x_wconf 81' lang='lat'><strong>⁰·</strong></span> <span class='ocrx_word' id='word_1_24' title='bbox 1328 441 1380 490; x_wconf 77' lang='lat'><strong>¹⁹⁰·</strong></span> 
     </span>
     <span class='ocr_line' id='line_1_4' title="bbox 170 537 1237 624; baseline 0.002 -24"><span class='ocrx_word' id='word_1_25' title='bbox 170 537 344 622; x_wconf 52' lang='lat' dir='ltr'><strong>*principiis</strong></span> <span class='ocrx_word' id='word_1_26' title='bbox 374 561 477 604; x_wconf 87' lang='lat' dir='ltr'><strong>sermo</strong></span> <span class='ocrx_word' id='word_1_27' title='bbox 505 541 610 624; x_wconf 88' lang='lat' dir='ltr'><strong>primo</strong></span> <span class='ocrx_word' id='word_1_28' title='bbox 638 540 721 603; x_wconf 88' lang='lat' dir='ltr'><strong>inter</strong></span> <span class='ocrx_word' id='word_1_29' title='bbox 756 538 901 605; x_wconf 84' lang='lat' dir='ltr'><strong>tribunos</strong></span> <span class='ocrx_word' id='word_1_30' title='bbox 930 538 1065 605; x_wconf 89' lang='lat' dir='ltr'><strong>militum</strong></span> <span class='ocrx_word' id='word_1_31' title='bbox 1099 549 1237 604; x_wconf 87' lang='lat' dir='ltr'><strong>secretus</strong></span> 
     </span>
     <span class='ocr_line' id='line_1_5' title="bbox 177 623 1256 710; baseline 0.001 -23"><span class='ocrx_word' id='word_1_32' title='bbox 177 623 289 700; x_wconf 91' lang='lat' dir='ltr'><strong>oritur,</strong></span> <span class='ocrx_word' id='word_1_33' title='bbox 306 625 422 690; x_wconf 88' lang='lat' dir='ltr'><strong>deinde</strong></span> <span class='ocrx_word' id='word_1_34' title='bbox 435 625 476 690; x_wconf 88' lang='lat' dir='ltr'><strong>ad</strong></span> <span class='ocrx_word' id='word_1_35' title='bbox 490 647 580 691; x_wconf 89' lang='lat' dir='ltr'><strong>aures</strong></span> <span class='ocrx_word' id='word_1_36' title='bbox 602 625 701 710; x_wconf 87' lang='lat' dir='ltr'><strong>ipsius</strong></span> <span class='ocrx_word' id='word_1_37' title='bbox 717 623 841 688; x_wconf 83' lang='lat' dir='ltr'><strong>AEmilii</strong></span> <span class='ocrx_word' id='word_1_38' title='bbox 864 625 1015 707; x_wconf 82' lang='lat' dir='ltr'><strong>pervenit,</strong></span> <span class='ocrx_word' id='word_1_39' title='bbox 1028 623 1144 691; x_wconf 90' lang='lat' dir='ltr'><strong>abduci</strong></span> <span class='ocrx_word' id='word_1_40' title='bbox 1158 623 1237 688; x_wconf 87' lang='lat' dir='ltr'><strong>claa-</strong></span> <span class='ocrx_word' id='word_1_41' title='bbox 1254 655 1256 662; x_wconf 95' lang='lat'>·</span> 
     </span>
     <span class='ocr_line' id='line_1_6' title="bbox 178 709 1237 798; baseline 0.003 -25"><span class='ocrx_word' id='word_1_42' title='bbox 178 730 244 774; x_wconf 88' lang='lat' dir='ltr'><strong>sem</strong></span> <span class='ocrx_word' id='word_1_43' title='bbox 270 710 312 775; x_wconf 89' lang='lat' dir='ltr'><strong>ab</strong></span> <span class='ocrx_word' id='word_1_44' title='bbox 337 710 478 797; x_wconf 83' lang='lat' dir='ltr'><strong>Epheso,</strong></span> <span class='ocrx_word' id='word_1_45' title='bbox 500 712 541 776; x_wconf 92' lang='lat' dir='ltr'><strong>ab</strong></span> <span class='ocrx_word' id='word_1_46' title='bbox 564 734 622 776; x_wconf 89' lang='lat' dir='ltr'><strong>suo</strong></span> <span class='ocrx_word' id='word_1_47' title='bbox 649 711 750 776; x_wconf 82' lang='lat' dir='ltr'><strong>bellos</strong></span> <span class='ocrx_word' id='word_1_48' title='bbox 773 724 808 775; x_wconf 93' lang='lat' dir='ltr'><strong>ut</strong></span> <span class='ocrx_word' id='word_1_49' title='bbox 831 710 872 775; x_wconf 91' lang='lat' dir='ltr'><strong>ab</strong></span> <span class='ocrx_word' id='word_1_50' title='bbox 897 723 988 798; x_wconf 85' lang='lat' dir='ltr'><strong>tergo</strong></span> <span class='ocrx_word' id='word_1_51' title='bbox 1008 710 1087 775; x_wconf 87' lang='lat' dir='ltr'><strong>liber</strong></span> <span class='ocrx_word' id='word_1_52' title='bbox 1110 709 1237 780; x_wconf 82' lang='lat' dir='ltr'><strong>relictus</strong></span> 
     </span>
     <span class='ocr_line' id='line_1_7' title="bbox 172 794 1239 884; baseline 0.003 -25"><span class='ocrx_word' id='word_1_53' title='bbox 172 794 276 860; x_wconf 61' lang='lat' dir='ltr'><strong>»hostis</strong></span> <span class='ocrx_word' id='word_1_54' title='bbox 291 797 323 860; x_wconf 93' lang='lat' dir='ltr'><strong>in</strong></span> <span class='ocrx_word' id='word_1_55' title='bbox 338 810 385 862; x_wconf 91' lang='lat' dir='ltr'><strong>tot</strong></span> <span class='ocrx_word' id='word_1_56' title='bbox 399 798 594 884; x_wconf 89' lang='lat' dir='ltr'><strong>propinquas</strong></span> <span class='ocrx_word' id='word_1_57' title='bbox 609 799 769 863; x_wconf 87' lang='lat' dir='ltr'><strong>sociorum</strong></span> <span class='ocrx_word' id='word_1_58' title='bbox 781 797 990 862; x_wconf 84' lang='lat' dir='ltr'><strong>urbesomnis</strong></span> <span class='ocrx_word' id='word_1_59' title='bbox 999 797 1118 881; x_wconf 84' lang='lat' dir='ltr'><strong>inpune</strong></span> <span class='ocrx_word' id='word_1_60' title='bbox 1127 797 1239 872; x_wconf 38' lang='lat' dir='ltr'><strong>conari,</strong></span> 
     </span>
     <span class='ocr_line' id='line_1_8' title="bbox 177 882 1235 970; baseline 0 -24"><span class='ocrx_word' id='word_1_61' title='bbox 177 895 293 966; x_wconf 84' lang='lat' dir='ltr'><strong>posset.</strong></span> <span class='ocrx_word' id='word_1_62' title='bbox 338 883 472 949; x_wconf 86' lang='lat' dir='ltr'>Movere</span> <span class='ocrx_word' id='word_1_63' title='bbox 493 907 531 948; x_wconf 92' lang='lat' dir='ltr'><strong>ea</strong></span> <span class='ocrx_word' id='word_1_64' title='bbox 546 884 731 948; x_wconf 82' lang='lat' dir='ltr'><strong>AEmilium:</strong></span> <span class='ocrx_word' id='word_1_65' title='bbox 755 895 944 970; x_wconf 86' lang='lat' dir='ltr'><strong>vocatosque</strong></span> <span class='ocrx_word' id='word_1_66' title='bbox 967 882 1119 954; x_wconf 78' lang='lat' dir='ltr'><strong>Rhodios·</strong></span> <span class='ocrx_word' id='word_1_67' title='bbox 1137 905 1235 969; x_wconf 90' lang='lat' dir='ltr'><strong>quum</strong></span> 
     </span>
     <span class='ocr_line' id='line_1_9' title="bbox 177 968 1431 1052; baseline 0.002 -20"><span class='ocrx_word' id='word_1_68' title='bbox 177 981 399 1052; x_wconf 85' lang='lat' dir='ltr'><strong>percunctatus</strong></span> <span class='ocrx_word' id='word_1_69' title='bbox 424 984 513 1048; x_wconf 86' lang='lat' dir='ltr'><strong>esset,</strong></span> <span class='ocrx_word' id='word_1_70' title='bbox 541 985 723 1035; x_wconf 78' lang='lat' dir='ltr'><strong>utrumnam</strong></span> <span class='ocrx_word' id='word_1_71' title='bbox 753 969 875 1036; x_wconf 85' lang='lat' dir='ltr'><strong>Pataris</strong></span> <span class='ocrx_word' id='word_1_72' title='bbox 904 970 1048 1035; x_wconf 85' lang='lat' dir='ltr'><strong>universa</strong></span> <span class='ocrx_word' id='word_1_73' title='bbox 1073 968 1177 1034; x_wconf 87' lang='lat' dir='ltr'><strong>classis</strong></span> <span class='ocrx_word' id='word_1_74' title='bbox 1202 972 1234 1034; x_wconf 91' lang='lat' dir='ltr'><strong>in</strong></span> <span class='ocrx_word' id='word_1_75' title='bbox 1429 1044 1431 1050; x_wconf 45' lang='lat'><strong>.</strong></span> 
     </span>
     <span class='ocr_line' id='line_1_10' title="bbox 175 1057 1539 1143; baseline 0.001 -25"><span class='ocrx_word' id='word_1_76' title='bbox 175 1067 273 1138; x_wconf 88' lang='lat' dir='ltr'><strong>portu</strong></span> <span class='ocrx_word' id='word_1_77' title='bbox 287 1069 368 1120; x_wconf 88' lang='lat' dir='ltr'><strong>stare</strong></span> <span class='ocrx_word' id='word_1_78' title='bbox 382 1071 497 1141; x_wconf 88' lang='lat' dir='ltr'><strong>posset,</strong></span> <span class='ocrx_word' id='word_1_79' title='bbox 513 1071 610 1143; x_wconf 89' lang='lat' dir='ltr'><strong>quum</strong></span> <span class='ocrx_word' id='word_1_80' title='bbox 627 1057 870 1140; x_wconf 75' lang='lat' dir='ltr'><strong>respondissent,</strong></span> <span class='ocrx_word' id='word_1_81' title='bbox 886 1077 951 1120; x_wconf 89' lang='lat' dir='ltr'><strong>non</strong></span> <span class='ocrx_word' id='word_1_82' title='bbox 964 1078 1070 1140; x_wconf 82' lang='lat' dir='ltr'><strong>posse3</strong></span> <span class='ocrx_word' id='word_1_83' title='bbox 1093 1077 1232 1122; x_wconf 78' lang='lat' dir='ltr'><strong>caussam</strong></span> <span class='ocrx_word' id='word_1_84' title='bbox 1243 1058 1387 1119; x_wconf 69' lang='lat' dir='ltr'><strong>uepeusss.</strong></span> <span class='ocrx_word' id='word_1_85' title='bbox 1529 1085 1539 1098; x_wconf 71' lang='lat'><em>,</em></span> 
     </span>
     <span class='ocr_line' id='line_1_11' title="bbox 177 1138 1316 1220; baseline 0.003 -15"><span class='ocrx_word' id='word_1_86' title='bbox 177 1153 287 1205; x_wconf 83' lang='lat' dir='ltr'><strong>nactus</strong></span> <span class='ocrx_word' id='word_1_87' title='bbox 302 1143 485 1208; x_wconf 81' lang='lat' dir='ltr'><strong>omittendas</strong></span> <span class='ocrx_word' id='word_1_88' title='bbox 499 1147 555 1220; x_wconf 89' lang='lat' dir='ltr'><strong>rei,</strong></span> <span class='ocrx_word' id='word_1_89' title='bbox 574 1143 703 1208; x_wconf 87' lang='lat' dir='ltr'><strong>Samum</strong></span> <span class='ocrx_word' id='word_1_90' title='bbox 719 1142 860 1210; x_wconf 71' lang='lat' dir='ltr'><strong>reduxit,t</strong></span> <span class='ocrx_word' id='word_1_91' title='bbox 872 1163 979 1208; x_wconf 80' lang='lat' dir='ltr'><strong>nares.</strong></span> <span class='ocrx_word' id='word_1_92' title='bbox 1243 1138 1316 1172; x_wconf 82' lang='lat' dir='ltr'><strong>mum.</strong></span> 
     </span>
     <span class='ocr_line' id='line_1_12' title="bbox 221 1227 1233 1316; baseline 0.004 -24"><span class='ocrx_word' id='word_1_93' title='bbox 221 1227 352 1293; x_wconf 87' lang='lat' dir='ltr'><strong>XVlll.</strong></span> <span class='ocrx_word' id='word_1_94' title='bbox 376 1229 442 1294; x_wconf 85' lang='lat' dir='ltr'><strong>Per</strong></span> <span class='ocrx_word' id='word_1_95' title='bbox 454 1229 537 1295; x_wconf 91' lang='lat' dir='ltr'><strong>idem</strong></span> <span class='ocrx_word' id='word_1_96' title='bbox 553 1243 677 1312; x_wconf 89' lang='lat' dir='ltr'><strong>tempus</strong></span> <span class='ocrx_word' id='word_1_97' title='bbox 693 1229 851 1304; x_wconf 83' lang='lat' dir='ltr'><strong>Seleucus,</strong></span> <span class='ocrx_word' id='word_1_98' title='bbox 864 1228 1016 1295; x_wconf 87' lang='lat' dir='ltr'><strong>Antiochi</strong></span> <span class='ocrx_word' id='word_1_99' title='bbox 1030 1228 1233 1316; x_wconf 67' lang='lat' dir='ltr'><strong>illiusquam</strong></span> 
     </span>
    </p>

    <p class='ocr_par' dir='ltr' id='par_1_3' title="bbox 163 1314 1386 3473">
     <span class='ocr_line' id='line_1_13' title="bbox 173 1314 1233 1400; baseline 0.003 -23"><span class='ocrx_word' id='word_1_100' title='bbox 173 1335 341 1398; x_wconf 89' lang='lat' dir='ltr'><strong>peremne</strong></span> <span class='ocrx_word' id='word_1_101' title='bbox 356 1314 561 1380; x_wconf 87' lang='lat' dir='ltr'><strong>hibernorum</strong></span> <span class='ocrx_word' id='word_1_102' title='bbox 577 1327 702 1400; x_wconf 86' lang='lat' dir='ltr'><strong>tempus</strong></span> <span class='ocrx_word' id='word_1_103' title='bbox 711 1316 881 1380; x_wconf 83' lang='lat' dir='ltr'><strong>exercitum</strong></span> <span class='ocrx_word' id='word_1_104' title='bbox 897 1315 930 1383; x_wconf 89' lang='lat' dir='ltr'><strong>iu</strong></span> <span class='ocrx_word' id='word_1_105' title='bbox 944 1314 1074 1380; x_wconf 83' lang='lat' dir='ltr'><strong>AEolide</strong></span> <span class='ocrx_word' id='word_1_106' title='bbox 1088 1317 1233 1382; x_wconf 89' lang='lat' dir='ltr'><strong>continu·</strong></span> 
     </span>
     <span class='ocr_line' id='line_1_14' title="bbox 174 1400 1236 1488; baseline 0.004 -26"><span class='ocrx_word' id='word_1_107' title='bbox 174 1401 257 1479; x_wconf 88' lang='lat' dir='ltr'><strong>isset,</strong></span> <span class='ocrx_word' id='word_1_108' title='bbox 279 1403 398 1487; x_wconf 89' lang='lat' dir='ltr'><strong>partim</strong></span> <span class='ocrx_word' id='word_1_109' title='bbox 413 1403 504 1466; x_wconf 87' lang='lat' dir='ltr'><strong>sociis</strong></span> <span class='ocrx_word' id='word_1_110' title='bbox 525 1400 656 1465; x_wconf 83' lang='lat' dir='ltr'><strong>ferendo</strong></span> <span class='ocrx_word' id='word_1_111' title='bbox 675 1424 695 1464; x_wconf 94' lang='lat' dir='ltr'><strong>o</strong></span> <span class='ocrx_word' id='word_1_112' title='bbox 719 1423 780 1478; x_wconf 90' lang='lat' dir='ltr'><strong>ern,</strong></span> <span class='ocrx_word' id='word_1_113' title='bbox 799 1401 926 1486; x_wconf 88' lang='lat' dir='ltr'><strong>partim,</strong></span> <span class='ocrx_word' id='word_1_114' title='bbox 949 1424 1028 1488; x_wconf 91' lang='lat' dir='ltr'><strong>quos</strong></span> <span class='ocrx_word' id='word_1_115' title='bbox 1051 1402 1085 1466; x_wconf 93' lang='lat' dir='ltr'><strong>in</strong></span> <span class='ocrx_word' id='word_1_116' title='bbox 1102 1403 1236 1468; x_wconf 68' lang='lat' dir='ltr'><strong>societas.</strong></span> 
     </span>
     <span class='ocr_line' id='line_1_15' title="bbox 172 1422 1234 1574; baseline 0.003 -23"><span class='ocrx_word' id='word_1_117' title='bbox 172 1498 238 1552; x_wconf 90' lang='lat' dir='ltr'><strong>tem</strong></span> <span class='ocrx_word' id='word_1_118' title='bbox 264 1488 417 1574; x_wconf 90' lang='lat' dir='ltr'><strong>perlicere</strong></span> <span class='ocrx_word' id='word_1_119' title='bbox 438 1509 505 1552; x_wconf 91' lang='lat' dir='ltr'><strong>nou</strong></span> <span class='ocrx_word' id='word_1_120' title='bbox 532 1501 666 1571; x_wconf 87' lang='lat' dir='ltr'><strong>poterat,</strong></span> <span class='ocrx_word' id='word_1_121' title='bbox 689 1422 930 1573; x_wconf 60' lang='lat' dir='ltr'><strong>depopulandis,</strong></span> <span class='ocrx_word' id='word_1_122' title='bbox 946 1489 1079 1554; x_wconf 87' lang='lat' dir='ltr'><strong>transire</strong></span> <span class='ocrx_word' id='word_1_123' title='bbox 1102 1488 1135 1552; x_wconf 92' lang='lat' dir='ltr'><strong>in</strong></span> <span class='ocrx_word' id='word_1_124' title='bbox 1156 1489 1234 1554; x_wconf 87' lang='lat' dir='ltr'><strong>fines</strong></span> 
     </span>
     <span class='ocr_line' id='line_1_16' title="bbox 174 1573 1235 1658; baseline 0.004 -22"><span class='ocrx_word' id='word_1_125' title='bbox 174 1574 265 1658; x_wconf 79' lang='lat' dir='ltr'><strong>regni</strong></span> <span class='ocrx_word' id='word_1_126' title='bbox 289 1573 453 1651; x_wconf 87' lang='lat' dir='ltr'><strong>Eumenis,</strong></span> <span class='ocrx_word' id='word_1_127' title='bbox 468 1574 545 1639; x_wconf 90' lang='lat' dir='ltr'><strong>dum</strong></span> <span class='ocrx_word' id='word_1_128' title='bbox 568 1573 595 1637; x_wconf 89' lang='lat' dir='ltr'><strong>is</strong></span> <span class='ocrx_word' id='word_1_129' title='bbox 617 1573 729 1658; x_wconf 89' lang='lat' dir='ltr'><strong>procul</strong></span> <span class='ocrx_word' id='word_1_130' title='bbox 750 1574 791 1638; x_wconf 88' lang='lat' dir='ltr'><strong>ab</strong></span> <span class='ocrx_word' id='word_1_131' title='bbox 810 1573 907 1639; x_wconf 91' lang='lat' dir='ltr'><strong>domo</strong></span> <span class='ocrx_word' id='word_1_132' title='bbox 931 1597 1004 1638; x_wconf 91' lang='lat' dir='ltr'><strong>cum</strong></span> <span class='ocrx_word' id='word_1_133' title='bbox 1028 1575 1181 1644; x_wconf 87' lang='lat' dir='ltr'><strong>Romanis</strong></span> <span class='ocrx_word' id='word_1_134' title='bbox 1203 1589 1235 1641; x_wconf 89' lang='lat' dir='ltr'><strong>et</strong></span> 
     </span>
     <span class='ocr_line' id='line_1_17' title="bbox 177 1659 1241 1748; baseline 0.006 -26"><span class='ocrx_word' id='word_1_135' title='bbox 177 1659 314 1726; x_wconf 87' lang='lat' dir='ltr'><strong>Rhodiis</strong></span> <span class='ocrx_word' id='word_1_136' title='bbox 334 1661 442 1748; x_wconf 80' lang='lat' dir='ltr'><strong>Lyciae</strong></span> <span class='ocrx_word' id='word_1_137' title='bbox 464 1661 622 1726; x_wconf 86' lang='lat' dir='ltr'><strong>maritima</strong></span> <span class='ocrx_word' id='word_1_138' title='bbox 642 1661 853 1745; x_wconf 75' lang='lat' dir='ltr'><strong>obpugnaret,</strong></span> <span class='ocrx_word' id='word_1_139' title='bbox 877 1660 995 1728; x_wconf 80' lang='lat' dir='ltr'><strong>statuit.</strong></span> <span class='ocrx_word' id='word_1_140' title='bbox 1041 1660 1095 1726; x_wconf 93' lang='lat' dir='ltr'><strong>Ad</strong></span> <span class='ocrx_word' id='word_1_141' title='bbox 1112 1660 1241 1728; x_wconf 72' lang='lat' dir='ltr'><strong>Elaeam.</strong></span> 
     </span>
     <span class='ocr_line' id='line_1_18' title="bbox 175 1743 1386 1835; baseline 0 -25"><span class='ocrx_word' id='word_1_142' title='bbox 175 1743 282 1830; x_wconf 87' lang='lat' dir='ltr'><strong>primo</strong></span> <span class='ocrx_word' id='word_1_143' title='bbox 295 1745 414 1812; x_wconf 86' lang='lat' dir='ltr'><strong>infestis</strong></span> <span class='ocrx_word' id='word_1_144' title='bbox 434 1748 532 1830; x_wconf 73' lang='lat' dir='ltr'><strong>signis</strong></span> <span class='ocrx_word' id='word_1_145' title='bbox 550 1746 698 1812; x_wconf 83' lang='lat' dir='ltr'><strong>accessit:</strong></span> <span class='ocrx_word' id='word_1_146' title='bbox 720 1746 844 1823; x_wconf 91' lang='lat' dir='ltr'><strong>deinde,</strong></span> <span class='ocrx_word' id='word_1_147' title='bbox 860 1748 975 1812; x_wconf 87' lang='lat' dir='ltr'><strong>omissa</strong></span> <span class='ocrx_word' id='word_1_148' title='bbox 997 1747 1234 1835; x_wconf 82' lang='lat' dir='ltr'><strong>obpugnatione</strong></span> <span class='ocrx_word' id='word_1_149' title='bbox 1322 1817 1324 1824; x_wconf 46' lang='grc'>,</span> <span class='ocrx_word' id='word_1_150' title='bbox 1385 1753 1386 1760; x_wconf 76' lang='grc'>’</span> 
     </span>
     <span class='ocr_line' id='line_1_19' title="bbox 173 1829 1233 1921; baseline 0.002 -26"><span class='ocrx_word' id='word_1_151' title='bbox 173 1829 271 1910; x_wconf 89' lang='lat' dir='ltr'><strong>urbis,</strong></span> <span class='ocrx_word' id='word_1_152' title='bbox 287 1855 380 1920; x_wconf 87' lang='lat' dir='ltr'><strong>agros</strong></span> <span class='ocrx_word' id='word_1_153' title='bbox 394 1832 547 1898; x_wconf 86' lang='lat' dir='ltr'><strong>hostiliter</strong></span> <span class='ocrx_word' id='word_1_154' title='bbox 561 1832 780 1919; x_wconf 84' lang='lat' dir='ltr'><strong>depopulatus,</strong></span> <span class='ocrx_word' id='word_1_155' title='bbox 796 1833 837 1897; x_wconf 88' lang='lat' dir='ltr'><strong>ad</strong></span> <span class='ocrx_word' id='word_1_156' title='bbox 852 1845 947 1918; x_wconf 89' lang='lat' dir='ltr'><strong>caput</strong></span> <span class='ocrx_word' id='word_1_157' title='bbox 961 1855 1128 1920; x_wconf 84' lang='lat' dir='ltr'><strong>arcemque</strong></span> <span class='ocrx_word' id='word_1_158' title='bbox 1143 1834 1233 1921; x_wconf 84' lang='lat' dir='ltr'><strong>regni</strong></span> 
     </span>
     <span class='ocr_line' id='line_1_20' title="bbox 174 1917 1353 2007; baseline 0.002 -25"><span class='ocrx_word' id='word_1_159' title='bbox 174 1917 367 2006; x_wconf 81' lang='lat' dir='ltr'><strong>Pergamum</strong></span> <span class='ocrx_word' id='word_1_160' title='bbox 383 1919 471 1987; x_wconf 92' lang='lat' dir='ltr'><strong>ducit</strong></span> <span class='ocrx_word' id='word_1_161' title='bbox 483 1918 798 2007; x_wconf 46' lang='lat' dir='ltr'><strong>&amp;obpugnandum</strong></span> <span class='ocrx_word' id='word_1_162' title='bbox 822 1920 948 1984; x_wconf 89' lang='lat' dir='ltr'><strong>Attalus</strong></span> <span class='ocrx_word' id='word_1_163' title='bbox 962 1921 1076 2005; x_wconf 89' lang='lat' dir='ltr'><strong>prima,</strong></span> <span class='ocrx_word' id='word_1_164' title='bbox 1089 1920 1228 1986; x_wconf 88' lang='lat' dir='ltr'><strong>stationi·</strong></span> <span class='ocrx_word' id='word_1_165' title='bbox 1240 1919 1353 1998; x_wconf 53' lang='grc' dir='ltr'><strong>ΜΨ,</strong></span> 
     </span>
     <span class='ocr_line' id='line_1_21' title="bbox 174 1985 1361 2113; baseline 0.003 -45"><span class='ocrx_word' id='word_1_166' title='bbox 174 2004 236 2068; x_wconf 86' lang='lat' dir='ltr'><strong>bus</strong></span> <span class='ocrx_word' id='word_1_167' title='bbox 252 2018 325 2070; x_wconf 85' lang='lat' dir='ltr'><strong>ante</strong></span> <span class='ocrx_word' id='word_1_168' title='bbox 341 2005 449 2070; x_wconf 90' lang='lat' dir='ltr'><strong>urbem</strong></span> <span class='ocrx_word' id='word_1_169' title='bbox 474 2006 596 2092; x_wconf 89' lang='lat' dir='ltr'><strong>positis,</strong></span> <span class='ocrx_word' id='word_1_170' title='bbox 610 2019 643 2070; x_wconf 88' lang='lat' dir='ltr'><strong>et</strong></span> <span class='ocrx_word' id='word_1_171' title='bbox 668 2005 907 2072; x_wconf 85' lang='lat' dir='ltr'><strong>excursionibus</strong></span> <span class='ocrx_word' id='word_1_172' title='bbox 929 2005 1069 2093; x_wconf 89' lang='lat' dir='ltr'><strong>equitum</strong></span> <span class='ocrx_word' id='word_1_173' title='bbox 1092 1985 1361 2113; x_wconf 47' lang='lat' dir='ltr'><strong>levisquessfssg‘fshss</strong></span> 
     </span>
     <span class='ocr_line' id='line_1_22' title="bbox 172 2091 1358 2181; baseline 0.007 -26"><span class='ocrx_word' id='word_1_174' title='bbox 172 2104 354 2169; x_wconf 80' lang='lat' dir='ltr'><strong>armaturae,</strong></span> <span class='ocrx_word' id='word_1_175' title='bbox 371 2093 471 2180; x_wconf 85' lang='lat' dir='ltr'><strong>magis</strong></span> <span class='ocrx_word' id='word_1_176' title='bbox 486 2091 664 2169; x_wconf 87' lang='lat' dir='ltr'><strong>lacessebat,</strong></span> <span class='ocrx_word' id='word_1_177' title='bbox 676 2111 771 2177; x_wconf 91' lang='lat' dir='ltr'><strong>quam</strong></span> <span class='ocrx_word' id='word_1_178' title='bbox 789 2092 972 2181; x_wconf 84' lang='lat' dir='ltr'><strong>sustiqebat,</strong></span> <span class='ocrx_word' id='word_1_179' title='bbox 988 2092 1120 2160; x_wconf 88' lang='lat' dir='ltr'><strong>hostem.</strong></span> <span class='ocrx_word' id='word_1_180' title='bbox 1143 2106 1304 2178; x_wconf 79' lang='lat' dir='ltr'><strong>post-mam</strong></span> <span class='ocrx_word' id='word_1_181' title='bbox 1315 2115 1358 2163; x_wconf 81' lang='grc' dir='ltr'><strong>οι-</strong></span> 
     </span>
     <span class='ocr_line' id='line_1_23' title="bbox 173 2179 1340 2264; baseline 0.003 -22"><span class='ocrx_word' id='word_1_182' title='bbox 173 2199 273 2256; x_wconf 85' lang='lat' dir='ltr'><strong>remo,</strong></span> <span class='ocrx_word' id='word_1_183' title='bbox 297 2201 405 2264; x_wconf 90' lang='lat' dir='ltr'><strong>quum,</strong></span> <span class='ocrx_word' id='word_1_184' title='bbox 425 2201 483 2264; x_wconf 87' lang='lat' dir='ltr'><strong>per</strong></span> <span class='ocrx_word' id='word_1_185' title='bbox 503 2180 583 2244; x_wconf 88' lang='lat' dir='ltr'><strong>levia</strong></span> <span class='ocrx_word' id='word_1_186' title='bbox 602 2179 775 2244; x_wconf 88' lang='lat' dir='ltr'><strong>certamina</strong></span> <span class='ocrx_word' id='word_1_187' title='bbox 792 2192 948 2264; x_wconf 87' lang='lat' dir='ltr'><strong>expertus,</strong></span> <span class='ocrx_word' id='word_1_188' title='bbox 965 2179 1053 2246; x_wconf 88' lang='lat' dir='ltr'><strong>nulla</strong></span> <span class='ocrx_word' id='word_1_189' title='bbox 1066 2195 1164 2264; x_wconf 77' lang='lat' dir='ltr'><strong>¹parte</strong></span> <span class='ocrx_word' id='word_1_190' title='bbox 1184 2180 1340 2246; x_wconf 70' lang='lat' dir='ltr'><strong>vi-rusnst·</strong></span> 
     </span>
     <span class='ocr_line' id='line_1_24' title="bbox 163 2265 1232 2351; baseline 0.004 -23"><span class='ocrx_word' id='word_1_191' title='bbox 163 2265 255 2329; x_wconf 80' lang='lat' dir='ltr'><strong>rium</strong></span> <span class='ocrx_word' id='word_1_192' title='bbox 270 2287 304 2329; x_wconf 87' lang='lat' dir='ltr'><strong>se</strong></span> <span class='ocrx_word' id='word_1_193' title='bbox 317 2287 424 2349; x_wconf 89' lang='lat' dir='ltr'><strong>parem</strong></span> <span class='ocrx_word' id='word_1_194' title='bbox 440 2287 515 2342; x_wconf 87' lang='lat' dir='ltr'><strong>ease,</strong></span> <span class='ocrx_word' id='word_1_195' title='bbox 530 2266 614 2330; x_wconf 89' lang='lat' dir='ltr'><strong>intra</strong></span> <span class='ocrx_word' id='word_1_196' title='bbox 626 2268 745 2330; x_wconf 82' lang='lat' dir='ltr'><strong>muenia</strong></span> <span class='ocrx_word' id='word_1_197' title='bbox 758 2288 791 2330; x_wconf 90' lang='lat' dir='ltr'><strong>sc</strong></span> <span class='ocrx_word' id='word_1_198' title='bbox 804 2265 981 2351; x_wconf 87' lang='lat' dir='ltr'><strong>recepisset,</strong></span> <span class='ocrx_word' id='word_1_199' title='bbox 997 2267 1134 2332; x_wconf 81' lang='lat' dir='ltr'><strong>obsideri</strong></span> <span class='ocrx_word' id='word_1_200' title='bbox 1154 2267 1232 2332; x_wconf 82' lang='lat' dir='ltr'><strong>urbs</strong></span> 
     </span>
     <span class='ocr_line' id='line_1_25' title="bbox 171 2350 1231 2438; baseline 0.006 -24"><span class='ocrx_word' id='word_1_201' title='bbox 171 2365 282 2436; x_wconf 81' lang='lat' dir='ltr'><strong>coepte</strong></span> <span class='ocrx_word' id='word_1_202' title='bbox 300 2364 360 2418; x_wconf 89' lang='lat' dir='ltr'><strong>est.</strong></span> <span class='ocrx_word' id='word_1_203' title='bbox 391 2352 528 2416; x_wconf 81' lang='lat' dir='ltr'><strong>‘Eodem</strong></span> <span class='ocrx_word' id='word_1_204' title='bbox 551 2350 646 2416; x_wconf 87' lang='lat' dir='ltr'><strong>ferme</strong></span> <span class='ocrx_word' id='word_1_205' title='bbox 672 2367 823 2436; x_wconf 88' lang='lat' dir='ltr'><strong>tempore·</strong></span> <span class='ocrx_word' id='word_1_206' title='bbox 835 2365 867 2416; x_wconf 88' lang='lat' dir='ltr'><strong>et</strong></span> <span class='ocrx_word' id='word_1_207' title='bbox 882 2351 1071 2430; x_wconf 83' lang='lat' dir='ltr'><strong>Antiochus,</strong></span> <span class='ocrx_word' id='word_1_208' title='bbox 1087 2354 1128 2418; x_wconf 89' lang='lat' dir='ltr'><strong>ab</strong></span> <span class='ocrx_word' id='word_1_209' title='bbox 1143 2357 1231 2438; x_wconf 87' lang='lat' dir='ltr'><strong>Apa·</strong></span> 
     </span>
     <span class='ocr_line' id='line_1_26' title="bbox 172 2437 1232 2524; baseline 0.004 -22"><span class='ocrx_word' id='word_1_210' title='bbox 172 2457 244 2502; x_wconf 86' lang='lat' dir='ltr'><strong>mea</strong></span> <span class='ocrx_word' id='word_1_211' title='bbox 262 2437 430 2522; x_wconf 85' lang='lat' dir='ltr'><strong>profectus,</strong></span> <span class='ocrx_word' id='word_1_212' title='bbox 448 2437 600 2504; x_wconf 87' lang='lat' dir='ltr'><strong>Sardibus</strong></span> <span class='ocrx_word' id='word_1_213' title='bbox 616 2437 766 2523; x_wconf 88' lang='lat' dir='ltr'><strong>primam,</strong></span> <span class='ocrx_word' id='word_1_214' title='bbox 788 2438 913 2514; x_wconf 86' lang='lat' dir='ltr'><strong>deinde,</strong></span> <span class='ocrx_word' id='word_1_215' title='bbox 929 2437 1015 2506; x_wconf 88' lang='lat' dir='ltr'><strong>haud</strong></span> <span class='ocrx_word' id='word_1_216' title='bbox 1038 2438 1152 2524; x_wconf 86' lang='lat' dir='ltr'><strong>procul</strong></span> <span class='ocrx_word' id='word_1_217' title='bbox 1175 2441 1232 2506; x_wconf 89' lang='lat' dir='ltr'><strong>Se-</strong></span> 
     </span>
     <span class='ocr_line' id='line_1_27' title="bbox 167 2523 1247 2609; baseline 0.003 -21"><span class='ocrx_word' id='word_1_218' title='bbox 167 2523 254 2589; x_wconf 91' lang='lat' dir='ltr'><strong>leuci</strong></span> <span class='ocrx_word' id='word_1_219' title='bbox 283 2525 402 2600; x_wconf 78' lang='lat' dir='ltr'><strong>metris,</strong></span> <span class='ocrx_word' id='word_1_220' title='bbox 428 2525 471 2590; x_wconf 88' lang='lat' dir='ltr'><strong>ad</strong></span> <span class='ocrx_word' id='word_1_221' title='bbox 498 2538 594 2609; x_wconf 84' lang='lat' dir='ltr'><strong>caput</strong></span> <span class='ocrx_word' id='word_1_222' title='bbox 623 2523 713 2591; x_wconf 87' lang='lat' dir='ltr'><strong>Caici</strong></span> <span class='ocrx_word' id='word_1_223' title='bbox 741 2525 842 2588; x_wconf 89' lang='lat' dir='ltr'><strong>amnis</strong></span> <span class='ocrx_word' id='word_1_224' title='bbox 871 2525 983 2592; x_wconf 83' lang='lat' dir='ltr'><strong>stativa</strong></span> <span class='ocrx_word' id='word_1_225' title='bbox 1013 2525 1134 2602; x_wconf 89' lang='lat' dir='ltr'><strong>habuit,</strong></span> <span class='ocrx_word' id='word_1_226' title='bbox 1158 2549 1247 2598; x_wconf 75' lang='lat' dir='ltr'><strong>cum,</strong></span> 
     </span>
     <span class='ocr_line' id='line_1_28' title="bbox 172 2609 1232 2697; baseline 0.003 -23"><span class='ocrx_word' id='word_1_227' title='bbox 172 2621 291 2696; x_wconf 73' lang='lat' dir='ltr'><strong>magno</strong></span> <span class='ocrx_word' id='word_1_228' title='bbox 306 2609 446 2678; x_wconf 85' lang='lat' dir='ltr'><strong>exercitu</strong></span> <span class='ocrx_word' id='word_1_229' title='bbox 469 2611 573 2676; x_wconf 87' lang='lat' dir='ltr'><strong>mixto</strong></span> <span class='ocrx_word' id='word_1_230' title='bbox 594 2610 687 2676; x_wconf 88' lang='lat' dir='ltr'><strong>variis</strong></span> <span class='ocrx_word' id='word_1_231' title='bbox 709 2633 749 2674; x_wconf 94' lang='lat' dir='ltr'><strong>ex</strong></span> <span class='ocrx_word' id='word_1_232' title='bbox 771 2610 930 2697; x_wconf 86' lang='lat' dir='ltr'><strong>gentibus.</strong></span> <span class='ocrx_word' id='word_1_233' title='bbox 977 2611 1153 2679; x_wconf 89' lang='lat' dir='ltr'><strong>Plurimum</strong></span> <span class='ocrx_word' id='word_1_234' title='bbox 1168 2627 1232 2680; x_wconf 87' lang='lat' dir='ltr'><strong>ter·</strong></span> 
     </span>
     <span class='ocr_line' id='line_1_29' title="bbox 170 2696 1231 2782; baseline 0.005 -22"><span class='ocrx_word' id='word_1_235' title='bbox 170 2697 253 2761; x_wconf 90' lang='lat' dir='ltr'><strong>roris</strong></span> <span class='ocrx_word' id='word_1_236' title='bbox 268 2699 301 2761; x_wconf 92' lang='lat' dir='ltr'><strong>in</strong></span> <span class='ocrx_word' id='word_1_237' title='bbox 316 2696 483 2762; x_wconf 84' lang='lat' dir='ltr'><strong>Gallorum</strong></span> <span class='ocrx_word' id='word_1_238' title='bbox 500 2697 643 2763; x_wconf 85' lang='lat' dir='ltr'><strong>mercede</strong></span> <span class='ocrx_word' id='word_1_239' title='bbox 665 2696 829 2762; x_wconf 90' lang='lat' dir='ltr'><strong>conductis</strong></span> <span class='ocrx_word' id='word_1_240' title='bbox 851 2712 988 2782; x_wconf 85' lang='lat' dir='ltr'><strong>quatuor</strong></span> <span class='ocrx_word' id='word_1_241' title='bbox 1002 2700 1141 2782; x_wconf 78' lang='lat' dir='ltr'><strong>millibus</strong></span> <span class='ocrx_word' id='word_1_242' title='bbox 1155 2713 1231 2766; x_wconf 84' lang='lat' dir='ltr'><strong>erat.</strong></span> 
     </span>
     <span class='ocr_line' id='line_1_30' title="bbox 169 2781 1232 2872; baseline 0.002 -26"><span class='ocrx_word' id='word_1_243' title='bbox 169 2781 241 2860; x_wconf 88' lang='lat' dir='ltr'><strong>hos,</strong></span> <span class='ocrx_word' id='word_1_244' title='bbox 265 2785 372 2867; x_wconf 89' lang='lat' dir='ltr'><strong>paucis</strong></span> <span class='ocrx_word' id='word_1_245' title='bbox 400 2784 559 2859; x_wconf 87' lang='lat' dir='ltr'><strong>admixtis,</strong></span> <span class='ocrx_word' id='word_1_246' title='bbox 584 2783 624 2850; x_wconf 87' lang='lat' dir='ltr'><strong>ad</strong></span> <span class='ocrx_word' id='word_1_247' title='bbox 651 2782 893 2867; x_wconf 83' lang='lat' dir='ltr'><strong>pervastandum</strong></span> <span class='ocrx_word' id='word_1_248' title='bbox 919 2785 1046 2868; x_wconf 40' lang='lat' dir='ltr'><strong>passim,</strong></span> <span class='ocrx_word' id='word_1_249' title='bbox 1063 2785 1232 2872; x_wconf 77' lang='lat' dir='ltr'><strong>Pergame-</strong></span> 
     </span>
     <span class='ocr_line' id='line_1_31' title="bbox 169 2869 1231 2954; baseline 0.002 -22"><span class='ocrx_word' id='word_1_250' title='bbox 169 2889 249 2933; x_wconf 91' lang='lat' dir='ltr'><strong>num</strong></span> <span class='ocrx_word' id='word_1_251' title='bbox 264 2892 377 2954; x_wconf 72' lang='lat' dir='ltr'><strong>agrum</strong></span> <span class='ocrx_word' id='word_1_252' title='bbox 394 2871 489 2935; x_wconf 88' lang='lat' dir='ltr'><strong>misit.</strong></span> <span class='ocrx_word' id='word_1_253' title='bbox 534 2869 619 2946; x_wconf 78' lang='lat' dir='ltr'><strong>Quae</strong></span> <span class='ocrx_word' id='word_1_254' title='bbox 640 2881 810 2954; x_wconf 89' lang='lat' dir='ltr'><strong>postquam</strong></span> <span class='ocrx_word' id='word_1_255' title='bbox 837 2871 966 2940; x_wconf 88' lang='lat' dir='ltr'><strong>Samum</strong></span> <span class='ocrx_word' id='word_1_256' title='bbox 983 2883 1057 2936; x_wconf 88' lang='lat' dir='ltr'><strong>sunt</strong></span> <span class='ocrx_word' id='word_1_257' title='bbox 1070 2871 1231 2949; x_wconf 86' lang='lat' dir='ltr'><strong>nunciata,</strong></span> 
     </span>
     <span class='ocr_line' id='line_1_32' title="bbox 169 2954 1232 3040; baseline 0.002 -20"><span class='ocrx_word' id='word_1_258' title='bbox 169 2955 278 3040; x_wconf 91' lang='lat' dir='ltr'><strong>primo</strong></span> <span class='ocrx_word' id='word_1_259' title='bbox 293 2956 462 3034; x_wconf 86' lang='lat' dir='ltr'><strong>Eumenes,</strong></span> <span class='ocrx_word' id='word_1_260' title='bbox 478 2969 626 3022; x_wconf 85' lang='lat' dir='ltr'><strong>avocatus</strong></span> <span class='ocrx_word' id='word_1_261' title='bbox 641 2955 814 3020; x_wconf 87' lang='lat' dir='ltr'><strong>domestico</strong></span> <span class='ocrx_word' id='word_1_262' title='bbox 834 2954 928 3032; x_wconf 91' lang='lat' dir='ltr'><strong>bello,</strong></span> <span class='ocrx_word' id='word_1_263' title='bbox 944 2955 1131 3025; x_wconf 75' lang='lat' dir='ltr'><strong>cumulasse</strong></span> <span class='ocrx_word' id='word_1_264' title='bbox 1147 2956 1232 3022; x_wconf 65' lang='lat' dir='ltr'>131ae-</span> 
     </span>
     <span class='ocr_line' id='line_1_33' title="bbox 171 3039 1233 3129; baseline 0.001 -21"><span class='ocrx_word' id='word_1_265' title='bbox 171 3051 224 3108; x_wconf 87' lang='lat' dir='ltr'><strong>am</strong></span> <span class='ocrx_word' id='word_1_266' title='bbox 245 3043 344 3128; x_wconf 87' lang='lat' dir='ltr'><strong>petit:</strong></span> <span class='ocrx_word' id='word_1_267' title='bbox 367 3043 452 3122; x_wconf 90' lang='lat' dir='ltr'><strong>inde,</strong></span> <span class='ocrx_word' id='word_1_268' title='bbox 475 3063 573 3129; x_wconf 91' lang='lat' dir='ltr'><strong>quum</strong></span> <span class='ocrx_word' id='word_1_269' title='bbox 595 3054 712 3128; x_wconf 79' lang='lat' dir='ltr'><strong>praesto</strong></span> <span class='ocrx_word' id='word_1_270' title='bbox 734 3039 866 3108; x_wconf 85' lang='lat' dir='ltr'><strong>fuissent</strong></span> <span class='ocrx_word' id='word_1_271' title='bbox 886 3042 1007 3129; x_wconf 87' lang='lat' dir='ltr'><strong>equites</strong></span> <span class='ocrx_word' id='word_1_272' title='bbox 1027 3043 1233 3129; x_wconf 89' lang='lat' dir='ltr'><strong>peditumque</strong></span> 
     </span>
     <span class='ocr_line' id='line_1_34' title="bbox 170 3127 1232 3214; baseline 0 -20"><span class='ocrx_word' id='word_1_273' title='bbox 170 3129 324 3214; x_wconf 83' lang='lat' dir='ltr'><strong>expediti,</strong></span> <span class='ocrx_word' id='word_1_274' title='bbox 338 3131 490 3214; x_wconf 81' lang='lat' dir='ltr'><strong>praesidio</strong></span> <span class='ocrx_word' id='word_1_275' title='bbox 507 3151 618 3194; x_wconf 90' lang='lat' dir='ltr'><strong>eorum</strong></span> <span class='ocrx_word' id='word_1_276' title='bbox 634 3142 730 3205; x_wconf 88' lang='lat' dir='ltr'><strong>tutus,</strong></span> <span class='ocrx_word' id='word_1_277' title='bbox 746 3129 928 3214; x_wconf 87' lang='lat' dir='ltr'><strong>priusquam</strong></span> <span class='ocrx_word' id='word_1_278' title='bbox 950 3127 1232 3208; x_wconf 83' lang='lat' dir='ltr'><strong>hostessentirent,</strong></span> 
     </span>
     <span class='ocr_line' id='line_1_35' title="bbox 170 3215 1268 3304; baseline 0.004 -24"><span class='ocrx_word' id='word_1_279' title='bbox 170 3229 228 3280; x_wconf 84' lang='lat' dir='ltr'><strong>aut</strong></span> <span class='ocrx_word' id='word_1_280' title='bbox 249 3229 462 3293; x_wconf 83' lang='lat' dir='ltr'><strong>moverentur,</strong></span> <span class='ocrx_word' id='word_1_281' title='bbox 481 3216 670 3304; x_wconf 78' lang='lat' dir='ltr'><strong>Pergamum</strong></span> <span class='ocrx_word' id='word_1_282' title='bbox 697 3215 867 3280; x_wconf 88' lang='lat' dir='ltr'><strong>contendit.</strong></span> <span class='ocrx_word' id='word_1_283' title='bbox 890 3215 934 3280; x_wconf 90' lang='lat' dir='ltr'><strong>ibi</strong></span> <span class='ocrx_word' id='word_1_284' title='bbox 954 3237 1064 3282; x_wconf 91' lang='lat' dir='ltr'><strong>rursus</strong></span> <span class='ocrx_word' id='word_1_285' title='bbox 1082 3215 1162 3282; x_wconf 87' lang='lat' dir='ltr'><strong>levia</strong></span> <span class='ocrx_word' id='word_1_286' title='bbox 1176 3239 1233 3302; x_wconf 88' lang='lat' dir='ltr'><strong>per</strong></span> <span class='ocrx_word' id='word_1_287' title='bbox 1266 3279 1268 3284; x_wconf 81' lang='grc'>,</span> 
     </span>
     <span class='ocr_line' id='line_1_36' title="bbox 168 3301 1233 3386; baseline 0 -20"><span class='ocrx_word' id='word_1_288' title='bbox 168 3301 370 3366; x_wconf 85' lang='lat' dir='ltr'><strong>excursiones</strong></span> <span class='ocrx_word' id='word_1_289' title='bbox 392 3301 504 3386; x_wconf 92' lang='lat' dir='ltr'><strong>proelia</strong></span> <span class='ocrx_word' id='word_1_290' title='bbox 525 3301 593 3366; x_wconf 86' lang='lat' dir='ltr'><strong>fieri</strong></span> <span class='ocrx_word' id='word_1_291' title='bbox 616 3315 730 3386; x_wconf 85' lang='lat' dir='ltr'><strong>coepta,</strong></span> <span class='ocrx_word' id='word_1_292' title='bbox 747 3301 891 3366; x_wconf 90' lang='lat' dir='ltr'><strong>Eumene</strong></span> <span class='ocrx_word' id='word_1_293' title='bbox 912 3323 1045 3366; x_wconf 78' lang='lat' dir='ltr'><strong>summas</strong></span> <span class='ocrx_word' id='word_1_294' title='bbox 1061 3304 1106 3367; x_wconf 88' lang='lat' dir='ltr'><strong>rei</strong></span> <span class='ocrx_word' id='word_1_295' title='bbox 1121 3303 1233 3368; x_wconf 88' lang='lat' dir='ltr'><strong>discri-</strong></span> 
     </span>
     <span class='ocr_line' id='line_1_37' title="bbox 167 3387 1233 3473; baseline 0.005 -22"><span class='ocrx_word' id='word_1_296' title='bbox 167 3409 241 3452; x_wconf 88' lang='lat' dir='ltr'><strong>men</strong></span> <span class='ocrx_word' id='word_1_297' title='bbox 269 3388 473 3454; x_wconf 87' lang='lat' dir='ltr'><strong>hauddubie</strong></span> <span class='ocrx_word' id='word_1_298' title='bbox 499 3389 700 3453; x_wconf 89' lang='lat' dir='ltr'><strong>detrectante.</strong></span> <span class='ocrx_word' id='word_1_299' title='bbox 748 3387 870 3452; x_wconf 87' lang='lat' dir='ltr'><strong>Paucos</strong></span> <span class='ocrx_word' id='word_1_300' title='bbox 895 3400 968 3473; x_wconf 84' lang='lat' dir='ltr'><strong>post</strong></span> <span class='ocrx_word' id='word_1_301' title='bbox 991 3387 1059 3454; x_wconf 90' lang='lat' dir='ltr'><strong>dies</strong></span> <span class='ocrx_word' id='word_1_302' title='bbox 1084 3389 1233 3458; x_wconf 86' lang='lat' dir='ltr'><strong>Romana</strong></span> 
     </span>
    </p>

    <p class='ocr_par' dir='ltr' id='par_1_4' title="bbox 96 3473 1399 3819">
     <span class='ocr_line' id='line_1_38' title="bbox 96 3473 1233 3563; baseline 0.004 -24"><span class='ocrx_word' id='word_1_303' title='bbox 96 3491 99 3500; x_wconf 67' lang='lat'><strong><em>¹</em></strong></span> <span class='ocrx_word' id='word_1_304' title='bbox 171 3473 364 3561; x_wconf 87' lang='lat' dir='ltr'><strong>Rhodiaque</strong></span> <span class='ocrx_word' id='word_1_305' title='bbox 386 3475 501 3552; x_wconf 88' lang='lat' dir='ltr'><strong>classis,</strong></span> <span class='ocrx_word' id='word_1_306' title='bbox 519 3491 552 3538; x_wconf 91' lang='lat' dir='ltr'><strong>ut</strong></span> <span class='ocrx_word' id='word_1_307' title='bbox 576 3474 644 3563; x_wconf 90' lang='lat' dir='ltr'><strong>regi</strong></span> <span class='ocrx_word' id='word_1_308' title='bbox 666 3497 759 3560; x_wconf 90' lang='lat' dir='ltr'><strong>opem</strong></span> <span class='ocrx_word' id='word_1_309' title='bbox 784 3473 913 3553; x_wconf 84' lang='lat' dir='ltr'><strong>ferrent,</strong></span> <span class='ocrx_word' id='word_1_310' title='bbox 930 3474 1051 3539; x_wconf 86' lang='lat' dir='ltr'><strong>Elaeam</strong></span> <span class='ocrx_word' id='word_1_311' title='bbox 1075 3476 1115 3541; x_wconf 89' lang='lat' dir='ltr'><strong>ab</strong></span> <span class='ocrx_word' id='word_1_312' title='bbox 1137 3479 1233 3543; x_wconf 89' lang='lat' dir='ltr'><strong>Sarno</strong></span> 
     </span>
     <span class='ocr_line' id='line_1_39' title="bbox 168 3555 1399 3646; baseline 0.005 -22"><span class='ocrx_word' id='word_1_313' title='bbox 168 3555 336 3628; x_wconf 82' lang='lat' dir='ltr'><strong>venerunt.</strong></span> <span class='ocrx_word' id='word_1_314' title='bbox 381 3561 474 3638; x_wconf 86' lang='lat' dir='ltr'><strong>Quos</strong></span> <span class='ocrx_word' id='word_1_315' title='bbox 489 3561 543 3625; x_wconf 92' lang='lat' dir='ltr'><strong>ubi</strong></span> <span class='ocrx_word' id='word_1_316' title='bbox 558 3561 740 3646; x_wconf 88' lang='lat' dir='ltr'><strong>exposuisse</strong></span> <span class='ocrx_word' id='word_1_317' title='bbox 754 3560 861 3646; x_wconf 87' lang='lat' dir='ltr'><strong>copies</strong></span> <span class='ocrx_word' id='word_1_318' title='bbox 883 3559 992 3639; x_wconf 86' lang='lat' dir='ltr'><strong>Elaeae,</strong></span> <span class='ocrx_word' id='word_1_319' title='bbox 1008 3575 1040 3627; x_wconf 84' lang='lat' dir='ltr'><strong>et</strong></span> <span class='ocrx_word' id='word_1_320' title='bbox 1057 3575 1105 3628; x_wconf 88' lang='lat' dir='ltr'><strong>tot</strong></span> <span class='ocrx_word' id='word_1_321' title='bbox 1120 3563 1232 3630; x_wconf 88' lang='lat' dir='ltr'><strong>classes</strong></span> <span class='ocrx_word' id='word_1_322' title='bbox 1283 3580 1288 3592; x_wconf 84' lang='lat'>&#39;</span> <span class='ocrx_word' id='word_1_323' title='bbox 1390 3605 1399 3630; x_wconf 64' lang='grc' dir='ltr'><strong>ι</strong></span> 
     </span>
     <span class='ocr_line' id='line_1_40' title="bbox 167 3646 1233 3731; baseline 0.005 -20"><span class='ocrx_word' id='word_1_324' title='bbox 167 3646 202 3711; x_wconf 84' lang='grc' dir='ltr'><strong>ἱιι</strong></span> <span class='ocrx_word' id='word_1_325' title='bbox 219 3670 317 3713; x_wconf 90' lang='lat' dir='ltr'><strong>unum</strong></span> <span class='ocrx_word' id='word_1_326' title='bbox 332 3649 517 3712; x_wconf 83' lang='lat' dir='ltr'><strong>convenisse</strong></span> <span class='ocrx_word' id='word_1_327' title='bbox 539 3662 677 3731; x_wconf 88' lang='lat' dir='ltr'><strong>portum,</strong></span> <span class='ocrx_word' id='word_1_328' title='bbox 694 3647 857 3712; x_wconf 91' lang='lat' dir='ltr'><strong>Antiocho</strong></span> <span class='ocrx_word' id='word_1_329' title='bbox 879 3647 1019 3712; x_wconf 86' lang='lat' dir='ltr'><strong>adlatum</strong></span> <span class='ocrx_word' id='word_1_330' title='bbox 1036 3662 1103 3727; x_wconf 89' lang='lat' dir='ltr'><strong>est;</strong></span> <span class='ocrx_word' id='word_1_331' title='bbox 1127 3666 1158 3715; x_wconf 86' lang='lat' dir='ltr'><strong>et</strong></span> <span class='ocrx_word' id='word_1_332' title='bbox 1173 3651 1233 3716; x_wconf 92' lang='lat' dir='ltr'><strong>sub</strong></span> 
     </span>
     <span class='ocr_line' id='line_1_41' title="bbox 170 3732 1232 3819; baseline 0.005 -22"><span class='ocrx_word' id='word_1_333' title='bbox 170 3733 254 3798; x_wconf 91' lang='lat' dir='ltr'><strong>idem</strong></span> <span class='ocrx_word' id='word_1_334' title='bbox 271 3747 395 3819; x_wconf 88' lang='lat' dir='ltr'><strong>tempus</strong></span> <span class='ocrx_word' id='word_1_335' title='bbox 417 3733 546 3811; x_wconf 83' lang='lat' dir='ltr'><strong>audivit,</strong></span> <span class='ocrx_word' id='word_1_336' title='bbox 563 3732 722 3797; x_wconf 87' lang='lat' dir='ltr'><strong>consulem</strong></span> <span class='ocrx_word' id='word_1_337' title='bbox 745 3755 817 3797; x_wconf 91' lang='lat' dir='ltr'><strong>cum</strong></span> <span class='ocrx_word' id='word_1_338' title='bbox 840 3735 979 3799; x_wconf 87' lang='lat' dir='ltr'><strong>exercitu</strong></span> <span class='ocrx_word' id='word_1_339' title='bbox 995 3737 1055 3800; x_wconf 89' lang='lat' dir='ltr'><strong>&#39;am</strong></span> <span class='ocrx_word' id='word_1_340' title='bbox 1072 3737 1104 3800; x_wconf 94' lang='lat' dir='ltr'><strong>in</strong></span> <span class='ocrx_word' id='word_1_341' title='bbox 1122 3737 1232 3802; x_wconf 89' lang='lat' dir='ltr'><strong>Mace-</strong></span> 
     </span>
    </p>
   </div>
   <div class='ocr_carea' id='block_1_3' title="bbox 167 3817 1233 4036">
    <p class='ocr_par' dir='ltr' id='par_1_5' title="bbox 167 3817 1233 4036">
     <span class='ocr_line' id='line_1_42' title="bbox 167 3817 1233 3910; baseline 0.004 -26"><span class='ocrx_word' id='word_1_342' title='bbox 167 3817 266 3886; x_wconf 87' lang='lat' dir='ltr'><strong>donia</strong></span> <span class='ocrx_word' id='word_1_343' title='bbox 280 3843 355 3898; x_wconf 89' lang='lat' dir='ltr'><strong>esse,</strong></span> <span class='ocrx_word' id='word_1_344' title='bbox 371 3821 550 3908; x_wconf 84' lang='lat' dir='ltr'><strong>pararique,</strong></span> <span class='ocrx_word' id='word_1_345' title='bbox 565 3819 673 3906; x_wconf 79' lang='lat' dir='ltr'><strong>⁵⁶quae</strong></span> <span class='ocrx_word' id='word_1_346' title='bbox 687 3819 729 3884; x_wconf 89' lang='lat' dir='ltr'><strong>ad</strong></span> <span class='ocrx_word' id='word_1_347' title='bbox 750 3821 916 3884; x_wconf 90' lang='lat' dir='ltr'><strong>transitum</strong></span> <span class='ocrx_word' id='word_1_348' title='bbox 934 3821 990 3886; x_wconf 91' lang='lat' dir='ltr'><strong>Hc</strong></span> <span class='ocrx_word' id='word_1_349' title='bbox 1004 3822 1139 3909; x_wconf 90' lang='lat' dir='ltr'><strong>lesponti</strong></span> <span class='ocrx_word' id='word_1_350' title='bbox 1153 3847 1233 3910; x_wconf 90' lang='lat' dir='ltr'><strong>opus</strong></span> 
     </span>
     <span class='ocr_line' id='line_1_43' title="bbox 426 3974 980 4036; baseline 0 -14"><span class='ocrx_word' id='word_1_351' title='bbox 426 3975 434 4006; x_wconf 72' lang='grc' dir='ltr'><strong>ῑ</strong></span> <span class='ocrx_word' id='word_1_352' title='bbox 446 3975 539 4024; x_wconf 82' lang='lat' dir='ltr'><strong>reducit</strong></span> <span class='ocrx_word' id='word_1_353' title='bbox 549 3974 616 4022; x_wconf 78' lang='lat' dir='ltr'><strong>Creu.</strong></span> <span class='ocrx_word' id='word_1_354' title='bbox 686 3974 894 4036; x_wconf 66' lang='lat' dir='ltr'><strong>“oppugnandam</strong></span> <span class='ocrx_word' id='word_1_355' title='bbox 906 3976 980 4036; x_wconf 72' lang='lat' dir='ltr'><strong>Gran,</strong></span> 
     </span>
    </p>
   </div>
   <div class='ocr_carea' id='block_1_4' title="bbox 166 4105 1233 4300">
    <p class='ocr_par' dir='ltr' id='par_1_6' title="bbox 166 4105 1233 4300">
     <span class='ocr_line' id='line_1_44' title="bbox 201 4105 1232 4174; baseline 0.004 -20"><span class='ocrx_word' id='word_1_356' title='bbox 201 4108 364 4156; x_wconf 74' lang='lat' dir='ltr'><strong>5³⁰1³acutir</strong></span> <span class='ocrx_word' id='word_1_357' title='bbox 383 4105 478 4172; x_wconf 65' lang='lat' dir='ltr'><strong>retnis]</strong></span> <span class='ocrx_word' id='word_1_358' title='bbox 506 4110 587 4161; x_wconf 83' lang='lat' dir='ltr'><strong>Quum</strong></span> <span class='ocrx_word' id='word_1_359' title='bbox 608 4111 685 4165; x_wconf 73' lang='lat' dir='ltr'><strong>cetera</strong></span> <span class='ocrx_word' id='word_1_360' title='bbox 749 4115 779 4156; x_wconf 81' lang='lat'><strong>55</strong></span> <span class='ocrx_word' id='word_1_361' title='bbox 810 4109 1012 4174; x_wconf 76' lang='lat' dir='ltr'><strong>Oppugacadum]</strong></span> <span class='ocrx_word' id='word_1_362' title='bbox 1054 4110 1163 4166; x_wconf 72' lang='lat' dir='ltr'><strong>Sigonius</strong></span> <span class='ocrx_word' id='word_1_363' title='bbox 1186 4111 1232 4172; x_wconf 78' lang='lat' dir='ltr'><strong>legi</strong></span> 
     </span>
     <span class='ocr_line' id='line_1_45' title="bbox 166 4173 1233 4237; baseline 0.002 -17"><span class='ocrx_word' id='word_1_364' title='bbox 166 4173 264 4235; x_wconf 79' lang='lat' dir='ltr'><strong>oppida,</strong></span> <span class='ocrx_word' id='word_1_365' title='bbox 287 4173 348 4232; x_wconf 85' lang='lat' dir='ltr'><strong>loca,</strong></span> <span class='ocrx_word' id='word_1_366' title='bbox 371 4179 455 4234; x_wconf 81' lang='lat' dir='ltr'><strong>praeter</strong></span> <span class='ocrx_word' id='word_1_367' title='bbox 475 4176 581 4233; x_wconf 66' lang='lat' dir='ltr'><strong>dossum,</strong></span> <span class='ocrx_word' id='word_1_368' title='bbox 602 4183 685 4237; x_wconf 82' lang='lat' dir='ltr'><strong>pacata</strong></span> <span class='ocrx_word' id='word_1_369' title='bbox 713 4175 816 4234; x_wconf 69' lang='lat' dir='ltr'><strong>iusserat</strong></span> <span class='ocrx_word' id='word_1_370' title='bbox 839 4177 1029 4236; x_wconf 73' lang='lat' dir='ltr'><strong>oppuguandam.</strong></span> <span class='ocrx_word' id='word_1_371' title='bbox 1062 4175 1107 4220; x_wconf 86' lang='lat' dir='ltr'><strong>Sed</strong></span> <span class='ocrx_word' id='word_1_372' title='bbox 1125 4175 1149 4221; x_wconf 90' lang='lat' dir='ltr'><strong>id</strong></span> <span class='ocrx_word' id='word_1_373' title='bbox 1169 4177 1233 4234; x_wconf 90' lang='lat' dir='ltr'><strong>quad</strong></span> 
     </span>
     <span class='ocr_line' id='line_1_46' title="bbox 166 4239 1231 4300; baseline 0.001 -14"><span class='ocrx_word' id='word_1_374' title='bbox 166 4245 248 4286; x_wconf 79' lang='lat' dir='ltr'><strong>esseut</strong></span> <span class='ocrx_word' id='word_1_375' title='bbox 256 4244 280 4284; x_wconf 88' lang='lat' dir='ltr'><strong>at</strong></span> <span class='ocrx_word' id='word_1_376' title='bbox 291 4241 368 4286; x_wconf 84' lang='lat' dir='ltr'><strong>amica</strong></span> <span class='ocrx_word' id='word_1_377' title='bbox 378 4240 500 4288; x_wconf 68' lang='lat' dir='ltr'><strong>Romanis.</strong></span> <span class='ocrx_word' id='word_1_378' title='bbox 716 4240 831 4288; x_wconf 84' lang='lat' dir='ltr'><strong>edidimus</strong></span> <span class='ocrx_word' id='word_1_379' title='bbox 844 4249 946 4288; x_wconf 89' lang='lat' dir='ltr'><strong>tuentur</strong></span> <span class='ocrx_word' id='word_1_380' title='bbox 962 4239 1015 4286; x_wconf 85' lang='lat' dir='ltr'><strong>libri</strong></span> <span class='ocrx_word' id='word_1_381' title='bbox 1026 4239 1109 4286; x_wconf 86' lang='lat' dir='ltr'><strong>Medio</strong></span> <span class='ocrx_word' id='word_1_382' title='bbox 1121 4241 1231 4300; x_wconf 81' lang='lat' dir='ltr'><strong>inspecti,</strong></span> 
     </span>
    </p>
   </div>
   <div class='ocr_carea' id='block_1_5' title="bbox 201 4303 1062 4367">
    <p class='ocr_par' dir='ltr' id='par_1_7' title="bbox 201 4303 1062 4367">
     <span class='ocr_line' id='line_1_47' title="bbox 201 4303 1062 4367; baseline -0.001 -18"><span class='ocrx_word' id='word_1_383' title='bbox 201 4308 232 4349; x_wconf 78' lang='lat' dir='ltr'><strong>st</strong></span> <span class='ocrx_word' id='word_1_384' title='bbox 250 4303 282 4349; x_wconf 76' lang='lat' dir='ltr'><strong>Iri</strong></span> <span class='ocrx_word' id='word_1_385' title='bbox 289 4305 432 4367; x_wconf 78' lang='lat' dir='ltr'><strong>principiis]</strong></span> <span class='ocrx_word' id='word_1_386' title='bbox 447 4307 501 4353; x_wconf 89' lang='lat' dir='ltr'><strong>Vid.</strong></span> <span class='ocrx_word' id='word_1_387' title='bbox 514 4312 564 4354; x_wconf 84' lang='lat' dir='ltr'><strong>not.</strong></span> <span class='ocrx_word' id='word_1_388' title='bbox 576 4311 615 4354; x_wconf 79' lang='lat'><strong>65.</strong></span> <span class='ocrx_word' id='word_1_389' title='bbox 627 4307 682 4354; x_wconf 77' lang='lat' dir='ltr'><strong>adi</strong></span> <span class='ocrx_word' id='word_1_390' title='bbox 716 4311 741 4354; x_wconf 88' lang='lat' dir='ltr'><strong>at</strong></span> <span class='ocrx_word' id='word_1_391' title='bbox 750 4313 832 4353; x_wconf 83' lang='lat' dir='ltr'><strong>noster</strong></span> <span class='ocrx_word' id='word_1_392' title='bbox 843 4307 905 4354; x_wconf 80' lang='lat' dir='ltr'><strong>vict.</strong></span> <span class='ocrx_word' id='word_1_393' title='bbox 915 4312 939 4354; x_wconf 88' lang='lat' dir='ltr'><strong>et</strong></span> <span class='ocrx_word' id='word_1_394' title='bbox 949 4305 1062 4354; x_wconf 83' lang='lat' dir='ltr'><strong>Andreas.</strong></span> 
     </span>
    </p>
   </div>
   <div class='ocr_carea' id='block_1_6' title="bbox 670 4359 684 4388">
    <p class='ocr_par' dir='ltr' id='par_1_8' title="bbox 670 4359 684 4388">
     <span class='ocr_line' id='line_1_48' title="bbox 670 4359 684 4388; baseline 0 0"><span class='ocrx_word' id='word_1_395' title='bbox 670 4359 684 4388; x_wconf 57' lang='grc' dir='ltr'><strong>ἦ</strong></span> 
     </span>
    </p>
   </div>
   <div class='ocr_carea' id='block_1_7' title="bbox 166 4363 1233 4434">
    <p class='ocr_par' dir='ltr' id='par_1_9' title="bbox 166 4363 1233 4434">
     <span class='ocr_line' id='line_1_49' title="bbox 166 4363 1233 4434; baseline 0.003 -19"><span class='ocrx_word' id='word_1_396' title='bbox 166 4367 223 4415; x_wconf 89' lang='lat' dir='ltr'><strong>Vll.</strong></span> <span class='ocrx_word' id='word_1_397' title='bbox 236 4383 257 4416; x_wconf 92' lang='lat' dir='ltr'><strong>c.</strong></span> <span class='ocrx_word' id='word_1_398' title='bbox 271 4374 308 4414; x_wconf 80' lang='lat' dir='ltr'><strong>ts.</strong></span> <span class='ocrx_word' id='word_1_399' title='bbox 320 4381 397 4430; x_wconf 74' lang='lat' dir='ltr'><strong>supra.</strong></span> <span class='ocrx_word' id='word_1_400' title='bbox 750 4373 781 4417; x_wconf 84' lang='lat'><strong>56</strong></span> <span class='ocrx_word' id='word_1_401' title='bbox 801 4371 860 4426; x_wconf 80' lang='lat' dir='ltr'><strong>Quoe</strong></span> <span class='ocrx_word' id='word_1_402' title='bbox 874 4400 880 4416; x_wconf 90' lang='lat'><strong>.</strong></span> <span class='ocrx_word' id='word_1_403' title='bbox 894 4386 1007 4432; x_wconf 80' lang='lat' dir='ltr'><strong>...opus</strong></span> <span class='ocrx_word' id='word_1_404' title='bbox 1026 4363 1113 4432; x_wconf 66' lang='lat' dir='ltr'><strong>essent]</strong></span> <span class='ocrx_word' id='word_1_405' title='bbox 1144 4371 1233 4434; x_wconf 84' lang='lat' dir='ltr'><strong>Vocem</strong></span> 
     </span>
    </p>
   </div>
   <div class='ocr_carea' id='block_1_8' title="bbox 761 4444 819 4519">
    <p class='ocr_par' dir='ltr' id='par_1_10' title="bbox 761 4444 819 4519">
     <span class='ocr_line' id='line_1_50' title="bbox 761 4444 819 4519; baseline 0 0"><span class='ocrx_word' id='word_1_406' title='bbox 761 4444 819 4519; x_wconf 73' lang='lat' dir='ltr'><strong>vs</strong></span> 
     </span>
    </p>
   </div>
   <div class='ocr_carea' id='block_1_9' title="bbox 0 0 1568 4978">
    <p class='ocr_par' dir='ltr' id='par_1_11' title="bbox 0 0 1568 4978">
     <span class='ocr_line' id='line_1_51' title="bbox 0 0 1568 4978; baseline 0 1"><span class='ocrx_word' id='word_1_407' title='bbox 0 0 1568 4978; x_wconf 95' lang='lat' dir='ltr'><strong> </strong></span> 
     </span>
    </p>
   </div>
  </div>
 </body>
</html>
