3042 4954
320 238 322 248 y
395 145 638 208 arnsxrrxn
666 147 915 242 clenni.¹
1128 155 1163 210 n
1206 115 1209 122 ⁴

90 311 198 398 pirum
218 310 386 400 ingentem
408 325 568 380 exortum.
612 313 684 378 Jam
704 311 888 378 animalium
910 311 1053 378 obsooeni
1065 311 1310 402 foetusufcsse.

93 398 245 482 pluribus
264 400 345 464 locis
358 401 605 466 nunciabantur.
627 399 660 462 in
685 400 810 465 Sabinis
832 400 970 466 incertus
985 400 1087 466 infans
1107 423 1165 466 na·
1173 398 1204 444 A.
1216 400 1243 443 ⁰·
1254 401 1308 440 ⁹⁰⁰·

89 497 157 562 tus,
173 485 330 552 masculus
353 505 395 550 an
410 485 527 550 femina
542 498 632 555 esset.
654 486 734 551 alter
748 485 909 552 sexdecim
924 487 991 572 jam
1008 501 1165 554 annorum

90 571 175 635 item
189 572 340 660 ambiguo
355 593 433 638 sexu
456 573 613 638 inventus.
659 572 840 638 Frusinone
859 595 960 662 agnus
983 593 1056 638 cum
1072 573 1166 638 suillo

91 657 209 742 capite,
228 659 391 724 Sinuessae
406 681 523 742 porcus
536 681 611 724 curn
633 659 737 744 capite
756 658 899 726 humano
914 672 1023 726 natus:
1047 660 1082 724 in
1097 659 1166 726 Lu·

93 745 182 810 canis
196 745 233 810 in
245 767 323 832 agro
337 745 468 830 publico
482 745 633 832 equuleus
644 768 718 812 cum
733 745 873 832 quinque
883 745 1026 831 pedibus.
1063 746 1167 812 Foeda
1270 825 1273 832 Δ

94 832 203 896 omnia
217 847 252 898 et
266 831 429 908 deformia,
445 833 644 918 errantisque
660 835 694 898 in
707 833 827 898 alienos
841 830 935 898 foetus
951 846 1073 898 naturae
1090 836 1166 900 visa.

95 920 182 984 Ante
196 919 308 982 omnia
322 919 498 984 abominati
521 919 714 998 semimares,
730 917 868 1004 ‘assique
888 920 920 982 in
944 938 1032 984 mare
1046 933 1167 986 extem·

92 1005 148 1089 plo
171 1004 354 1090 deportari:
378 1006 460 1070 sicut
504 1007 636 1084 roxime,
659 1006 698 1070 C.
715 942 862 1082 (blaudio,
879 1007 926 1070 M.
939 1006 1032 1072 Livio
1052 1029 1167 1072 consu·

93 1093 187 1169 libus,
204 1091 394 1176 deportatus
409 1028 520 1156 similis
534 1093 674 1180 prodigii
689 1091 784 1158 foetus
804 1103 883 1158 erat.
929 1091 1040 1157 Nihilo
1061 1094 1167 1158 minus

94 1177 296 1242 decemviros
310 1179 399 1244 adire
413 1178 511 1245 libros
525 1179 566 1243 de
587 1191 735 1264 portento
757 1201 795 1242 eo
812 1179 985 1265 jusserunt.
1029 1179 1167 1246 Decem·

95 1264 155 1330 viri
179 1288 222 1330 ex
244 1264 335 1330 libris
354 1288 403 1330 res
426 1265 548 1330 divinas
568 1265 706 1344 easdem,
729 1288 801 1352 quae
824 1265 972 1351 proxime
994 1269 1166 1332 secundum

94 1351 127 1416 id
142 1351 331 1440 prodigium
348 1355 442 1418 iactae
465 1364 579 1434 essent,
593 1353 801 1438 imperarunt.
817 1373 944 1418 carmen
959 1367 1112 1438 praeterea
1126 1353 1168 1416 ab

95 1453 142 1502 ter
162 1440 299 1504 novenis
315 1439 490 1526 virginibus
505 1439 575 1504 cani
590 1461 648 1524 per
669 1438 782 1502 urbem
799 1439 970 1525 jusserunt,
984 1440 1168 1524 donumque

96 1525 224 1590 Junoni
250 1525 388 1626 Reginae
413 1525 497 1590 ferri.
543 1525 592 1590 Ea
618 1523 664 1590 nti
688 1525 810 1601 fierent,
829 1525 868 1589 C.
885 1525 1035 1598 Aurelius
1056 1527 1168 1590 consul

98 1633 138 1676 ex
169 1611 425 1679 decemvirorum
456 1633 607 1698 responso
629 1612 762 1678 curavit.
807 1610 956 1688 Carmen,
982 1611 1063 1676 sicut
1076 1613 1103 1656 ⁵⁷
1111 1634 1169 1696 pn·

97 1713 187 1764 trum
208 1699 366 1766 memoria
392 1698 513 1775 Livius,
540 1699 587 1764 ita
614 1709 683 1764 tum
711 1696 856 1764 condidit
882 1697 919 1764 P.
935 1697 1080 1764 Licinius
1103 1697 1168 1764 Te·

142 1785 184 1850 la.
402 1823 404 1831 v
452 1825 455 1832 ι

97 1807 248 1938 guXIII.
274 1873 421 1960 Expiatis
437 1874 584 1941 omnibus
603 1873 821 1961 religionibus,
839 1873 1036 1958 (nemetiam
1059 1873 1168 1938 Locris
1176 1887 1280 1962 Reddita

99 1959 302 2048 sacrilegium
327 1961 573 2050 pervestigatum
594 1984 613 2025 a
635 1960 678 2037 Q.
695 1960 844 2026 Minucio
866 1963 944 2037 erat,
970 1955 1324 2046 pecuniaque⁹¹⁰ot¹²¹¹¹¹¹

100 2068 140 2110 ex
154 2047 250 2112 bonis
265 2049 438 2115 noxiorum
454 2049 487 2112 in
510 2047 673 2112 thesauros
696 2047 846 2132 reposita)
862 2069 960 2134 quum
976 2047 1121 2112 consules
1136 2049 1169 2110 in
1177 2031 1283 2080 ‘'⁰⁰⁰⁰“

100 2134 284 2218 provincias
307 2135 465 2220 proficisci
487 2133 618 2210 vellent3
666 2133 757 2198 rivati
782 2133 970 2219 frequentes,
991 2134 1107 2221 quibus
1129 2155 1170 2201 ex

101 2221 249 2304 pecunia,
265 2243 361 2307 quam
385 2221 436 2288 M.
453 2219 592 2298 Valerio,
651 2267 660 2284 .
678 2218 815 2286 Claudio
829 2219 1011 2302 consulibus
1026 2233 1170 2287 mutuam

102 2306 268 2385 dederant,
284 2307 311 2346 ⁵⁸
320 2308 413 2374 tertia
427 2307 540 2393 pensio
555 2307 728 2374 debebatur
749 2329 789 2372 eo
806 2328 903 2386 anno,
917 2306 1067 2372 adierunt
1080 2331 1170 2372 sena·

102 2405 189 2459 tum:
214 2395 292 2480 quia
313 2393 469 2473 consules,
485 2417 583 2481 quum
603 2393 644 2460 ad
663 2415 782 2459 novum
804 2393 935 2474 bellurn,
951 2395 1036 2479 quod
1053 2415 1170 2494 magna

103 2478 201 2546 classe
223 2481 411 2568 magnisque
433 2480 621 2546 exercitibus
647 2480 822 2566 gerendum
837 2493 928 2558 esset,
945 2481 999 2546 vix
1019 2503 1170 2547 aerarium

103 2565 284 2645 subiiceret,
299 2583 493 2654 negaverant
506 2589 582 2645 esse,
599 2569 682 2632 unde
697 2568 735 2632 iis
746 2567 779 2631 in
802 2569 973 2651 praesentia
987 2568 1171 2634 solveretur.

107 2653 244 2718 Senatus
267 2666 433 2740 querentes
455 2677 509 2718 eos
531 2675 596 2718 non
616 2653 774 2732 sustinuit,
790 2655 826 2720 Si
841 2656 874 2718 ia
891 2655 1042 2720 Paniarm
1064 2656 1172 2720 bellum

99 2743 234 2822 pecunia
254 2744 341 2819 data,
359 2743 392 2806 in
416 2741 648 2806 Macedonicum
663 2761 779 2824 quoque
801 2740 908 2805 bellam
930 2743 978 2804 uti
999 2741 1171 2824 respublica

104 2829 210 2902 nellen-
234 2817 310 2892 ciliis
320 2851 358 2892 ea
372 2829 447 2892 aliis
456 2827 624 2892 orientibus
637 2827 734 2901 bellis,
746 2827 822 2910 quid
831 2827 921 2890 aliud
930 2847 1020 2910 qaam
1030 2827 1172 2908 publica·

105 2923 178 2994 tam,
190 2937 254 2998 pro
270 2915 420 3000 beneficio,
436 2925 590 3000 tamquam
610 2913 647 2976 ob
660 2933 782 2988 noram,
798 2933 883 2975 amm
896 2912 1145 2996 pecaniamsore
1155 2909 1226 2988 ΡΡΨ
1237 2910 1338 2988 pecunia

106 2999 216 3076 Quum
232 3015 264 3066 et
279 3001 393 3086 privati
414 3023 542 3088 aequum
556 2997 763 3086 postularent,
778 2997 805 3037 ⁵⁰
815 3019 874 3062 nec
896 3011 1002 3062 tamen
1022 2997 1172 3062 solvendo
1180 2985 1338 3089 2:2⁸¹'1'n'fi‘f‘'

107 3109 169 3152 aere
183 3086 291 3153 alieno
312 3087 490 3172 respublica
511 3102 601 3164 esset,
617 3087 702 3173 quod
724 3083 864 3150 medium
886 3085 970 3150 inter
991 3105 1119 3170 aequum
1142 3098 1174 3150 et
1229 3058 1244 3104 g

107 3174 181 3239 utile
195 3189 275 3252 erat,
287 3174 509 3252 decreverunt,
531 3175 583 3252 Ut,
596 3175 741 3258 quoniam
755 3195 868 3258 magna
877 3195 955 3256 pars
966 3193 1067 3236 eorum
1082 3193 1174 3258 agros

107 3264 193 3348 uulgo
209 3264 331 3326 uenales
345 3283 406 3326 esse
416 3264 541 3343 diceret,
553 3271 583 3326 et
597 3260 717 3324 sibimet
727 3262 813 3324 emtis
824 3281 898 3342 opas
909 3281 988 3332 esse‚·
1012 3261 1086 3346 agri
1093 3259 1175 3342 pub·

107 3347 171 3428 lici,
186 3347 214 3386 ⁰⁰
223 3350 279 3433 qui
289 3351 377 3414 intra
387 3349 667 3434 quinquagesimum
678 3348 813 3429 lapidem
824 3356 909 3424 esset,
919 3347 1009 3430 copia
1025 3347 1065 3410 iis
1065 3349 1176 3428 fieret.

112 3435 255 3500 Conndes
276 3456 384 3520 agiam
406 3438 619 3512 astimaarros,
635 3443 666 3497 et
688 3431 753 3496 ⁶¹in
757 3431 875 3516 jugera
899 3453 980 3496 asses
1001 3433 1174 3516 uectigales,

109 3524 246 3586 tenendi
258 3543 365 3587 caruca
375 3521 531 3610 prblimtm
545 3541 654 3606 agiam
675 3541 746 3597 esse,
763 3520 969 3604 inposituros.-
991 3528 1035 3596 at,
1047 3521 1077 3582 si
1097 3519 1176 3602 quis,

141 3689 171 3732 57
179 3681 310 3731 *Patrem
320 3679 446 3748 mata]
462 3682 627 3745 Quadraginta
693 3687 724 3730 59
741 3677 794 3728 Nec
804 3712 811 3727 .
823 3710 830 3724 .
842 3710 849 3725 ·
861 3678 968 3726 rolvmdo
983 3693 1030 3726 are
1041 3679 1118 3725 aliena
1129 3691 1177 3724 res·

112 3747 202 3796 circiter
218 3751 289 3796 annia
304 3755 361 3796 unta
378 3750 443 3797 hunc
458 3750 487 3795 de
504 3762 551 3810 quo
563 3761 628 3794 nunc
657 3747 755 3808 publica
776 3739 847 3807 erret]
867 3745 942 3791 Recta
963 3745 1076 3805 loquendi
1094 3756 1178 3791 norma

111 3812 157 3874 ugit
169 3821 258 3861 noster.
294 3815 379 3875 itaqua
390 3815 493 3874 quitum
504 3814 627 3870 virebant,
660 3819 685 3860 at
696 3811 844 3859 cousuetudo
855 3811 962 3872 postulat
971 3811 1022 3856 oerr'.

112 3891 189 3926 corum
200 3886 279 3940 patrea
296 3882 400 3940 aquales
418 3880 513 3926 fuerent
528 3883 552 3925 et
569 3893 629 3926 core·
694 3882 726 3924 60
745 3878 794 3933 Qut
806 3877 873 3922 intra
884 3876 1108 3939 quinquagesimum
1117 3873 1180 3933 lapi·

113 3945 173 3992 tanei
186 3947 247 3992 Livii
266 3951 353 4006 poeta.
370 3945 425 3992 Vid.
441 3958 512 4007 supra
521 3943 629 3992 xxvrl.
662 3943 714 3990 darn
736 3939 807 4004 esset]
829 3941 879 3993 Qui
897 3946 959 3988 esset
978 3941 1043 3986 intra
1062 3939 1178 4000 quinqua-

112 4011 289 4060 rimaminor.
661 4009 729 4066 ginta
739 4009 769 4054 ab
780 4007 838 4054 urba
849 4007 923 4053 millia
937 4019 1057 4068 passuum.
1091 4003 1180 4050 Midia-

142 4081 171 4122 58
189 4078 276 4126 Tertia
282 4078 372 4140 pensio
383 4075 509 4124 debebatur
519 4089 544 4122 eo
555 4069 629 4136 anno]
662 4076 697 4121 ria
712 4073 830 4135 lapidibus
848 4072 1041 4129 astruebantur,
1059 4073 1087 4115 nt
1102 4067 1179 4115 omni-

115 4135 163 4190 lloc
178 4133 245 4205 patet
260 4140 431 4199 extxxrx.
447 4157 468 4188 c.
487 4145 525 4188 16.
541 4142 577 4187 nt
592 4154 628 4186 aa·
661 4141 705 4186 bus
718 4146 810 4186 notum.
1141 4193 1146 4204 Ι
1210 4151 1212 4156 ·

115 4209 181 4258 wuda
197 4211 312 4258 nondum
325 4208 405 4254 soluta
421 4209 508 4262 suerat,
519 4211 547 4253 ut
564 4207 629 4253 colli·
694 4209 722 4251 61
733 4205 886 4266 *Injugeru
897 4193 1107 4274 arresaecta'paleq]
1123 4191 1178 4240 Srn·

112 4273 168 4328 uitur
181 4271 383 4326 exrxxxssr.
396 4278 468 4321 aba.
485 4271 526 4320 ubi
545 4271 630 4320 ultima
661 4270 729 4326 gulos
751 4284 814 4318 asses
837 4271 861 4316 in
886 4271 969 4329 iugera
991 4263 1112 4324 vectigalia
1136 4272 1179 4303 no·

109 4343 183 4402 pennu
194 4337 357 4407 persolvitur.
662 4336 735 4385 mine..
