3082 4976
112 1131 122 1142 ·
164 1112 300 1159 lllssinisse.

324 216 406 286 470'
709 195 821 274 ΤΙΤΙ
850 193 1009 274 Lt'vit']

162 387 193 434 U·
206 389 233 473 (ξ
245 393 300 438 ⁵⁷0·
326 394 393 446 tum
410 380 441 445 in
460 401 559 446 unum
574 391 696 457 coacto,
712 379 768 466 qui
784 379 949 463 dissipatus
965 377 1076 457 fuerat,
1092 377 1180 442 nulla
1194 378 1256 442 alia
1270 355 1394 440 memo-

162 458 194 502 Δ·
206 457 234 500 ⁰·
246 460 300 500 ¹⁸²·
326 467 418 532 rabili
441 479 533 553 gesta
553 489 599 543 re,
615 467 772 531 exercitus
787 465 819 529 in
836 465 972 529 hiberna
996 464 1210 528 deduxerunt.
1256 463 1343 528 Haec
1356 485 1396 526 ea

326 565 436 618 aestate
459 554 493 617 in
511 553 671 638 Hispania
693 565 792 636 gesta.
837 550 1018 625 Terentius,
1034 551 1089 637 qui
1111 573 1148 632 ex
1171 574 1208 614 ea
1230 550 1398 632 provincia

326 641 514 718 decesserat,
528 660 626 703 ovans
650 637 763 702 urbem
785 637 864 710 iniit.
889 636 1087 713 translatum,
1103 637 1261 722 ”argenti
1283 635 1396 721 pondo

326 748 441 789 novem
469 724 569 789 millia
598 731 737 788 trecenta
762 723 894 803 viginti:
923 724 993 786 auri
1023 724 1185 810 octoginta
1213 725 1333 808 pondo,
1364 735 1398 786 et

326 812 435 876 ⁶⁰‹luae
451 833 580 877 coronae
596 817 702 874 aureae
718 809 827 895 pondo
842 809 1007 896 sexaginta
1022 824 1150 892 septem.

165 917 298 962 transenna
370 896 482 962 XVll.
507 897 630 965 Eodem
653 918 738 962 anno
760 897 843 959 inter
869 895 1024 980 populum
1043 894 1342 982 Karthaginiensem
1366 907 1400 958 et

164 982 435 1068 lie{ssusii-regem
452 983 654 1048 Masinissam
675 983 708 1045 in
733 1005 768 1046 re
789 983 939 1066 praesenti
962 982 1185 1065 disceptatores
1204 982 1341 1045 Romani
1356 979 1399 1044 de

164 1060 415 1154 ⁶⁰¹¹¹¹¹¹¹⁰¹¹¹⁰agro
435 1070 573 1134 luerunt.
611 1081 738 1152 ceperat
767 1089 839 1131 eum
871 1066 911 1130 ab
944 1066 1276 1155 Karthaginiensibus,
1306 1081 1400 1151 pater

330 1155 522 1233 Masinissae,
539 1155 638 1219 Gala:
663 1154 777 1218 Gaiam
805 1153 937 1238 Syphax
963 1153 1037 1218 inde
1062 1154 1245 1238 expulerat:
1277 1165 1400 1237 postea,

291 1307 293 1315 .
328 1243 362 1307 in
383 1243 519 1330 gratiam
543 1241 642 1306 soceri
662 1239 884 1316 Hasdrubalis,
903 1239 1226 1324 Karthaginiensibus
1241 1239 1329 1304 dono
1343 1239 1401 1304 de·

328 1328 429 1393 derat.
454 1327 738 1414 Karthaginienses
749 1349 788 1389 eo
800 1347 885 1390 anno
898 1325 1064 1390 Masinissa
1076 1326 1257 1410 expulerat.
1297 1325 1402 1390 Haud

329 1415 454 1478 minore
476 1414 647 1479 certamine
669 1413 862 1490 animorum,
879 1434 974 1498 quam
998 1435 1097 1496 quum
1121 1411 1205 1477 ferro
1220 1426 1252 1477 et
1267 1413 1335 1476 acic
1348 1411 1400 1476 di·

328 1501 497 1578 micarunt,
515 1523 564 1565 res
584 1513 654 1564 acta
676 1499 761 1582 apud
780 1499 952 1562 Romanos.
1001 1497 1294 1584 Karthaginienses,
1311 1499 1401 1584 quod

328 1589 433 1671 primo
456 1588 611 1672 majorum
637 1607 767 1648 suorum
794 1583 912 1663 fuisset,
935 1584 1051 1649 deinde
1074 1585 1116 1648 ab
1133 1584 1279 1670 Syphace
1301 1585 1342 1649 ad
1366 1609 1400 1649 se

327 1674 531 1758 pervenisset,
548 1671 743 1757 repetebant.
788 1671 968 1747 Masinissa,
980 1674 1112 1752 paterni
1132 1673 1224 1757 regni
1244 1693 1353 1756 agrum
1369 1695 1402 1736 se

327 1771 357 1824 et
371 1763 526 1841 recepisse,
542 1768 574 1822 et
587 1759 699 1823 habere
709 1755 811 1842 ‘ljrsre
820 1759 970 1841 gentium,
982 1756 1095 1834 aiebat,
1109 1767 1138 1820 et
1152 1779 1269 1832 caussa,
1286 1769 1315 1820 et
1325 1777 1402 1842 pos-

325 1849 455 1911 sessione
468 1847 656 1928 superr'aren
670 1865 741 1908 esse.
765 1844 848 1907 nihil
861 1845 951 1906 aliud
960 1865 992 1906 se
1006 1845 1041 1906 in
1056 1865 1092 1906 ea
1108 1845 1330 1926 disceptatione
1341 1868 1403 1908 me-

326 1942 420 2008 tuere,
437 1954 528 2016 quam
551 1952 590 1994 ne
607 1931 712 2014 pudor
725 1931 945 2003 Romanam,
974 1931 1044 1991 dum
1067 1940 1241 2005 vereantur,
1265 1953 1302 1992 ne
1326 1934 1405 2014 qaid

326 2020 408 2083 socio
430 2029 523 2101 atque
543 2019 639 2080 amico
662 2017 731 2099 regi
752 2017 897 2078 aduersus
921 2036 1086 2078 communes
1111 2037 1180 2080 suas
1203 2026 1294 2100 atque
1316 2019 1404 2082 illius

325 2106 424 2167 hostes
444 2105 608 2166 indulsisse
631 2101 805 2175 uideantur,
831 2103 943 2163 marna
964 2103 1016 2164 sit.
1065 2102 1176 2184 Legati
1194 2105 1402 2185 possessionis

321 2191 374 2274 jus
398 2209 464 2252 non
491 2199 663 2252 mutarunt.
686 2207 828 2250 caussam
855 2186 1011 2266 integram
1031 2187 1168 2251 Romam
1192 2188 1232 2251 ad
1254 2204 1401 2254 senatum

326 2276 516 2360 rejecerunt.
563 2274 600 2337 In
618 2272 791 2359 Liguribus
814 2272 892 2336 nihil
920 2287 1028 2356 postea
1047 2287 1181 2359 gestum.
1205 2293 1404 2341 recesserant

327 2362 466 2446 primum
491 2363 522 2424 in
546 2360 653 2424 ‹levios
676 2357 789 2422 saltus:
814 2357 939 2434 deinde,
957 2358 1086 2422 dimisso
1109 2361 1264 2438 exercitu,
1280 2365 1400 2446 passim

327 2449 359 2511 in
376 2448 461 2512 vicos
476 2446 665 2530 castellaque
687 2467 744 2509 sua
767 2444 881 2530 dilapsi
902 2458 988 2509 sunt.
1035 2445 1192 2512 Consules
1208 2469 1337 2535 quoque
1351 2449 1404 2513 di·

329 2534 648 2598 mittereexercitum
677 2531 856 2604 voluerunt,
873 2553 910 2596 ac
932 2530 973 2595 de
995 2553 1032 2595 ea
1054 2554 1089 2596 re
1105 2532 1216 2597 Patres
1235 2536 1403 2600 consulue-

328 2633 428 2682 runt:
450 2620 478 2658 ⁶¹
487 2619 633 2682 Alterum
661 2640 701 2680 ex
727 2616 786 2692 bis,
809 2616 940 2681 dimisso
963 2619 1117 2695 exercitu,
1135 2621 1173 2682 ad
1196 2621 1404 2708 magistratus

329 2707 362 2768 in
378 2727 497 2769 annum
520 2705 673 2769 creandos
689 2704 797 2768 venire
815 2704 952 2768 Romam
972 2705 1153 2788 jusserunt:
1177 2705 1309 2770 alterum
1326 2730 1401 2773 curn

329 2791 509 2878 legionibus
522 2794 588 2856 suis
607 2789 687 2854 Pisis
703 2789 853 2854 hiemare.
900 2789 1000 2855 Fama
1023 2803 1103 2870 erat,
1121 2791 1234 2856 Gallos
1249 2792 1403 2859 Transal-

330 2880 424 2962 pinos
444 2880 642 2964 juventutem
670 2896 811 2940 armare:
839 2897 908 2953 nec,
931 2877 964 2939 in
988 2899 1083 2962 quam
1098 2878 1276 2966 regionem
1297 2880 1404 2946 Italiae

331 2963 470 3028 effusura
494 2987 527 3029 se
550 2962 722 3028 multitudo
744 2975 835 3040 esset,
851 2962 1019 3027 sciebatur.
1042 2962 1088 3027 ita
1107 2964 1190 3028 inter
1205 2987 1238 3027 se
1253 2968 1403 3032 consules

331 3063 568 3136 compararunt,
586 3062 621 3113 ut
638 3049 699 3112 Cn.
717 3047 846 3116 Baebius
868 3048 909 3112 ad
932 3049 1059 3114 comitia
1081 3050 1151 3127 iret,
1167 3053 1241 3136 quia
1258 3051 1309 3115 M.
1329 3054 1403 3118 Bae-

333 3136 402 3202 bius
416 3136 514 3201 frater
528 3138 594 3222 ejus
608 3134 806 3199 consulatum
823 3135 959 3218 petebat.
1107 3137 1115 3152 ‘

165 3227 304 3284 nonar.
360 3222 507 3288 'XVIlL
532 3222 673 3286 Comitia
702 3220 886 3284 consulibus
917 3221 1067 3308 rogandis
1096 3221 1195 3287 luere.
1233 3225 1330 3288 creati
1363 3227 1403 3294 P.

166 3294 197 3339 Α
207 3295 235 3343 ⁰·
251 3306 304 3345 ¹⁸¹·
335 3309 504 3374 Cornelius
520 3307 692 3394 Cethegus,
707 3306 757 3372 M.
771 3307 900 3370 Baebius
911 3308 1111 3390 Tamphilus.
1157 3309 1314 3375 Praetores
1328 3312 1406 3378 inde

165 3361 322 3477 iiiiii*
334 3395 421 3478 facti,
438 3396 503 3459 auo
519 3395 562 3476 Q.
581 3394 683 3470 sauri,
702 3392 869 3460 Martius
883 3407 922 3460 a
943 3394 1058 3470 ausa,
1075 3395 1148 3460 n:
1164 3395 1318 3462 creturus
1335 3399 1403 3463 ue-

167 3493 234 3538 cors·
765 3536 777 3564 v
790 3532 816 3578 0.
824 3533 898 3580 Grau.
911 3533 978 3581 Crer.

365 3659 395 3701 59
413 3653 520 3711 Argenti
526 3651 604 3711 pondo
615 3663 696 3696 nasern
713 3651 791 3696 nslllr'a
805 3655 851 3694 tre·
885 3650 933 3696 vit:
946 3651 1000 3696 nuri
1008 3651 1406 3715 octagintaetdsspando,comae

331 3725 400 3766 cents
411 3715 514 3776 uiginti]
531 3717 619 3762 Merca
631 3721 748 3761 nostrates
764 3719 852 3761 14569.
884 3729 962 3761 aurea
973 3719 1105 3777 seesgr'nta
1115 3723 1215 3778 septem.
1231 3721 1326 3766 Pondus
1337 3735 1405 3768 wro-

330 3797 385 3829 cum
402 3783 522 3830 unctis-s.
542 3783 609 3827 Arses·
627 3781 751 3840 octogiuta
765 3779 850 3840 panda.
884 3787 967 3826 uerum
981 3794 1029 3826 non
1042 3795 1133 3840 semper
1149 3784 1260 3842 exprimit
1270 3785 1363 3845 livius,
1376 3792 1407 3833 ut

331 3849 417 3894 Marcus
434 3851 489 3892 tte..
627 3881 630 3888 .
883 3857 954 3904 supra
966 3846 981 3890 l.
992 3845 1144 3893 xxxixa.
1156 3854 1195 3897 aa.

362 3917 394 3958 tiu
411 3913 477 3958 Due
488 3925 580 3958 carm
593 3925 673 3957 essm
689 3909 767 3968 pende
781 3920 850 3955 ma·
915 3913 943 3956 st
956 3911 1043 3956 *Jare
1056 3908 1181 3976 gentisne]
1195 3915 1254 3960 Jure
1273 3916 1336 3974 spnd
1352 3929 1405 3962 οι-

328 3979 403 4039 ginta
412 3977 513 4038 septem]
530 3977 658 4031 Seaseims
668 3983 757 4033 septena
770 3976 850 4032 pondo
883 3989 925 4022 ses
937 3983 1019 4036 gentes
1032 3983 1136 4037 recepto.
1153 3983 1272 4026 uteorum
1285 3994 1338 4040 quse
1349 3995 1404 4040 pos-

268 4087 275 4102 ,
329 4044 435 4090 alliciunt
450 4055 539 4088 mareu
557 4047 675 4088 nostrates
695 4045 750 4084 10⁴.
768 4042 852 4086 unctes
883 4041 1240 4100 seditpater.filiasharessit.

330 4115 354 4154 a.
377 4111 520 4156 semuncissn
542 4113 571 4153 -t.·
594 4105 722 4155 ,Nimium
743 4105 852 4163 protecto
886 4147 889 4155 r
916 4109 949 4150 62
965 4107 1407 4173 Altesrmernis,.ds'srs'ssoeeeres'ts]

329 4175 434 4233 pondus,
443 4173 509 4232 'quad
527 4173 551 4218 in
572 4172 631 4218 diras
647 4183 747 4216 corones
759 4171 851 4242 impsu-
885 4174 1031 4230 Appeteres
1042 4186 1063 4217 c.
1080 4179 1116 4220 19.
1128 4179 1153 4218 et
1165 4187 1186 4220 c.
1197 4179 1237 4220 2⁵.
1255 4175 1328 4232 inirs,
1346 4189 1406 4222 neu·

329 4241 407 4285 datur.
454 4239 537 4297 ltaque
566 4236 653 4282 sitisse
675 4233 757 4296 procul
777 4235 850 4282 dubio
884 4236 1261 4286 trumecousnlibussxerc'rtnm
1278 4241 1406 4288 dimisisse.

329 4305 381 4349 hnc
401 4304 473 4350 lectio
492 4301 677 4358 est‚sGelenio
698 4301 808 4346 inrecte:
824 4307 851 4348 st
883 4302 987 4349 Mutstis
1010 4302 1121 4350 nimirum
1134 4303 1290 4364 ‚temporibus
1312 4312 1407 4354 nutsts

329 4369 460 4420 reromnds
470 4368 551 4429 potius
563 4381 591 4414 es
601 4380 671 4427 qaam
689 4367 729 4412 ille
742 4365 851 4411 elimina·
883 4373 919 4412 est
930 4373 955 4414 et
965 4372 1072 4426 acastus,
1085 4376 1110 4416 et
1118 4370 1245 4417 consulum
1255 4371 1377 4420 voluntas.
1398 4401 1401 4410 ψ
