3082 4976
351 171 411 226 m
601 170 604 178 '
743 162 1019 225 T1T1L1v11
1067 213 1070 220 ,

185 331 334 416 ⁰⁸⁰.'⁶⁶⁷·‘
348 327 443 392 dubio
459 329 570 410 poculo
583 337 667 408 ante,
686 329 716 393 si
730 329 807 392 Diis
824 331 938 412 piacet,
953 331 1054 412 legati
1073 329 1220 394 Eumenis
1240 328 1416 406 sumebant,

89 457 91 464 ,
189 398 258 458 Μ·
273 403 335 456 ¹⁸³‘·
349 415 586 498 quae'Antiochi
596 413 741 497 filerunt,
756 416 919 478 Eumenem
944 417 1059 498 aquius
1080 435 1255 497 nonquam
1277 436 1335 491 me,
1353 417 1419 478 ha-

349 501 430 566 be're.
453 503 490 566 id
501 522 557 586 ego
570 503 665 564 aliter
677 502 767 584 longe
769 499 879 582 judico
891 505 963 564 esse.
1000 503 1156 565 Eumenes
1169 501 1256 577 emm,
1271 511 1335 564 non
1348 502 1418 566 nisi

351 589 491 652 uicissent
504 587 650 663 Romani,
664 588 718 650 sect
735 588 798 649 nisi
816 587 923 650 bellum
940 588 1111 670 gessissent,
1125 607 1249 650 manere
1261 588 1296 650 in
1314 608 1418 672 regno

350 691 481 738 srcomon
501 675 614 755 pomo.
656 674 768 756 Itaque
788 673 842 736 ille
859 681 987 737 oestrrcm
1009 674 1146 736 neriano
1159 672 1418 752 habet,non·oos

349 761 457 826 illius:
479 759 539 822 niei
551 767 650 822 antem
665 760 764 842 regni,
773 765 891 844 tantum
904 759 1022 834 uberat,
1037 768 1071 822 ut
1084 760 1149 822 ullo
1161 778 1237 841 pars
1250 759 1285 821 in
1299 760 1417 824 discri-

349 844 551 926 minefirem‘t,
566 854 601 908 ut
619 844 706 908 ⁷tria
727 845 836 908 millia
848 845 1005 921 tabenthm,
1021 854 1052 909 et
1072 845 1293 928 quinquaginta
1312 853 1416 910 tectas

332 958 336 998 z
352 951 454 1007 nunes,
467 941 497 994 et
515 951 614 996 omnes
627 931 759 994 Groeciae
771 932 920 1005 civitates,
936 951 1011 1013 quos
1024 941 1118 994 antea
1131 933 1299 1008 tremissem,
1310 933 1415 1014 poili·

350 1026 460 1080 centem
473 1019 558 1082 ultro
570 1017 750 1082 Antiochum
770 1017 804 1080 in
825 1018 986 1081 mercedem
1000 1018 1155 1080 societatis
1166 1019 1223 1080 sim
1237 1018 1413 1099 adsperna-

334 1121 337 1130 ·
351 1114 408 1166 tus.
431 1104 599 1186 hostemque
612 1105 643 1166 ei
655 1125 701 1166 mc
714 1123 776 1166 esse
790 1104 880 1184 prius
891 1104 995 1179 etiam,
1010 1123 1098 1186 qnam
1111 1101 1176 1166 Μ’.
1185 1102 1304 1167 Acilius
1321 1125 1414 1167 erm

350 1190 441 1252 citum
456 1190 490 1253 in
507 1190 659 1254 Graciom
680 1187 846 1272 trsq'icer‘et,
864 1208 935 1270 prce
954 1211 1001 1252 me
1020 1190 1100 1252 tutis
1121 1197 1151 1252 et
1163 1209 1228 1252 mcm
1239 1210 1274 1252 eo
1287 1191 1415 1254 nunu

351 1275 425 1338 beili
433 1283 565 1356 portem,
581 1295 792 1358 quammcmque
812 1275 889 1338 mihi
910 1275 1071 1358 delegavit,
1083 1275 1172 1357 gessi.
1194 1283 1225 1337 et
1237 1276 1414 1359 insequenti

349 1361 467 1426 mnstrli
480 1362 522 1425 L.
532 1362 683 1444 Scipioni,
695 1373 783 1444 quum
804 1370 891 1424 terra
902 1362 1057 1424 statuisset
1070 1361 1415 1426 humescercitum'ad

348 1445 595 1529 Hellespontum,
610 1467 672 1510 non
686 1449 747 1511 iter
759 1455 877 1510 tacitum
895 1467 955 1528 per
973 1467 1098 1530 regnum
1112 1456 1245 1510 nostrum
1259 1447 1343 1524 dedi,
1355 1450 1416 1512 sed

351 1535 419 1596 vias
439 1534 531 1597 etium
555 1534 681 1608 munivi,
703 1542 813 1614 pontes
824 1532 905 1615 feci,
921 1541 1097 1598 commeatus
1112 1532 1250 1615 praebrci:
1271 1554 1326 1596 neo
1345 1555 1413 1616 per

347 1619 569 1684 Macedoniam
578 1628 706 1692 tantum,
716 1620 770 1682 sed
777 1639 838 1700 per
851 1619 1013 1682 Thraciam
1022 1620 1126 1694 etiam,
1136 1619 1190 1682 ubi
1197 1627 1217 1654 ¹¹¹
1234 1620 1319 1682 inter
1329 1629 1413 1684 cete·

351 1727 389 1768 ra
404 1705 487 1787 ⁸pac
506 1727 622 1789 quoque
640 1707 822 1788 prestanda
837 1725 858 1766 a
872 1704 1014 1770 barbaris
1034 1713 1111 1768 erat.
1156 1706 1224 1768 Pro
1239 1705 1296 1768 boc
1308 1707 1415 1770 studio

351 1801 415 1854 meo
436 1813 512 1875 ergo
530 1813 589 1865 oos,
605 1812 645 1854 ne
658 1792 758 1855 dicam
779 1791 897 1864 merito,
913 1799 1012 1854 mmm
1032 1787 1167 1874 nrlp'icrre
1180 1811 1242 1866 oos,
1260 1791 1411 1868 Romani,

349 1879 481 1960 aliquid,
506 1886 536 1941 et
559 1877 748 1958 amptqtcare
769 1886 799 1940 et
817 1897 928 1960 erigere
947 1897 1071 1960 regnum
1092 1897 1186 1940 meam
1200 1876 1412 1956 munificentia

349 1974 449 2026 nestra
464 1963 632 2044 oportebat,
648 1983 700 2038 on,
716 1981 784 2045 quae
796 1961 934 2026 haberem
948 1971 1004 2041 unt
1017 1981 1082 2026 meo
1095 1960 1181 2046 jure,
1195 1972 1252 2028 aut
1264 1963 1412 2046 berseficio

349 2058 456 2122 vestro,
471 2050 613 2130 eripere?
636 2049 672 2110 icl
684 2049 766 2131 quob
778 2047 989 2132 nnncfocitis.
1034 2049 1235 2114 Macedonum
1254 2051 1411 2128 civitates,

237 2173 240 2184 ·
280 2142 282 2146 ’
314 2177 316 2184 ,
350 2133 529 2218 quusregni
550 2135 609 2197 mci
618 2133 724 2217 fuisse
736 2133 900 2218 fatemini,
916 2155 977 2197 non
991 2135 1201 2202 restituuntur.
1245 2137 1409 2214 Eumenes,

348 2231 502 2303 tamquam
523 2221 567 2282 acl
581 2220 774 2297 Antiochum,
789 2222 851 2284 acln
864 2220 1055 2303 spoliandum
1064 2241 1115 2284 'me
1128 2223 1219 2296 versit,
1234 2231 1273 2297 et,
1288 2224 1317 2286 si
1328 2224 1412 2288 Diis

343 2307 458 2388 placet,
481 2307 579 2370 &cem
599 2307 766 2391 legatomm
791 2308 939 2372 decretum
963 2307 1123 2370 calumnia
1147 2308 1412 2390 inpudentissima

342 2393 530 2474 pretendit,
555 2413 613 2476 quo
624 2394 755 2458 manime
766 2402 797 2456 et
811 2392 913 2478 refelli
922 2402 952 2456 et
962 2395 1089 2478 coargui
1097 2401 1207 2475 potest.
1252 2395 1410 2460 Disertis-

347 2481 422 2544 sime
442 2480 522 2542 euim
538 2479 774 2562 planissimeque
795 2479 830 2544 in
850 2499 885 2542 eo
903 2480 1046 2560 scriptum
1066 2489 1121 2555 est,
1145 2480 1359 2550 Chersonesum
1374 2492 1408 2546 et

347 2565 576 2648 [pamachium
587 2567 721 2628 Eumeni
733 2565 816 2628 dari.
865 2564 927 2630 Ubi
936 2567 1058 2630 tandem
1067 2566 1180 2642 Eurus,
1195 2575 1226 2630 et
1236 2566 1407 2645 Maronea,
1522 2583 1523 2592 ¹

347 2660 378 2714 et
396 2651 539 2752 Etruria
548 2651 688 2752 civitates
697 2652 862 2732 adscripta
870 2655 962 2716 sunt?
985 2651 1118 2753 qaodob
1123 2645 1239 2753 illis-ni
1245 2655 1411 2735 postulare

346 2739 526 2888 stilti
541 2739 796 2899 5¹2⁸&thss
808 2737 1408 2910 lt’lntl,?l„lltllilltf”i

347 2918 501 2992 tamquam
516 2911 670 2974 inimicum
683 2919 713 2974 et
724 2910 834 2974 hostem
850 2910 995 2974 insectari
1002 2911 1192 2992 propositum
1204 2920 1259 2990 est,
1268 2914 1407 2995 pergite,

347 3005 382 3060 ut
394 2997 529 3078 cupistis
538 2996 660 3079 facere.
704 2997 762 3060 Sin
782 2995 893 3079 aliquis
914 3005 1063 3078 respectus
1077 3005 1121 3060 est
1135 2998 1203 3070 mei,
1218 3006 1252 3060 ut
1264 2999 1341 3062 socii
1355 3009 1407 3062 at-

348 3103 404 3166 que
426 3082 517 3146 amici
536 3081 628 3165 regis,
644 3083 796 3164 deprecor,
811 3101 850 3145 ne
864 3103 909 3146 me
922 3090 1012 3146 lanta
1035 3080 1153 3166 irq'urio
1177 3083 1301 3167 dignum
1313 3083 1408 3168 juti-

346 3169 433 3234 cetis.
518 3205 539 3232 ·.
725 3223 727 3230 .
807 3199 810 3208 r

345 3291 349 3300 ·
392 3253 531 3318 XXIX.
555 3253 661 3320 Movit
685 3253 879 3340 aliquantum
910 3255 1011 3320 oratio
1041 3256 1122 3339 regis
1144 3255 1272 3342 legatos.
1294 3256 1405 3344 imque

187 3347 268 3422 legati
280 3361 328 3393 me·
347 3339 454 3406 medio
476 3361 627 3426 responso
652 3362 717 3406 rem
742 3339 988 3425 suspenderunt:
1012 3343 1048 3407 Si
1062 3344 1159 3406 elecem
1173 3345 1338 3426 legatomm
1353 3348 1409 3412 de·

187 3413 226 3458 ‘¹¹⁰
244 3427 338 3473 '‘¹¹³⁰“
347 3437 429 3491 creto
439 3429 573 3491 Eumeni
582 3431 666 3491 dolce
678 3429 818 3493 civitates
831 3448 875 3490 ecc
888 3437 993 3507 essent,
1007 3429 1088 3492 nihil
1101 3449 1132 3492 se
1145 3438 1270 3492 muare.
1285 3433 1315 3494 si
1324 3431 1408 3497 Phi·
1520 3453 1521 3456 ’

105 3595 107 3604 y
162 3591 166 3602 t
186 3491 332 3603 ffinff*
347 3515 450 3595 lippus
461 3513 538 3576 bello
547 3514 669 3596 cepisset
678 3536 740 3592 eas,
749 3515 906 3596 premium
915 3516 1052 3578 victorico
1055 3513 1132 3598 jure
1139 3515 1212 3578 belli
1218 3515 1405 3582 habiturum.

347 3599 376 3663 si
390 3607 526 3661 neutrum
541 3614 640 3662 eorum
643 3599 743 3681 soret,
754 3602 880 3682 placere
893 3601 1091 3686 cognitionem
1102 3603 1223 3664 senatui
1236 3607 1392 3668 reservari
1396 3627 1408 3666 .-

348 3693 388 3762 et,
404 3683 430 3722 ¹⁰
438 3693 471 3746 ut
481 3687 583 3748 omnia
595 3688 628 3748 in
640 3686 758 3770 integro
767 3695 932 3766 monerent,
939 3687 1102 3768 presidio,
1112 3708 1179 3770 qnae
1186 3687 1219 3750 in
1233 3687 1272 3752 iis
1285 3687 1410 3756 urbibus

344 3773 421 3846 sint,
437 3771 553 3834 delmi.
600 3769 666 3836 Hae
680 3794 797 3836 caussae
811 3772 951 3836 maxime
971 3772 1113 3836 animum
1131 3771 1271 3857 Philippi
1285 3773 1407 3840 alieno·

572 3897 591 3924 ¹¹¹
603 3896 643 3942 nbi
651 3897 724 3942 etiam
736 3897 811 3943 Gron-
824 3895 893 3943 θην.
991 3900 1003 3927 ¹¹
1014 3896 1047 3944 acl
1055 3893 1101 3944 del.
1114 3896 1178 3944 End.

380 4002 394 4044 7
413 3994 560 4042 stramenta
571 3994 699 4060 tatentrtm]
716 3997 808 4046 blaesus
822 4009 858 4042 m·
921 4004 936 4046 9
953 3993 1048 4062 flq'et]
1063 3999 1091 4045 ld
1103 4000 1194 4059 agitas:
1213 3997 1237 4043 id
1248 3999 1404 4058 spectandum
1519 4031 1520 4034 κ

345 4059 412 4114 neoti
422 4065 526 4108 281250.
890 4064 970 4110 venit:
989 4065 1015 4109 io
1025 4077 1055 4110 eo
1067 4077 1103 4110 sss
1115 4065 1221 4110 nemitos,

381 4125 701 4186 001²as....prenasto
719 4127 860 4184 abnrbarin
926 4129 1106 4176 comeonsis:
1120 4132 1149 4175 im
1163 4126 1408 4193 integrationem]

345 4185 411 4248 erat]
427 4191 593 4250 Dandnopem
608 4197 667 4246 emt,
684 4198 712 4236 ut
727 4205 806 4250 neem
818 4196 857 4236 tn·
892 4193 926 4238 Ut
948 4200 1055 4241 nentrum
1078 4195 1104 4240 in
1122 4201 1211 4254 ponem
1232 4207 1267 4240 res
1289 4195 1407 4241 inolinnta

344 4260 406 4306 um.
420 4262 447 4298 ot
464 4257 551 4300 nullam
564 4257 611 4308 sim
629 4268 643 4301 n
658 4255 762 4302 barbaris
782 4262 859 4302 trans·
891 4257 1018 4317 videretur,
1030 4261 1069 4306 sed
1079 4261 1147 4321 pinne
1158 4261 1220 4306 inter
1229 4265 1342 4320 atrosque
1352 4272 1407 4306 sos·
1516 4261 1517 4274 ¹

346 4319 396 4364 iens
407 4321 682 4381 exorcitauenpsrisotar.
891 4335 970 4382 penso.
