3082 4976
372 130 431 198 476
769 131 884 194 TlTl
909 132 1050 194 1.1v11

206 306 239 353 u.
252 305 347 356 nun.
370 293 549 382 prolapsus,
573 313 680 372 secum
703 295 827 382 egisset.
850 297 926 362 nibil
946 319 1014 362 eum
1035 298 1181 366 adversita
1199 317 1317 364 monim
1334 319 1418 384 quem-

207 371 278 419 Μ·
292 376 345 418 ¹⁸¹·
371 381 654 468 qaemjacnrums
676 404 771 468 neque
787 405 855 446 eum
875 405 940 448 reae
961 405 1034 462 esse,
1050 385 1102 469 qui
1122 385 1214 448 allisis
1231 386 1305 467 inpii
1324 386 1420 462 metali

371 465 610 554 unctorfieturus
623 469 720 534 uideri
739 468 842 551 possit.
887 470 954 551 Hae
969 470 1070 535 literae
1090 469 1188 538 fidem
1205 471 1310 536 Persei
1330 471 1419 534 crimi-

369 555 466 620 nibus
480 553 632 620 lecerunt.
677 555 790 640 Itaque
806 555 1010 637 Herodorus,
1024 557 1189 642 extemplo
1202 556 1257 622 diu
1275 558 1419 626 excrucia·

370 653 431 722 tus,
448 641 516 704 sine
530 639 649 706 indicio
664 642 710 706 rei
726 639 819 706 ullius
836 642 868 706 in
883 645 1050 708 tormentis
1064 644 1211 710 moritur.

208 737 361 786 unmtnatto-
413 723 545 796 XXIV.
568 727 770 792 Demetrium
787 729 902 792 iterum
916 728 957 793 ad
980 742 1102 814 patrem
1121 730 1279 794 accusavit
1295 728 1421 794 Perseus.

208 803 339 916 2¹:223?
369 813 446 900 suga
466 835 525 899 per
548 812 713 878 Paeoniam
736 828 917 900 praeparata
937 817 1144 906 arguebatur,
1159 827 1191 882 et
1212 816 1354 900 corrupti
1367 819 1423 900 qui·

206 935 288 982 mum,
323 897 332 910 '
369 899 455 974 darn,
483 913 519 968 ut
540 901 671 965 comites
696 899 817 966 itineris
843 915 963 979 essent3
993 903 1132 968 maxime
1156 901 1243 968 falsae
1272 901 1367 968 litera
1390 899 1421 964 T.

371 985 517 1063 Quinctii
533 985 722 1076 urguebant.
744 987 823 1052 nihil
845 1000 951 1054 tamen
971 987 1077 1073 palam
1099 989 1228 1075 gratim
1249 987 1422 1075 pronuncia-

369 1085 439 1139 tum
454 1071 495 1136 de
509 1095 548 1142 eu
562 1085 620 1150 est,
636 1086 671 1138 nt
686 1071 762 1138 dolo
781 1073 887 1159 potius
902 1073 1143 1143 interficereture
1167 1097 1226 1140 nec
1246 1075 1280 1139 id
1295 1097 1367 1140 cura
1385 1073 1422 1158 ip-

370 1159 445 1238 sius,
462 1158 517 1222 sed
534 1181 576 1224 ne
597 1181 694 1244 poena
709 1159 776 1244 ejus
798 1159 930 1225 consilia
944 1162 1093 1226 adversus
1109 1161 1285 1226 Romanos
1297 1160 1423 1226 nudaret.

367 1243 422 1310 Ab
441 1243 686 1310 Thessalonicae
701 1242 939 1316 Demetriadem
964 1246 1025 1347 ipsi
1042 1270 1140 1333 quum
1161 1249 1221 1320 iter
1243 1262 1333 1325 esset,
1348 1247 1423 1310 ⁸⁰As·

370 1336 504 1396 traeumt
536 1331 677 1398 Paeoniae
708 1331 910 1398 Demetrium
944 1335 1056 1398 mittit.
1074 1355 1147 1399 cum
1181 1334 1295 1400 eodem
1327 1333 1424 1398 comite

369 1417 471 1494 Dida,
487 1417 512 1456 ⁸¹
524 1417 671 1488 Perseum
691 1417 928 1503 Amphipolim,
950 1418 1003 1500 ad¹
1016 1420 1143 1484 obsides
1169 1419 1334 1486 Threcum
1358 1418 1423 1482 acci·

368 1504 514 1590 piendos.
537 1503 727 1592 digredienti
744 1505 784 1568 ab
797 1527 832 1570 -se
847 1504 945 1571 Didae
967 1505 1119 1571 mandata
1133 1505 1259 1572 dedisse
1274 1506 1383 1577 dicitur
1393 1504 1424 1568 de

370 1590 437 1670 filio
460 1589 649 1658 occidendo.
695 1590 893 1656 Sacrificium
919 1593 958 1656 ab
981 1591 1071 1658 Dida
1093 1615 1148 1658 seu
1174 1593 1363 1669 institutum,
1383 1612 1424 1652 seu

371 1677 554 1742 simulatum
576 1692 632 1742 est.
656 1677 697 1742 ad
724 1678 810 1764 quod
836 1677 1061 1744 celebrandum
1084 1679 1239 1744 invitatus
1262 1676 1424 1744 Demetrius

208 1771 344 1820 omanus
372 1764 413 1830 ab
430 1767 560 1831 Astraeo
583 1762 776 1830 Heracleam
799 1764 896 1830 uenit.
918 1765 952 1828 in
975 1787 1012 1829 ea
1034 1787 1126 1830 coene
1147 1765 1268 1832 dicitur
1290 1783 1422 1840 uenenum

209 1841 315 1886 amiur.
370 1849 492 1920 datum.
524 1846 661 1916 ⁴Poculo
681 1864 788 1934 epoto,
804 1851 965 1936 extemplo
987 1851 1092 1916 sensit.
1115 1864 1147 1916 et
1159 1874 1242 1916 mox
1256 1851 1369 1916 coortis
1381 1848 1424 1914 do·

370 1935 501 2012 loribus,
518 1935 628 2000 relicto
644 1937 802 2013 convivio,
818 1959 916 2022 quum
932 1937 966 2000 in
982 1939 1165 2002 cubiculum
1181 1940 1350 2024 recepisset
1361 1957 1422 2010 sese,

370 2021 587 2087 crudelitatem
610 2023 710 2108 patris
732 2044 939 2107 conquerens,
959 2024 1165 2108 parricidium
1189 2023 1308 2103 fratris,
1324 2045 1359 2090 ac
1379 2020 1424 2086 Di·

370 2109 421 2174 dae
443 2108 543 2174 scelus
565 2105 725 2186 incusans,
741 2107 959 2193 torquebatur.
983 2111 1154 2176 intromissi
1179 2110 1297 2176 deinde
1312 2107 1424 2194 'lbyrsis

370 2195 505 2281 quidam
523 2195 708 2264 Stuberaeus
730 2208 762 2260 et
785 2190 952 2262 Beroeaeus
968 2195 1163 2274 Alexander,
1184 2197 1310 2284 injectis
1331 2192 1424 2280 tapeti·

371 2281 481 2349 busin
504 2293 602 2366 eaput
622 2280 800 2368 faucesque,
817 2282 962 2367 spiritum
984 2282 1240 2348 intercluserunt.
1286 2283 1337 2358 Ita
1350 2284 1424 2346 inuo-

370 2368 441 2434 xius
455 2368 648 2446 adolescens,
665 2391 763 2454 quum
779 2369 811 2432 in
828 2391 866 2436 eo
881 2379 922 2432 rie
936 2367 1073 2453 simplici
1085 2369 1214 2455 quidem
1229 2392 1346 2458 genere
1358 2387 1424 2452 mer·

371 2455 412 2520 tis
426 2455 568 2520 conteuti
583 2453 704 2519 inimici
718 2453 861 2532 fuissent,
878 2454 1077 2520 interficitur.

209 2546 349 2624 nerium·
402 2541 524 2609 XXV.
547 2540 636 2606 Dum
662 2539 734 2606 lraec
759 2542 792 2607 in
819 2539 1011 2606 Macedonia
1042 2558 1210 2628 geruntur,
1237 2543 1280 2608 L.
1296 2539 1425 2607 AEmilius

208 2617 364 2674 mungens
374 2627 517 2707 Paullus,
533 2639 708 2782 prorogato
726 2650 765 2692 ex
786 2625 953 2692 consulatu
973 2627 1118 2712 imperio,
1134 2629 1297 2715 principio
1312 2627 1384 2694 reris
1400 2625 1424 2690 it

373 2713 516 2802 Ligures.
552 2735 698 2800 agaunos
720 2715 893 2780 exercitum
919 2713 1110 2781 introduxit.
1157 2715 1225 2780 Ubi
1246 2718 1381 2801 primurn
1401 2711 1424 2772 iu

371 2797 510 2866 hostium
535 2801 650 2866 finibus
672 2812 776 2867 castra
801 2801 917 2884 posuit,
939 2800 1033 2888 legati
1053 2800 1096 2865 ad
1119 2823 1202 2876 cum,
1226 2823 1287 2886 per
1309 2799 1423 2886 speciem

371 2887 461 2972 pacis
484 2886 642 2973 petendae,
665 2885 862 2971 speculatum
889 2900 1054 2952 venerunt.
1077 2900 1216 2975 negante
1242 2888 1360 2964 Paullo,
1380 2881 1425 2948 nisi

373 2996 447 3043 cum
461 2971 578 3040 deditis
592 2972 710 3060 pacisci
725 2995 758 3038 se
778 2995 901 3058 pacem,
917 2995 982 3038 non
999 2972 1112 3038 tamid
1134 2975 1334 3052 recusabant,
1348 2989 1423 3059 quan
1484 3043 1485 3064 ἢ

373 3073 515 3146 tempore
530 3081 609 3146 opus
624 3079 690 3124 esse
705 3058 842 3146 aiebant,
858 3074 894 3124 ut
913 3060 1021 3147 generi
1044 3061 1161 3147 agresti
1184 3059 1351 3138 hominum
1369 3075 1425 3143 per·
1484 3065 1485 3136 l

373 3147 570 3212 suaderetur.
593 3143 633 3215 ad
655 3144 718 3211 hoc
740 3145 849 3230 decem
865 3142 1001 3212 dierum*
1014 3147 1153 3214 inducia
1167 3164 1268 3232 quum
1282 3147 1424 3215 darentur,

373 3234 535 3318 petierunt
549 3231 676 3309 deinde,
692 3255 729 3300 ne
750 3243 834 3298 trans
849 3243 963 3301 montes
977 3233 1254 3316 proximoscuatris
1272 3232 1425 3316 pabulatum

376 3319 398 3382 l'
464 3330 583 3406 tumque
603 3319 713 3384 milites
734 3319 820 3404 irent.
851 3319 932 3386 cata
954 3341 992 3384 eo
1014 3319 1080 3386 locu
1105 3341 1225 3386 morum
1239 3321 1350 3400 finirm
1368 3333 1424 3380 este·

376 3405 391 3470 1
432 3407 486 3472 ubi
507 3401 728 3491 impetravere,
743 3420 818 3490 post
830 3429 895 3472 eos.
907 3406 992 3492 ipsos
1013 3419 1146 3484 montes,
1162 3406 1250 3472 unde
1270 3410 1426 3496 averterent

375 3492 511 3572 hostem,
526 3492 670 3558 exercitu
692 3493 781 3566 omni
806 3506 1076 3578 coacto‚repente
1100 3491 1305 3566 multitudine
1325 3487 1426 3576 ingenit

376 3592 480 3648 castra
496 3579 717 3645 Romanorum
733 3579 920 3668 obpugnare
935 3578 1027 3658 simul
1042 3579 1306 3664 erunibusportis
1319 3576 1426 3664 adgres-

507 3789 699 3838 ‘Ilterralons'cu
711 3789 780 3836 Cres.
846 3787 859 3822 d
870 3785 994 3835 Asterium
1007 3789 1083 3835 Gron.
1094 3787 1228 3834 AEetroeum
1240 3789 1308 3834 crev.

411 3999 441 4040 80
453 3991 588 4040 AEstroeam
598 3987 717 4054 Paeonioe]
732 3991 770 4038 Sic
780 3995 838 4039 vett.
848 3991 897 4038 edl-
929 3991 1051 4037 Asterium
1059 3990 1189 4037 Thessalia
1199 3993 1245 4047 est,
1254 4002 1303 4036 non
1311 3985 1404 4034 Pacuio

377 4060 411 4106 ti:
428 4064 454 4106 et
471 4059 567 4106 firmant
582 4059 728 4119 'scriptorum
744 4058 896 4117 antiquorum
964 4063 992 4102 tl
1012 4057 1128 4104 Peraeam
1142 4048 1317 4117 Amplt'pole'm]
1332 4051 1388 4098 Olim
1403 4042 1427 4090 al

377 4125 523 4172 testimonia.
555 4123 610 4185 Vid-
636 4123 699 4172 Cler-
723 4121 843 4188 Bardulis.
868 4123 897 4188 ad
930 4121 1125 4184 Philippopolim
1158 4121 1264 4183 Mutavit
1286 4117 1387 4180 Sigonius
1404 4121 1425 4156 ⁶¹

377 4189 440 4237 Plin.
456 4192 472 4238 l.
488 4189 530 4236 IV.
552 4205 573 4240 c.
596 4195 632 4236 ιο.
649 4189 713 4237 Vict.
731 4188 813 4246 codex,
831 4193 858 4252 ut
874 4193 899 4236 et
931 4187 1045 4252 Ppiscisni
1062 4187 1152 4237 nvn.
1173 4186 1215 4238 ubi
1225 4187 1284 4244 bap
1297 4183 1355 4234 Liuii
1371 4176 1426 4249 verb·

379 4255 461 4317 scripti
481 4253 765 4317 Sigoniani,Artraeam.·
782 4255 845 4300 unde
863 4253 899 4301 Si·
932 4254 1045 4303 citantur.
1079 4252 1175 4314 Modiup
1192 4265 1285 4314 quoqpe
1303 4252 1393 4299 uttam
1407 4252 1426 4286 ¹¹¹

379 4321 464 4377 genius
490 4322 535 4378 legi
559 4322 663 4380 iusserat
687 4313 819 4367 Asterium.
854 4319 898 4366 Sed
933 4317 1075 4384 membranis
1087 4319 1135 4375 suis
1146 4319 1193 4382 legi
1204 4314 1373 4382 Amphipolim
