3136 4982
477 161 772 238 L1n.xxxvr'11.
800 177 904 238 cnr.
930 177 996 238 xn.
1196 185 1254 252 aas
1357 181 1360 188 ·

199 343 352 408 Corneliae
364 343 462 428 magis
470 343 622 428 fhnriliae,
638 363 727 426 qaam
747 342 817 405 urbi
831 343 1071 428 Romanae‚fore
1084 343 1254 410 enitescen-
1264 369 1293 416 υ.
1305 367 1332 415 c.
1342 373 1398 415 ses

114 477 117 490 ,
198 431 277 493 dum,
1262 435 1292 483 A·
1305 436 1398 484 &187-

240 513 312 578 LX.
336 513 497 578 Adversus
512 513 725 578 ea'l'erentius
739 524 858 597 proetor
870 511 1255 600 rogationem'Petilliam,
1295 571 1297 581 ,

196 611 227 663 et
242 600 558 677 senatusconsultum,
572 611 605 664 et
621 599 776 685 judicium
798 598 838 664 de
853 598 893 664 L.
911 599 1061 684 Scipione
1073 599 1191 666 factum
1205 625 1256 668 re·

197 685 322 760 citavit3
345 707 388 762 se,
403 687 436 750 ni
455 685 610 752 referatur
653 685 765 749 ecunia
782 685 813 748 in
837 685 1013 769 publicum,¹
1025 708 1097 772 quae
1113 687 1257 773 judicata

198 772 249 851 sit,
269 770 348 836 nihil
371 772 498 849 habere,
514 771 599 858 quod
621 707 725 848 derat,
740 772 801 834 nisi
825 787 860 836 ut
885 770 1037 858 prehendi
1058 772 1255 853 damnatum,
1278 777 1282 786 ’
1304 803 1312 822 ·

198 869 230 922 et
245 858 278 921 in
293 857 417 924 vincula
436 859 511 924 duci
526 857 647 944 jubeat.
692 857 830 922 Tribuni
845 879 943 944 quum
965 857 1000 923 in
1021 859 1186 924 consilium
1209 880 1256 926 se·

197 945 369 1022 cessissent,
395 943 503 1030 paullo
531 957 602 1030 post
628 943 666 1008 C.
683 943 822 1008 Fannius
847 966 887 1009 ex
919 965 976 1008 sua
1000 944 1256 1034 collegarumque

196 1029 342 1109 aliorum,
363 1045 481 1116 praeter
497 1029 690 1109 Gracchum,
707 1028 860 1094 sententia
881 1031 1112 1115 pronunciavit,
1121 1035 1258 1116 pretori

196 1137 258 1180 non
272 1119 456 1182 intercedere
466 1118 614 1194 tribanos,
628 1138 686 1200 qno
699 1118 798 1181 minus
810 1138 866 1182 nra
874 1127 1029 1200 potestate
1042 1128 1157 1183 matur.
1202 1118 1255 1183 Ti.
1264 1137 1384 1184 dracus·

198 1202 367 1268 Gracchus
392 1203 437 1268 ita
460 1203 615 1268 decrevit:
641 1201 709 1278 Quo
737 1199 897 1268 minusca
920 1203 1007 1268 barris
1032 1203 1073 1268 L.
1091 1204 1253 1288 Scipionis,
1263 1203 1327 1314 aqu
1338 1216 1392 1252 ‘¹¹¹²

196 1291 278 1372 quod
278 1288 455 1373 judicatum
467 1292 520 1369 sit,
534 1291 702 1373 redigatur,
713 1309 745 1352 se
758 1308 819 1352 non
833 1291 1018 1354 intercedere
1025 1295 1169 1374 praetori.
1211 1268 1289 1358 Ldu
1306 1274 1338 1316 ‘¹'

195 1376 367 1458 Scipionem
381 1378 449 1461 (qui
462 1397 560 1460 regern
570 1376 823 1458 oprdentissimum
837 1375 920 1440 ordis
933 1385 1084 1450 terrarum
1099 1379 1254 1456 devicerit,

151 1466 154 1474 '
197 1462 356 1544 imperinm
375 1464 488 1545 pepuli
508 1461 645 1526 Romani
663 1463 887 1546 propagaverit
908 1463 943 1526 in
964 1464 1084 1526 ultimos
1104 1473 1257 1529 terrarum

186 1549 279 1630 fines,
293 1571 394 1633 regem
407 1551 581 1624 Eumenem,
598 1547 746 1623 Rhodios,
761 1549 843 1612 alias
856 1557 902 1610 tot
916 1547 1002 1612 nrbes
1019 1549 1104 1612 nte
1113 1552 1256 1616 &ninne-

196 1635 238 1698 rit
246 1635 359 1718 populi
372 1635 508 1699 Romani
521 1634 680 1716 benefinis,
696 1635 843 1716 plurimos
857 1635 944 1697 duces
957 1635 1085 1700 hostium
1099 1637 1134 1699 in
1148 1638 1256 1701 trium-

19 1769 23 1777 .
114 1716 119 1726 '
193 1721 258 1802 piro
272 1722 374 1786 dictos
387 1743 507 1785 carcere
526 1719 695 1800 incluserit)
710 1741 771 1782 non
785 1740 947 1802 passurum
961 1719 1073 1784 1⁷inter
1086 1722 1183 1786 hostes
1195 1745 1256 1806 po·

190 1808 264 1888 puli
289 1807 425 1872 Romani
446 1808 486 1870 L.
500 1807 688 1888 Scipioneme
713 1807 748 1869 in
772 1827 892 1869 carnae
916 1815 946 1870 et
970 1807 1006 1869 in
1030 1808 1159 1873 uincule's
1182 1830 1254 1886 esse,

197 1894 336 1991 mittiqpa
354 1915 419 1958 enm
435 1887 471 1957 ¹se
480 1891 602 1976 jubere.
646 1889 752 1956 Tanto
771 1890 903 1955 adsensu
926 1891 1069 1956 auditum
1089 1906 1135 1958 est
1148 1893 1256 1960 decre-

198 1991 277 2054 tum,
300 1978 380 2044 adeo
401 1978 564 2042 dimissum
584 1978 625 2043 L.
642 1977 694 2042 Sci
719 1977 823 2042 ionem
845 1976 911 2042 laeti
933 1977 1076 2042 homines
1097 1979 1255 2059 viderunt,

197 2065 308 2128 utrix
330 2065 363 2128 in
387 2063 495 2129 eadem
517 2063 642 2129 ciuitate
658 1999 816 2130 uideretur
837 2062 955 2128 factum
970 2062 1137 2150 judicium.
1181 2066 1254 2132 18In

198 2149 281 2214 bona
295 2150 410 2218 deinde
425 2151 466 2215 L.
482 2149 637 2234 Scipionis
656 2171 832 2233 possessum
846 2149 972 2235 publice
986 2165 1158 2238 quaestores
1171 2175 1255 2238 prae-

197 2249 247 2300 tor
269 2237 362 2302 misit.
384 2259 486 2323 neque
508 2237 540 2300 in
562 2234 599 2299 iis
622 2257 685 2300 non
706 2235 801 2300 modo
816 2237 981 2322 vestigium
1003 2237 1103 2302 ullum
1127 2261 1255 2325 compa-

196 2322 261 2386 ruit
282 2323 424 2406 pccuniae
447 2323 553 2414 regiae,
569 2321 623 2385 sed
643 2343 841 2406 nequaquam
866 2335 990 2386 tantum
1013 2323 1176 2390 redactum
1196 2339 1255 2407 est,

197 2421 325 2494 quantae
346 2431 478 2477 summae
497 2408 663 2472 damnatus
682 2407 793 2471 fuerat.
839 2407 976 2473 Conlata
998 2412 1133 2497 pecunia
1146 2435 1166 2474 a
1180 2405 1255 2500 cog-

197 2495 281 2560 natis
297 2495 468 2580 amicisque
491 2509 522 2558 et
540 2492 705 2558 clientibus
727 2508 773 2558 est
787 2493 827 2557 L.
845 2494 985 2580 Scipioni
992 2507 1006 2572 ς’
1027 2508 1070 2574 ut,
1087 2499 1112 2560 si
1134 2519 1255 2582 accipe·

196 2596 245 2645 ret
259 2603 338 2664 eam,
354 2579 541 2665 locupletior
562 2579 724 2666 aliquanto
737 2594 827 2655 esset,
841 2603 936 2666 quam
957 2594 1031 2646 aute
1045 2582 1254 2648 calamitatem

194 2666 309 2732 suerat.
353 2667 444 2732 Nihil
472 2667 602 2752 accepit,
629 2687 701 2751 quae
730 2667 904 2730 necessaria
932 2667 971 2731 ad
1002 2668 1121 2734 cultum
1151 2683 1255 2749 erant,

164 2797 168 2806 ·
197 2753 222 2790 1⁹
233 2753 371 2818 redemta
391 2754 420 2816 ei
442 2777 461 2816 a
486 2751 641 2838 proximis
664 2751 806 2838 cognatis
828 2766 911 2816 sunt.
955 2754 1162 2841 Verteratque
1186 2757 1254 2822 Sci-

197 2841 329 2924 pionum
350 2839 468 2904 invidia
487 2841 518 2902 in
532 2850 715 2923 praetorem,
728 2837 795 2902 ²⁰et
809 2837 973 2902 consilium
988 2841 1063 2925 ejus,
1079 2854 1111 2906 et
1126 2864 1254 2908 accusa—

198 2939 291 2990 tores.

466 3075 470 3082 -
558 3044 891 3106 cenomannensem.

232 3171 260 3214 17
273 3165 341 3211 Inter
349 3165 425 3212 horter
430 3165 635 3228 paputiRomani]
652 3167 708 3213 Post
741 3165 837 3216 vendita
854 3179 904 3213 eree
922 3177 951 3212 eo
965 3165 1047 3212 omnia
1059 3178 1111 3225 quoe
1123 3165 1152 3214 L.
1164 3165 1254 3226 Scipio-

196 3233 248 3278 haec
259 3231 330 3278 verbo
343 3245 358 3277 o
371 3231 434 3277 molo
450 3244 521 3277 manu
539 3244 618 3278 rursus
635 3231 706 3277 imer-
741 3230 778 3276 nir
790 3235 866 3289 crant,
877 3235 906 3276 ut
923 3231 1023 3290 pecunia
1033 3245 1062 3277 ex
1075 3231 1109 3276 eis
1125 3231 1219 3278 redacta
1229 3232 1255 3278 in

197 3305 248 3344 tum
268 3302 318 3342 erat
336 3297 367 3342 L.
378 3297 528 3356 Scipionem:
550 3297 613 3356 quod
634 3311 707 3356 quum
740 3297 847 3342 erarium
869 3295 1008 3342 inferretur:
1034 3296 1065 3342 nd
1086 3295 1151 3342 illam
1176 3301 1255 3344 autern

196 3369 222 3409 et
237 3377 329 3421 sepsos,
340 3366 366 3406 et
380 3362 427 3408 duo
444 3363 534 3423 scripti,
546 3375 610 3407 unns
625 3363 709 3408 aGro·
741 3363 901 3409 venditionem
928 3361 1052 3408 amessias
1081 3362 1199 3420 proximor
1227 3363 1255 3408 L.

196 3430 269 3476 norio
289 3432 442 3483 memoratus,
460 3427 520 3472 alter
539 3426 602 3488 Vlct.
620 3431 709 3484 noster,
742 3425 857 3487 Scipionis
869 3430 992 3486 cognatos,
1004 3431 1029 3473 et
1044 3440 1073 3473 en
1088 3440 1140 3485 quta
1154 3428 1255 3474 maxima

196 3492 491 3556 repudient.rcsecondum
502 3492 645 3538 censuimus.
742 3493 865 3538 necessarii
891 3504 948 3537 usur
976 3497 1044 3538 eram
1071 3492 1204 3550 redemisse,
1227 3506 1255 3538 ac

232 3560 322 3605 18*1n
332 3557 404 3619 bena]
420 3557 497 3604 Jmalt
511 3561 599 3617 pretor
608 3559 709 3616 quanto·
741 3556 846 3618 Scipioni
857 3556 991 3604 reddidisse.
1229 3595 1234 3605 .

197 3639 233 3672 rec
244 3625 269 3672 in
286 3625 349 3671 bona
360 3623 387 3668 L.
398 3620 513 3682 Scipionis
526 3621 567 3680 juo
582 3621 710 3682 possessio·
774 3628 805 3668 20
821 3623 860 3668 Et
880 3622 1005 3670 concilium
1026 3617 1087 3684 eJ'ue]
1112 3623 1145 3668 Et
1162 3622 1256 3682 judicer
1278 3653 1281 3660 ι

197 3687 432 3748 nionomiuepopuli
445 3687 669 3735 Roman'rexercere.
741 3687 783 3746 qui
804 3701 858 3738 curu
879 3701 908 3734 eo
930 3687 958 3739 L.
972 3686 1107 3748 Scipionem
1129 3687 1255 3736 damnove.

232 3751 431 3816 rernerenpra]
462 3751 645 3815 Intelligendum
673 3756 710 3798 cet
740 3756 804 3801 reor.
