3126 4978
370 169 457 286 aaa¹
620 235 621 240 ¹
751 215 1027 286 Tttttlvr'l
1217 213 1241 292 ‚‘
1366 269 1380 306 ,

202 393 237 444 u.
250 397 278 445 o
288 397 345 444 mo.
368 399 400 454 et
413 387 490 454 loris
511 387 627 454 ducere
647 409 756 474 equos,
771 387 892 454 itineris
903 387 1047 454 maxime
1062 387 1169 468 modo,
1184 387 1298 460 solutis
1307 387 1430 452 ordini·
1534 409 1535 412 ¹

206 461 275 508 Μ·
290 465 343 510 ¹⁹²*
368 475 504 541 bus:·ut
527 475 693 539 comitatus
718 475 818 561 magis
836 475 983 560 ‘proefccti
1008 473 1177 563 rideretur,
1200 497 1294 562 quam
1319 475 1429 561 proesi·

367 561 467 630 dium.
512 561 563 626 lbi
587 583 652 662 una
677 583 718 624 ex
740 562 852 626 turmis
876 561 916 626 ad
941 575 1067 662 portam
1093 559 1215 638 relicta,
1237 583 1280 626 ne
1298 560 1429 627 excludi
1534 587 1535 654 l

367 647 558 732 subsequens
572 659 727 732 cqurtatus
742 659 854 732 posset,
870 648 973 712 medra
987 648 1067 712 urbe
1080 668 1117 712 ac
1130 669 1188 733 per
1201 646 1315 725 forum,
1329 664 1429 712 ‘manu

368 731 586 822 Eurylochum
602 745 722 810 tenens,
738 733 845 798 multis
863 733 1108 799 obcursantibus
1124 733 1429 821 gratulantibusque,
1534 727 1535 744 *

271 865 274 878 .
367 817 498 884 domurn
513 819 656 884 deduxit.
702 818 784 884 Mox
798 824 939 907 equitum
956 819 1049 904 plana
1063 819 1139 885 urbs
1154 833 1232 898 erat,
1243 837 1275 885 et
1288 819 1359 904 loca
1370 841 1428 906 op·

366 919 505 994 portuna
526 905 774 991 occupabantur.
797 920 864 971 tum
887 907 920 972 in
942 906 1055 971 domos
1077 906 1173 984 missi,
1194 905 1247 992 qui
1293 901 1428 991 rincipes

367 991 507 1140 pdversae
527 991 671 1058 factionis
699 992 921 1058 interficerent.
966 991 1017 1058 Ita
1039 992 1220 1058 Demetrias
1289 991 1428 1056 tolosum

379 1092 451 1143 ncta
464 1091 521 1144 est.
1330 1099 1332 1106 ’

205 1187 361 1236 mtaauteo-
412 1165 560 1231 XXXV.
585 1163 815 1230 Lacedeemone
839 1187 903 1230 non
930 1164 1003 1230 urbi
1021 1165 1068 1230 ris
1093 1164 1273 1244 adserenda,
1299 1163 1354 1230 sed
1378 1175 1429 1252 ty-

204 1253 256 1315 Ρίῑ·
267 1251 339 1298 taa-
368 1273 487 1316 rannus
512 1250 587 1316 dolo
612 1251 784 1336 capiendus
813 1264 897 1316 erat:
928 1273 1033 1338 quem,
1059 1251 1228 1336 spoliatum
1259 1245 1426 1316 maritimis

204 1319 342 1366 amonem.
367 1360 389 1402 o
414 1337 494 1425 pidia
509 1361 530 1403 a
544 1337 706 1415 Romanis,
723 1352 800 1401 tunc
823 1338 906 1403 intra
928 1339 1046 1402 moenia
1069 1339 1164 1404 etiam
1187 1337 1429 1403 Lacedaemonis

365 1361 410 1489 ai
422 1423 549 1490 Acbaeis
566 1421 776 1510 compulsum,
816 1423 847 1488 ui
862 1436 1046 1511 occupasset
1059 1425 1214 1503 occidere,
1231 1445 1305 1489 eum
1326 1424 1428 1489 totius

364 1511 500 1599 gratiam
523 1511 569 1575 rei
592 1509 677 1594 apud
700 1508 767 1575 Lac
808 1512 959 1576 aemonios
983 1509 1131 1576 laturum.
1176 1511 1327 1576 Caussam
1352 1512 1428 1574 mit-
1534 1587 1535 1590 Ἴ

365 1597 450 1664 tendi
465 1597 505 1662 ad
520 1619 593 1663 eum
608 1595 799 1674 habuerunt,
814 1597 899 1684 quod
914 1596 1066 1686 fatigabat
1087 1598 1243 1682 precibus,
1258 1610 1294 1662 ut
1308 1595 1429 1662 auxilia
1534 1599 1535 1680 Q

364 1682 434 1760 sibi,
458 1706 555 1770 quum
581 1682 642 1748 illis
667 1683 847 1748 auctoribus
866 1683 1056 1762 rebellasset,
1079 1684 1288 1748 mitterentur.
1332 1681 1427 1748 Mille

362 1771 485 1856 pedites
506 1771 708 1836 Alexameno
729 1767 795 1834 dati
817 1783 900 1847 sunt,
915 1784 947 1834 et
962 1773 1092 1856 triginta
1117 1767 1230 1835 delecti
1254 1790 1293 1834 ex
1311 1770 1427 1854 juven-

362 1870 430 1922 tute
452 1857 585 1943 equites.¹
625 1855 722 1919 ¹’lis¹
742 1877 762 1919 a
784 1868 921 1940 praetore
947 1855 1137 1922 Damocrito
1158 1856 1191 1919 in
1217 1855 1349 1920 consilio
1375 1873 1427 1921 ar-

362 1965 446 2008 cano
467 1942 580 2029 gentis,
595 1940 636 2005 de
650 1963 715 2028 quo
729 1953 802 2006 ante
816 1941 934 2007 dictum
951 1955 1006 2029 est,
1023 1944 1259 2020 denunciatum,
1278 1942 1326 2006 Ne
1339 1963 1371 2007 se
1385 1945 1430 2006 ad

247 2027 249 2037 '
361 2030 468 2094 delium
484 2028 649 2092 Achaicum
670 2037 726 2092 ant
746 2049 808 2092 rem
830 2031 934 2104 allam,
950 2051 1039 2113 qnam
1060 2051 1116 2093 sna
1138 2031 1262 2114 quisque
1282 2029 1428 2112 opinione

354 2117 530 2198 precipere
539 2123 650 2197 posset,
666 2116 822 2179 crederent
835 2117 939 2180 missos
952 2135 1024 2180 esse.
1046 2117 1197 2200 quidquid
1209 2115 1427 2179 Almamennm

361 2223 411 2265 res
422 2202 582 2265 monuisset
594 2199 690 2265 subiti
702 2201 825 2265 aemilii
833 2205 953 2285 capere,
965 2204 1010 2264 nd
1020 2202 1064 2282 id,
1075 2202 1210 2286 qrmmms
1221 2203 1427 2284 inopinatum,

361 2289 564 2364 temerariam,
580 2289 694 2365 eudon,
715 2287 889 2352 obedienter
909 2290 1124 2378 exsequendum
1140 2289 1255 2370 parati
1267 2296 1374 2364 enan,
1389 2309 1440 2358 aa,

359 2395 423 2458 pro
442 2395 479 2452 eo
501 2375 684 2456 acciperent,
699 2383 852 2457 tamqnam
874 2375 919 2437 od
932 2376 967 2438 id
980 2395 1069 2448 annm
1091 2375 1239 2458 egendum
1262 2375 1367 2438 missos
1385 2373 1427 2437 od

186 2541 188 2545 y
366 2463 452 2524 domo
466 2482 497 2524 se
510 2462 632 2524 seirent.
678 2459 761 2524 Cum
778 2459 826 2523 bis
840 2459 884 2523 ita
899 2461 1082 2546 praeparatis
1096 2458 1311 2524 Alexamenus
1325 2458 1366 2524 ad
1378 2471 1427 2546 ty·

202 2557 340 2606 Armeni
366 2567 501 2610 reanum
516 2546 612 2622 venit,
627 2567 720 2632 quem
737 2545 906 2622 adveniens
919 2545 1078 2632 extemplo
1091 2546 1158 2631 spei
1172 2545 1314 2632 inplevit.
1358 2546 1427 2610 An·

161 2655 163 2662 '
200 2621 278 2736 ᾖ
286 2635 337 2737 3¹¹:
365 2631 570 2716 tioehnmjnm
586 2635 620 2696 in
637 2633 793 2714 Europam
807 2635 962 2711 transisse,
978 2654 1047 2698 moa
1060 2635 1094 2696 in
1111 2634 1235 2696 &ceeia
1243 2637 1341 2718 fine,-
1363 2641 1427 2696 ter·

205 2749 266 2802 ffim*
365 2742 428 2796 ras,
444 2721 556 2796 maria,
573 2719 677 2796 armis,
692 2721 768 2783 uiris
781 2720 1003 2802 completuram.
1040 2717 1114 2782 Non
1128 2719 1427 2802 cumPln'lrpporem
1534 2767 1535 2776 ,

362 2829 426 2872 esse
439 2808 607 2870 credituros
620 2805 787 2870 Romanos.
809 2827 961 2870 nnmerum
983 2807 1062 2870 iniri
1077 2807 1217 2889 peditam
1237 2806 1429 2889 equitumque
1534 2859 1535 2868 ,

288 2889 292 2910 ⁴
361 2915 400 2958 ae
413 2895 535 2960 naviam
550 2913 611 2956 nen
621 2913 729 2974 posse:
752 2892 978 2974 elephantorum
992 2894 1086 2956 aciem
1107 2899 1264 2975 commeta
1285 2893 1351 2973 ipso
1373 2893 1426 2955 de-

362 2981 553 3044 bellaturum.
598 2979 722 3043 AEtotos
735 2987 800 3042 toto
809 2980 1011 3048 suoenerer'tn
1019 2987 1150 3061 paratos
1164 2999 1225 3042 esse
1239 2979 1343 3040 uenire
1359 2977 1426 3040 La·

361 3069 565 3142 eedaemonem,
576 3085 664 3149 mum
675 3085 724 3129 res
729 3074 858 3146 poseat:
878 3063 933 3128 sed
932 3065 1115 3148 frequentes
1125 3073 1260 3128 annates
1269 3065 1427 3128 ostendere
1534 3119 1535 3144 ,

360 3153 540 3220 advenienti
560 3152 628 3235 regi
655 3153 791 3215 oolnbse.
837 3151 957 3214 Nabidi
977 3171 1092 3235 quoqne
1112 3159 1143 3214 et
1165 3151 1227 3233 ipsi
1238 3147 1425 3235 faciendum

361 3261 434 3318 esse,
450 3249 494 3315 nt,
510 3259 586 3322 qnos
606 3237 730 3300 heberet
751 3237 865 3320 copies,
881 3257 941 3301 non
954 3239 1068 3302 sineret
1081 3237 1134 3300 md
1144 3237 1232 3302 tectis
1244 3257 1427 3300 marcescere

361 3327 445 3390 otio.-
467 3325 522 3390 sed
534 3325 681 3400 edoceret,
698 3331 728 3387 et
743 3324 777 3386 in
791 3324 886 3388 armis
896 3324 1055 3388 denrrrere
1066 3333 1194 3407 cogeret,
1207 3323 1426 3387 simalenimos
1534 3323 1535 3366 l

359 3420 538 3490 nouercam
552 3429 681 3494 corporo
696 3419 855 3473 exerceret.
902 3411 1124 3474 Consuetudine
1136 3411 1277 3473 leniorem
1290 3405 1425 3472 laborem
1534 3407 1535 3414 '

348 3499 448 3582 fore:
471 3507 501 3562 et
515 3497 656 3560 comitate
676 3517 714 3558 oe
734 3493 924 3644 benzpnr'tate
944 3498 1028 3562 ducis
1047 3497 1141 3560 etiam
1156 3517 1216 3560 non
1231 3494 1425 3579 injucundum

348 3584 432 3666 fieri
440 3604 539 3665 posse.
584 3580 688 3646 Educi
704 3579 777 3646 inde
811 3595 978 3667 requenter
998 3595 1072 3646 aute
1093 3581 1203 3646 urbem
1221 3583 1251 3644 ia
1274 3601 1423 3666 campum
1534 3607 1535 3620 ¹

362 3669 403 3734 ad
419 3667 574 3734 Eurotam
590 3689 712 3760 amnem
729 3689 866 3753 crepere.
912 3668 1069 3733 Satellites
1084 3667 1210 3754 tyranni
1232 3665 1338 3730 media
1357 3665 1424 3730 fcre

361 3755 395 3820 in
411 3756 478 3821 acie
501 3753 721 3831 consistebant,
737 3767 891 3840 tyrannus
916 3777 988 3818 cum
1013 3752 1114 3819 tribus
1136 3775 1294 3818 summum
1310 3753 1425 3839 equiti·-

361 3842 433 3918 bus,
448 3841 531 3906 inter
545 3862 624 3926 quos
638 3839 825 3926 plerumque
839 3840 1051 3906 Alexamenus
1063 3854 1146 3921 crat,
1160 3854 1234 3906 ente
1247 3840 1338 3926 sigua
1352 3861 1424 3904 vec·

362 3928 499 4002 tabatur,
522 3949 642 3991 cornua
666 3939 806 3991 extrema
827 3927 982 4004 invisens3
1003 3928 1037 3990 in
1060 3925 1174 3990 dextro
1196 3947 1295 3990 cornu
1318 3924 1422 3990 AEtoli

362 4030 464 4094 crant,
475 4025 506 4080 et
521 4013 576 4100 qui
591 4026 666 4097 ante,
677 4013 845 4078 auxiliares
867 4013 994 4099 tyranni
1008 4013 1143 4092 fuerant,
1158 4028 1189 4078 et
1204 4013 1259 4099 qui
1273 4009 1424 4089 venerarit

815 4133 821 4167 ¹
833 4135 883 4182 Hir
892 4136 960 4182 Crat.

394 4259 425 4304 η
442 4254 493 4302 ute
508 4269 524 4300 e
540 4213 805 4314 mearent-rainice]
820 4249 873 4296 Tri·
905 4248 990 4296 matius
1017 4249 1174 4310 intelligetur,
1202 4203 1350 4314 reposuimus
1372 4251 1420 4310 die,

361 4319 430 4379 ginta
448 4318 579 4379 equitibus,
590 4322 618 4364 ut
635 4320 701 4377 patet
720 4329 749 4362 ex
769 4315 799 4361 iia
820 4329 873 4374 quea
906 4315 1024 4373 quomodo
1041 4315 1114 4364 tatae
1130 4319 1203 4366 amer
1213 4316 1360 4375 vissenam,
1376 4331 1422 4380 pre

356 4386 554 4436 -meurerabuntnr
574 4383 644 4430 iube.
688 4381 777 4442 Atque,
799 4385 828 4427 ut
849 4380 873 4426 irl
906 4381 946 4428 e‘r'e.
