3082 4976
434 147 697 224 tra.:x,xn1x.
723 149 826 213 oar.
847 101 950 212 axx.
1104 232 1106 238 Α
1142 153 1210 210 aar

143 322 266 376 -verunt
284 309 512 398 ab'Roma'nis:
536 324 573 378 ut
594 333 657 378 non
672 330 693 378 a
708 311 824 382 Perseo
844 307 918 380 filio·
931 313 998 398 ejus
1008 310 1102 377 tronis
1122 323 1287 384 nnana
1300 329 1356 377 ser.

145 397 195 461 sis
209 409 343 474 motum,
359 397 415 463 sed
436 401 480 466 oh
500 401 558 466 has
575 420 595 462 a
617 411 706 483 patre
723 399 841 466 bellum
859 399 1005 468 relictum
1017 397 1098 466 *filio*
1110 381 1287 465 viderie-⁶·
1303 397 1358 438 ¹⁸⁵·

152 483 281 566 possit·
306 483 421 548 Romae
449 485 538 550 nulla
559 484 638 550 ,belli
664 483 866 552 Macedonici
891 485 1028 568 euspicio
1052 499 1129 553 etat·
1174 487 1364 572 IaMenliurex

153 563 296 634 Manlius
319 571 544 654 proconsules
559 571 718 655 Hispania
739 571 884 638 redierat·
905 569 1150 656 cui-postulanti
1170 571 1210 638 ab
1218 561 1340 672 3:3⁰¹*

149 668 262 720 senatu
275 655 309 718 in
323 655 393 722 oede
408 657 549 722 Bellona
569 655 765 742 triumphum
786 679 891 724 terum
914 673 1072 745 gestarum
1088 679 1119 724 nt
1163 657 1211 722 ni·

146 740 232 834 tudo
254 741 487 824 impetrabilem
506 743 650 820 iaciebat,
673 743 854 829 exemplum
877 743 1037 816 obstabat3
1060 766 1134 828 qu,
1167 743 1212 810 ita

147 840 368 912 ¹comparatum
395 851 483 895 more
507 831 663 916 majorum
682 841 829 907 erat-ne
853 829 933 916 quis,
958 830 1012 916 qui
1037 833 1209 897 exercitum

142 933 215 976 'non
238 911 441 996 deportasset,
457 916 678 1003 triumpharet,
691 914 750 980 nisi
771 915 982 1000 perdomitam
995 928 1215 1002 ‘pacatamque
1304 940 1306 946 ’

145 1000 360 1081 provinciam
381 1003 560 1068 tradidisset
596 1001 782 1068 successerit
813 1002 935 1069 medius
968 1014 1072 1068 tamen
1106 1001 1209 1068 honos

144 1085 279 1150 Manlio
299 1085 438 1170 habitus,
454 1090 600 1158 utovsns
618 1088 728 1156 urbem
744 1088 848 1154 iniret.
892 1087 982 1174 Tulit
1003 1110 1135 1158 coronas
1153 1112 1208 1157 au·

114 1171 119 1179 ”
147 1193 222 1236 reas
244 1173 473 1260 quinquaginta
500 1175 595 1242 duas:
625 1175 729 1242 11tauri
760 1189 913 1260 praeterea
944 1174 1053 1258 pondo
1082 1189 1208 1246 rentum

145 1259 298 1344 triginta‘t
315 1259 394 1325 duo:
419 1263 541 1386 arpenti
560 1261 695 1328 sedecim
717 1261 815 1328 millia
837 1273 992 1328 trecentae
1018 1275 1050 1327 et
1068 1283 1208 1346 pronun·

149 1345 244 1408 elavit
260 1346 290 1408 in
306 1359 425 1423 senatu,
434 1348 452 1386 ⁴¹
474 1347 581 1414 decem
602 1347 702 1414 millia
722 1347 830 1432 pondo
852 1347 986 1434 argenti,
1001 1360 1032 1413 et
1046 1348 1209 1435 octoginta

148 1430 217 1496 auri
234 1430 275 1511 Q.
294 1431 428 1498 Fabium
442 1449 630 1520 quaestorem
650 1433 817 1502 advehere.
839 1432 1014 1520 idquoque
1028 1456 1061 1498 se
1081 1434 1113 1498 in
1128 1455 1209 1500 aera·

149 1517 231 1582 rium
244 1517 428 1584 inlaturum.
466 1519 615 1608 Magnus
629 1538 734 1587 motus
744 1519 867 1588 servilis
881 1541 920 1584 eo
934 1541 1017 1584 anno
1040 1519 1071 1582 in
1090 1519 1209 1604 Apulia

147 1601 219 1668 snit.
263 1601 439 1670 Tarentum
457 1608 652 1690 provinciam
668 1606 707 1672 L.
725 1605 907 1672 Postumius
928 1619 1046 1690 praetor
1060 1604 1207 1674 habebat.

147 1689 182 1754 Is
197 1689 418 1775 depasturum
440 1693 736 1779 conjuratione,·qui
752 1693 817 1782 ries
840 1690 1010 1756 latrociniis
1031 1707 1209 1778 pascuaque

146 1776 275 1860 publica
296 1775 407 1842 infesta
429 1777 615 1854 habuerant,
634 1779 839 1864 quaestionem
863 1793 967 1842 severe
990 1781 1144 1842 exercuit.
1166 1779 1212 1844 ud⁴

147 1875 267 1948 septem
293 1862 391 1927 millia
415 1861 578 1930 hominum
604 1865 848 1934 condemnavit:
871 1863 961 1936 multi
985 1863 1011 1902 ¹³
1019 1864 1094 1928 inde
1118 1863 1207 1952 fuge·

147 1965 234 2030 runt,
262 1949 303 2013 de
332 1949 437 2014 multis
465 1968 604 2015 sumtum
633 1965 679 2016 est
707 1950 906 2036 supplicium.
958 1949 1121 2028 Consules,
1153 1951 1206 2016 din

146 2037 261 2102 retenti
277 2035 317 2100 ad
336 2039 452 2101 urbem
471 2037 653 2113 delectihus,
670 2035 796 2102 tandem
817 2037 851 2106 in
873 2036 1051 2122 provincias
1073 2035 1207 2122 profecti

147 2133 231 2186 aunt.
521 2179 524 2186 .
621 2166 623 2172 ·
913 2177 920 2182 -
966 2161 970 2194 ζ
1024 2139 1027 2147 ’

148 2251 157 2260 =
191 2208 311 2276 XXX.
335 2211 457 2276 Eodem
472 2233 557 2277 anno
573 2213 604 2278 in
622 2212 781 2296 Hispania
795 2223 947 2298 praetores
962 2212 998 2276 C.
1013 2211 1260 2296 Calpurniuaae·
1272 2234 1343 2292 gat·

146 2306 178 2358 ct
195 2294 235 2359 L.
251 2294 430 2374 Quinctius,
447 2320 545 2384 quum
569 2299 673 2384 primo
687 2319 759 2377 vere
773 2321 814 2362 ex
835 2299 975 2362 hibernis
991 2299 1097 2383 copias
1111 2294 1338 2372 ωηο-141115

144 2395 192 2444 tas
220 2380 254 2445 in
282 2383 422 2448 Baeturia
444 2385 631 2470 junxissent,
657 2386 691 2449 in
719 2384 954 2468 Carpetaniam,
982 2383 1043 2452 ubi,
1067 2373 1261 2448 hostiummun

145 2480 247 2532 castra
268 2483 368 2547 erant,
385 2469 410 2508 ¹⁴
419 2473 576 2559 progressi
597 2484 680 2548 sunt,
696 2472 857 2539 communi
882 2470 990 2538 animo
1011 2469 1142 2534 consilio
1166 2492 1205 2534 ue

146 2556 246 2638 'parati
263 2577 329 2618 rem
351 2579 469 2637 gerere.
515 2557 613 2624 Haud
637 2557 746 2642 procul
765 2557 920 2642 Hippone
934 2571 966 2620 et
982 2555 1097 2622 Toleto
1117 2491 1205 2622 uilt-

146 2644 204 2704 bns
219 2642 300 2706 inter
313 2631 635 2732 pabulamrespugna
657 2657 728 2708 orta
742 2659 799 2708 est.
821 2643 935 2728 quibus
950 2642 1025 2710 dum
1047 2643 1205 2730 utrimque

146 2725 327 2792 subvenitur
341 2752 360 2792 a
381 2730 499 2806 castris,
515 2729 676 2814 paullatim
692 2751 801 2794 omnes
826 2729 927 2812 copiae
944 2728 977 2794 in
996 2730 1095 2792 aciem
1109 2730 1205 2796 educ-
1227 2751 1232 2765 ¹

146 2828 188 2876 ιω
202 2828 288 2880 sunt.
309 2813 341 2877 iu
357 2838 395 2880 eo
410 2813 615 2880 tumultuario
629 2815 801 2882 certamine
815 2827 847 2882 et
860 2813 963 2880 ¹⁵loca
978 2834 1037 2878 sua
1053 2827 1085 2879 et
1103 2835 1205 2900 genus

145 2920 263 2988 pugnae
284 2921 343 2984 pro
368 2901 459 2966 hoste
481 2901 577 2968 furere
598 2901 665 2966 duo
689 2901 845 2968 exercitus
863 2901 1001 2967 Romani
1026 2899 1086 2981 fusi
1109 2913 1315 2987 atqueaonsnt

144 2987 178 3048 in
212 2999 315 3050 castra
344 2986 497 3072 compulsi
526 3004 611 3054 sunt.
643 3009 706 3054 non
737 2988 877 3054 institere
910 2985 1058 3070 perculsis
1086 2985 1203 3054 hostes.
1212 2985 1348 3031 vincuntur.

144 3071 301 3136 Praetores
333 3073 479 3150 Romani,
507 3097 547 3140 ne
575 3087 701 3162 postero
725 3073 777 3139 die
805 3085 907 3142 castra
932 3073 1204 3158 obpugnarentur,

143 3157 268 3223 silentio
289 3161 445 3242 proximae
467 3163 567 3226 noctis
589 3161 614 3200 ¹⁶
624 3161 721 3228 tacito
745 3160 838 3242 signo
863 3159 1038 3224 exercitum
1063 3158 1204 3224 abduxe-

144 3256 229 3310 runt.
273 3245 364 3310 Luce
385 3247 485 3330 prima
502 3246 639 3333 Hispani
655 3247 722 3312 acie
743 3247 894 3313 instructa
909 3245 951 3312 ad
966 3244 1081 3318 vallum
1098 3267 1204 3310 noces·

143 3345 263 3412 serunt,
278 3354 438 3418 vacuaque
459 3345 575 3418 ptaeter
590 3355 677 3419 spem
692 3346 796 3398 castra
810 3331 950 3420 ingressi,
967 3351 1039 3417 qna
1054 3329 1205 3406 derelicta
1286 3349 1287 3353 ’

524 3443 731 3530 Ι0514111ιί1(11411.
743 3469 811 3515 Crer.
881 3481 884 3486 ’
942 3463 944 3470 ’
985 3525 987 3532 Α

145 3631 150 3636 .
178 3591 204 3631 11
223 3586 550 3648 Auri....pcndooentum
564 3590 657 3650 viginti
686 3589 1205 3650 grerri,commuttr'onintoconsilt'oqueretn

142 3648 198 3712 clun]
221 3651 311 3698 Marsas
334 3651 476 3700 Parisieuset
498 3659 553 3703 190.
573 3653 655 3702 unciae
686 3661 820 3716 gesserunt
1146 3661 1149 3668 ’

143 3721 167 3760 5.
191 3717 296 3776 Argenti
319 3717 418 3763 sedecim
441 3719 520 3766 millia
543 3723 654 3766 treenta.
723 3714 1205 3782 rs·hocam]1nesnht,idat,flh·
1264 3722 1266 3731 ’

143 3779 236 3826 Maroae
248 3785 334 3830 taeta.
346 3783 427 3829 ancias
439 3786 461 3829 6.
687 3784 756 3846 panis
766 3792 907 3844 opportuna
1148 3805 1151 3814 .

178 3851 206 3890 ta
223 3845 311 3894 Decem
340 3847 417 3894 millia
438 3847 516 3908 pondo
543 3847 671 3912 urgentq·
723 3854 751 3896 16
769 3849 854 3896 Tacito
875 3844 956 3910 riguo]
978 3849 1083 3910 Signum
1104 3849 1205 3896 tacitum

143 3912 236 3958 Marcus
250 3918 334 3960 theat.
361 3911 490 3974 Octoginta
500 3914 563 3958 ouri.
591 3915 655 3960 Mar·
688 3913 867 3976 intelligendum
899 3913 999 3965 videtur,
1032 3925 1080 3958 non
1114 3914 1203 3965 vocale.

141 3981 187 4024 cat*
198 3980 250 4022 1²5.
688 3979 751 4039 qriod
761 3980 828 4032 tuba.
839 3983 881 4024 aut
891 3979 998 4035 classico,
1011 3984 1054 4023 ant
1064 3991 1138 4023 cornu
1154 3978 1204 4023 dari

143 4085 146 4094 .
178 4046 206 4088 18
223 4039 413 4106 intemeratas]
428 4044 504 4090 Vacat
514 4041 540 4090 el
550 4044 611 4091 inde.
689 4045 763 4091 solet:
789 4045 829 4091 sed
856 4049 949 4090 mutum
975 4040 1203 4102 clandestinumque,

129 4109 147 4166 ’Δ
177 4113 206 4152 14
222 4105 349 4166 Progressi
374 4116 438 4162 rant,
461 4111 579 4156 commane·
604 4110 656 4154 ani-
689 4110 713 4155 id
735 4117 780 4168 est,
805 4123 846 4173 per
867 4116 977 4156 tesseram
1000 4109 1090 4153 datum.
1124 4107 1206 4164 Silius,

141 4167 191 4232 oto]
207 4171 344 4218 Victorinus
361 4173 442 4228 codex,
452 4181 480 4218 ut
490 4180 515 4220 et
526 4172 606 4235 scripti
617 4187 657 4220 vc·
688 4174 763 4222 LXV.
775 4189 797 4222 v.
810 4181 864 4224 475.
877 4175 980 4221 tacitum
996 4173 1038 4218 rint
1051 4179 1140 4216 tessera
1155 4173 1206 4232 ar’g-

141 4241 248 4298 tereaqne
270 4234 327 4284 editi
349 4237 471 4283 Gronovio
495 4235 595 4298 excussi,
618 4253 655 4285 ro·
689 4255 754 4288 nam.
770 4241 829 4288 *De
839 4247 926 4287 tessera
937 4239 983 4285 rid.
995 4243 1046 4285 not.
1058 4241 1097 4283 61.
1109 4236 1139 4283 ad
1149 4235 1205 4282 Vll.

141 4301 273 4350 tundiorcm
305 4301 434 4350 orationem
465 4302 573 4352 exhibet:
603 4320 656 4362 pro-
688 4311 729 4352 35.
