3136 4982
456 194 549 253 ΗΒ.
570 191 732 258 xxxva.
760 193 862 256 CAP.
884 193 982 253 LVII.
1176 203 1237 268 ³29

172 361 290 444 oppam
303 361 338 442 n
350 341 935 442 rssmarefaraas,prrnsqaamaa
947 356 1101 428 mirano
1114 381 1186 445 age
1200 362 1400 434 saucia.-

173 447 254 510 Asia
264 455 433 530 pugnano
447 455 504 512 est.
549 442 614 510 Pro
628 443 678 522 his
692 465 791 529 quum
812 443 929 527 gratias
950 445 1087 530 egissent
1101 446 1233 524 Rhodii,
1241 450 1273 496 Α·
1283 447 1313 498 ⁰·
1327 454 1381 500 ¹⁸⁹·

173 532 215 596 dc
237 531 321 597 Solis
343 531 431 609 urbe,
453 552 525 615 quae
546 530 580 594 in
598 529 710 596 Cilicia
731 540 790 607 est,
813 542 963 617 egeruntr
987 530 1083 615 Argis
1105 542 1135 596 et
1153 536 1395 612 illaasmcrnna.

172 620 250 683 sicet
263 641 336 696 sese,
351 620 495 682 oriundos
508 639 579 684 esse.
602 617 642 684 ab
653 641 689 684 cu
696 619 904 701 germanitate
904 617 1089 701 fraternam
1098 619 1160 686 sihi
1169 642 1235 692 eum

170 707 212 770 iis
225 707 386 770 ceritatem
397 725 467 770 esse.
511 703 623 769 Petere
635 705 692 768 noc
704 705 985 770 entraordinariam
999 721 1115 783 munus,
1124 715 1158 773 nt
1168 729 1239 776 earn

171 791 810 883 ciuitatemecseruituteregicecimerent.
854 789 969 856 Vocati
983 791 1235 876 suntccgisAn-

172 877 270 942 machi
290 877 396 965 legati,
412 889 581 962 actumque
595 895 668 942 cum
683 877 720 944 iis
734 889 794 942 est:
818 876 1063 962 necquidquam
1083 878 1234 962 impetra·

170 979 249 1042 tam,
270 976 407 1030 testante
428 963 549 1028 foedcra
569 963 752 1047 Antipatro,
775 962 925 1030 mactans
947 985 1020 1048 qnae
1040 967 1081 1032 ab
1098 965 1235 1036 Rhodiis

169 1073 235 1116 nou
252 1051 353 1130 Solos,
366 1050 422 1116 sed
437 1049 582 1116 Ciliciam
596 1049 674 1134 peti,
688 1062 720 1116 et
729 1050 809 1135 juga
824 1047 923 1118 Tauri
938 1051 1130 1118 transcendi.
1168 1051 1236 1120 lte·

135 1192 138 1198 ,
167 1139 286 1204 uocatis
307 1139 341 1202 in
364 1149 507 1202 senatum
525 1133 671 1214 Rhodiis,
686 1158 795 1222 quum,
812 1148 1007 1221 quantopere
1029 1139 1171 1206 tenderet
1188 1140 1236 1208 le·

168 1239 261 1311 gatus
289 1225 405 1308 regius,
432 1222 650 1308 exposuissent
680 1223 801 1302 Patres,
826 1219 1030 1313 adjecerunt;
1067 1226 1104 1292 Si
1128 1229 1235 1312 artique

168 1331 236 1376 eam
250 1331 312 1375 ren
326 1315 370 1376 ad
383 1312 520 1376 ciuitatis
533 1331 596 1376 sace
607 1311 792 1394 dignitatem
803 1313 964 1392 pertinere
976 1323 1131 1376 censerent
1145 1313 1232 1379 Ric-

166 1398 226 1474 dii,
237 1407 372 1481 senatum
386 1399 471 1462 amni
482 1398 570 1460 modo
582 1406 824 1480 ecprrgncturum
836 1398 1042 1478 pertinaciam
1052 1401 1232 1484 legatorum.

168 1483 255 1548 Turn
279 1505 354 1550 vero
375 1483 549 1574 inpensius,
570 1505 665 1568 quam
696 1495 779 1560 aute,
798 1482 919 1548 Rhodii
947 1485 1063 1570 gratias
1085 1501 1232 1568 egerunt,

165 1576 425 1656 cessurosque‘se
448 1569 553 1654 potius
574 1569 771 1656 adrogantia
786 1568 960 1653 Antipatri,
999 1593 1071 1636 uam
1088 1594 1234 1640 caussam

168 1656 337 1722 turbandae
351 1657 437 1743 pacis
453 1656 653 1742 praebituros,
668 1655 828 1723 dixerunt.
853 1655 896 1720 ita
911 1593 1145 1724 nihilne-Solis
1159 1681 1231 1726 mu·

168 1757 271 1809 tutum
282 1757 339 1808 art.

213 1831 321 1895 LVII.
346 1831 406 1896 Per
425 1853 478 1894 eos
492 1829 569 1907 dics,
592 1829 707 1914 quibus
728 1828 798 1896 haic
819 1839 907 1915 gesta
928 1843 1013 1907 sunt,
1030 1830 1124 1917 legati
1142 1831 1251 1906 Mass,

168 1917 340 1982 citiensium
356 1917 547 1982 nunciarunt
555 1926 575 1992 ²,
591 1913 974 1998 alsemannum,
992 1919 1026 1980 in
1034 1921 1231 2000 provinciam

165 2005 359 2088 Hispaniam
369 2005 616 2087 proficiscentem,
633 2003 672 2066 ab
689 2003 856 2088 Liguribus
874 2005 1122 2081 circumuentum
1144 2027 1231 2090 meg·

166 2115 210 2154 na
227 2102 321 2174 purte
341 2093 478 2154 comitum
500 2111 588 2166 erese,
605 2091 793 2155 uulneratum
818 2091 924 2172 ipsum,
946 2113 1010 2154 cum
1027 2094 1232 2173 parcissime

165 2179 333 2257 lictoribus,
349 2178 526 2242 Massiliam
540 2176 726 2260 perfugisse,
741 2187 771 2242 et
793 2178 883 2242 intre
900 2178 1035 2240 triduum
1049 2181 1230 2261 exspirasse.

168 2265 315 2340 Senatus,
338 2286 375 2328 aa
395 2285 431 2328 re
453 2263 570 2340 audita,
585 2261 736 2339 decrevit,
759 2264 807 2326 nti
827 2264 869 2326 P.
890 2264 1005 2330 Junius
1026 2265 1153 2342 Bruttis,
1177 2269 1231 2350 qui

158 2361 340 2434 propraetor
354 2352 388 2414 in
402 2351 538 2416 Etruria
548 2359 632 2426 esset,
642 2350 807 2431 prouincia
816 2349 1007 2432 exercituque
1019 2353 1150 2418 traditis
1163 2355 1229 2430 uni,

163 2440 217 2500 cei
229 2439 397 2513 uideretur,
407 2460 445 2500 ec
453 2438 576 2521 legatis,
586 2437 652 2518 ipse
662 2437 696 2499 in
705 2437 877 2500 ulteriorem
888 2435 1079 2517 Hispaniam
1087 2440 1230 2522 prpitia-

164 2533 293 2600 ceretnr,
309 2543 404 2607 ecque
417 2526 448 2587 ei
461 2516 626 2606 pruvincia
640 2533 725 2586 esset.
771 2521 848 2586 Hoc
869 2523 1176 2590 senatusconsultum
1192 2526 1230 2590 li·
1339 2570 1345 2581 ·

165 2624 341 2695 teraequea
358 2613 412 2693 Sp.
428 2609 590 2674 Postumio
612 2620 749 2692 praetore
771 2609 802 2672 in
821 2607 982 2676 Etruriam
1008 2611 1114 2678 missa
1136 2625 1228 2678 sunt:

164 2698 387 2782 profectusque
402 2697 434 2760 in
451 2695 639 2780 Hispaniam
650 2707 700 2760 est
717 2695 754 2762 P.
769 2695 885 2762 Junins
899 2711 1089 2780 propraetor.
1114 2697 1152 2766 In
1164 2722 1346 2784 qunamitis·
1451 2707 1455 2712 ’

164 2785 331 2868 provincia
349 2784 438 2868 prius
451 2783 623 2868 aliquanto,
639 2803 734 2867 quam
750 2803 909 2848 successor
924 2783 1055 2860 veniret,
1070 2783 1111 2850 L.
1124 2785 1362 2868 AEmi.tusitanos

162 2870 225 2934 lius
253 2869 392 2946 Paullus,
413 2870 466 2956 qui
491 2881 598 2954 postea
617 2890 724 2952 regem
742 2867 859 2934 Persea
878 2889 994 2955 magna
1018 2869 1119 2954 gloria
1138 2860 1317 2948 vicit'mffl*

163 2979 262 3042 <luam
278 2957 385 3040 priore
399 2978 484 3020 anno
497 2951 585 3020 haud
599 2977 753 3040 prospere
768 2977 834 3018 rem
848 2956 1002 3041 gessisset,
1018 2957 1228 3024 tumultuario

95 3110 100 3121 .
167 3044 307 3108 exercitu
328 3041 488 3123 conlecto,
515 3043 538 3110 si
586 3042 612 3105 is
635 3041 767 3106 conlatis
787 3061 860 3108 cum
876 3041 1038 3106 Lusitanis
1061 3045 1227 3128 pugnavit.

168 3130 244 3193 Fusi
271 3129 432 3218 fugatique
454 3128 528 3193 sunt
572 3144 666 3192 ostes.
679 3150 770 3210 vcaesa
790 3126 899 3210 decem
914 3141 945 3192 et
959 3143 1033 3192 octo
1055 3129 1154 3192 millia
1175 3154 1227 3196 ar·

164 3229 340 3292 matornm3
363 3217 424 3280 tria
449 3215 548 3280 millia
573 3215 705 3280 trecenti
735 3215 830 3302 capti,
854 3227 885 3278 et
908 3227 1011 3280 castra
1033 3231 1226 3307 expugnata.

131 3321 134 3327 ·
165 3302 275 3390 Hujus
295 3304 436 3370 victorias
464 3303 547 3368 sarna
573 3301 810 3388 tranquilliores·
827 3300 861 3366 in
885 3300 1045 3389 Hispania
1070 3326 1120 3368 res
1141 3304 1227 3372 fecit.

41 3419 45 3436 ·
164 3390 289 3454 Eadem
304 3411 390 3454 anno
404 3403 478 3454 ante
492 3391 575 3453 diem
587 3390 715 3454 tertium
730 3388 890 3453 Kalendas
903 3389 1070 3454 Jannarins
1083 3391 1228 3458 71Βοηο·

161 3477 247 3542 niam
274 3477 423 3542 Latinam
456 3476 612 3541 coloniam
652 3497 692 3540 cx
724 3476 996 3541 senatusconsulto
1025 3477 1063 3542 L.
1082 3477 1228 3547 Valerius
1261 3483 1263 3488 ’

165 3563 307 3640 Flaccus,
334 3563 382 3628 M.
402 3563 518 3630 Atilius
541 3565 705 3639 Serranus,
732 3561 770 3626 L.
787 3563 931 3630 Valerius
957 3564 1091 3650 Tappus
1113 3567 1227 3634 triume

161 3649 220 3713 viri
235 3651 447 3715 deduxerunt.
471 3651 530 3714 tria
551 3649 650 3714 millia
675 3648 842 3715 hominum
864 3663 938 3716 sunt
962 3651 1113 3716 deducte:
1135 3655 1227 3741 eqni·

159 3735 247 3801 tibus
271 3750 463 3826 septuagena
484 3740 608 3824 jugera,
629 3737 740 3800 ceteris
764 3736 884 3800 colonis
908 3739 1130 3830 quinquagena
1152 3754 1227 3806 sunt

161 3819 248 3889 data.
305 3825 394 3910 Ager
422 3838 533 3908 captus
558 3823 598 3888 de
625 3823 727 3892 Gallis
757 3821 848 3899 Boiis
872 3821 992 3890 suerat:
1025 3827 1113 3892 Galli
1141 3827 1225 3894 Tus-

160 3931 215 3974 cos
242 3911 441 3995 expulerant.
487 3910 609 3974 Mem
644 3932 731 3974 anno
767 3931 930 3973 censuram
961 3911 1052 3976 multi
1080 3927 1112 3977 et
1147 3915 1223 3978 clari
1233 3934 1356 3986 aeramen

160 3997 219 4060 viri
235 3998 404 4082 petierunt.
427 4019 499 4087 qnae
519 4019 578 4076 res,
595 4011 755 4094 tamquam
779 3997 812 4058 in
836 4015 868 4059 se
889 4017 1001 4083 parum
1024 4000 1132 4088 magni
1155 4001 1377 4067 cer-'decensuru

513 4139 525 4166 θ
536 4137 710 4182 nunciaverunt
720 4136 795 4181 Grau.
806 4135 876 4181 Cres.

194 4259 223 4301 71
242 4253 379 4300 Bononiam
389 4253 507 4300 Latinum
523 4252 676 4301 colonium..
705 4255 856 4313 jaetantem
874 4254 935 4300 latii
958 4219 1060 4300 iuberet.
1096 4255 1149 4302 Vid.
1173 4260 1223 4304 not.

160 4315 320 4378 meent]
332 4319 425 4365 maere
434 4320 568 4366 Bononiam
577 4320 675 4366 calaum
710 4327 749 4368 aa.
757 4321 786 4368 ml
798 4321 814 4367 1.
825 4320 942 4366 XXXIV.
954 4335 974 4366 c.
988 4325 1027 4366 58.

158 4399 173 4429 a
189 4384 293 4444 Latinis,
310 4385 345 4430 tn
363 4389 390 4430 ut
407 4384 561 4432 coloniaille
578 4383 675 4446 pruinis
