3104 4976
432 197 526 258 L1a
549 193 701 266 xxxnn
727 197 829 258 aar.
850 197 923 258 xn.
1163 205 1202 270 97

129 361 225 442 emit,
239 361 350 446 specie
363 375 401 427 ut
421 362 558 428 indnoiae
574 375 685 440 essent,
700 363 803 430 donec
824 363 1012 428 tollerentur
1030 363 1070 427 ad
1092 363 1193 448 sepul·
1205 377 1273 425 usc.
1287 377 1351 424 sss.»

130 462 246 525 taram,
262 449 319 534 qui
342 449 376 512 in
399 453 469 514 acie
489 449 689 526 cecidissent;
715 471 749 514 re
762 471 836 514 vera
858 449 932 514 “ad
954 447 1121 534 petendam
1141 470 1194 512 ue·
1204 443 1273 490 Μ
1289 447 1346 494 ¹⁹⁷³
1380 473 1384 476 ·

128 535 219 598 niam
234 535 345 622 legatis
360 536 531 600 mittendis.
578 535 760 621 Utramque
769 536 811 600 ab
824 537 972 601 Romano
981 538 1200 621 impetratum:

130 621 263 706 Adjecta
284 634 329 688 et.
341 621 397 686 ills
410 645 481 697 vox,
497 623 574 685 bauo
588 623 691 686 anima
713 645 775 688 esse
794 644 893 708 regem
914 633 949 687 ut
960 623 1102 707 juberet:
1124 645 1195 708 quaa
1204 639 1337 684 asotorum

129 708 272 773 maxime
297 707 425 773 AEtolas
452 707 606 784 obfendit,
631 707 727 793 ⁴⁵jam
754 719 931 773 tumentes⁰
955 720 1194 796 querentesque,
1205 703 1304 763 querele
1316 709 1341 780 ⁸3⁸

129 804 279 859 mutatum
293 796 426 858 uictoria
448 798 669 878 imperatorem.
714 796 797 860 Ante
805 817 944 880 prrguam
964 799 1069 860 amaia
1082 774 1348 880 magaa⁸r¹⁰⁸⁸⁰¹'⁸'

125 902 289 966 paruaque
303 883 522 946 amumuuicare
534 903 599 946 cuae
620 883 711 945 sociis
731 884 869 946 solitum:
892 903 971 946 uuna
993 885 1123 946 omnium
1143 905 1195 946 eu-

123 978 229 1050 pertas
243 970 439 1045 consiliarum
453 991 530 1044 esse.-
552 990 605 1032 sua
619 970 715 1050 ipsum
730 969 863 1034 arbitria
877 978 984 1033 cuncta
999 989 1107 1053 agere:
1130 987 1195 1032 eum

127 1053 358 1138 Philippajam
373 1053 399 1092 ⁴⁶
424 1057 517 1118 ratiae
526 1057 663 1136 priuata
676 1056 770 1118 laeum
785 1075 938 1138 quamue,-
962 1066 996 1118 ut
1007 1059 1089 1118 arara
1104 1066 1196 1139 atque

127 1162 242 1224 aspera
257 1141 333 1204 belli
346 1077 453 1204 AErbti
466 1142 671 1216 exhauserim,
681 1143 773 1222 paais
785 1143 923 1224 gratiam
934 1143 1112 1226 etsructum
1127 1143 1194 1205 Ra·

128 1249 237 1293 maaus
265 1228 301 1290 ia
329 1249 361 1290 se
389 1237 499 1290 uertat.
545 1225 589 1290 Et
623 1225 709 1290 haud
738 1227 834 1292 dubie
862 1225 1037 1293 decesserat
1066 1229 1104 1292 iis
1134 1228 1192 1292 ali-

127 1325 286 1400 quantum
322 1312 463 1376 honoris.
504 1311 569 1390 sed,
607 1334 665 1378 cur
700 1313 955 1402 neglegerentur,
992 1315 1193 1401 ignorabant.

128 1400 235 1466 Donis
264 1399 361 1500 regiis
396 1399 551 1480 inminere
586 1398 758 1464 credebant
785 1402 892 1465 invicti
921 1403 962 1466 ab
995 1424 1032 1466 ea
1068 1403 1193 1488 cupidi-

128 1498 192 1552 tate
216 1485 318 1550 animi
342 1485 463 1550 virum:
493 1486 548 1550 sed
574 1498 605 1550 et
630 1487 834 1551 succensebat
860 1509 925 1550 non
954 1489 1105 1552 inmerito
1132 1487 1192 1552 AE·

129 1573 213 1654 talis,
243 1572 287 1638 ob
312 1572 520 1637 insatiabilem
547 1573 728 1637 aviditatem
754 1570 887 1658 predae,
911 1586 942 1638 et
971 1573 1191 1660 adrogantiam

128 1679 251 1739 aarum,
273 1659 415 1723 victoriae
435 1659 568 1746 gloriam
592 1661 625 1722 in
647 1682 682 1723 se
701 1660 903 1744 rapientium,
925 1659 1031 1744 *lquoe
1057 1660 1193 1724 vanitate

129 1770 184 1812 sua
204 1745 352 1810 omnium
374 1767 466 1809 aures
487 1745 692 1810 obfendebat:
717 1759 750 1810 et
766 1745 915 1830 Philippo
937 1745 1072 1823 sublato,
1088 1745 1193 1808 fractis

127 1832 242 1919 opibus
257 1831 459 1896 Macedonici
480 1833 582 1920 regni,
597 1831 725 1896 AEtolos
749 1831 912 1897 habendos
928 1832 1065 1896 Graecia
1088 1833 1192 1895 domi·

127 1942 183 1984 nos
198 1919 362 1983 cernebat.
408 1917 462 1982 Ob
476 1941 528 1984 eas
551 1941 674 1985 caussas
696 1919 796 1984 multa
817 1918 937 1996 sedulo,
954 1930 990 1983 ut
1004 1919 1132 1983 viliores
1147 1919 1191 1982 le·

127 2006 228 2072 viores
253 2027 293 2069 ae
307 2004 392 2089 apud
408 2026 517 2070 omnes
530 2019 635 2070 essent
647 2019 678 2070 et
693 2007 882 2085 viderentur,
897 2005 1041 2070 faciebat.
1272 2005 1276 2010 ’

168 2027 254 2156 xli.
279 2090 422 2156 lnduciae
450 2091 631 2177 quindecim
658 2092 782 2156 dierum
812 2092 896 2158 datm
920 2091 1005 2156 hosti
1033 2105 1133 2170 erant,
1161 2105 1192 2156 et

128 2201 199 2244 cum
222 2178 295 2263 ipso
318 2199 392 2264 rege
417 2179 626 2242 constitutum
651 2178 873 2264 conloquium:
897 2181 985 2265 cujus
1008 2181 1190 2266 priusquam

127 2279 252 2350 tempus
274 2265 406 2341 veniret,
426 2265 459 2327 in
485 2264 654 2329 consilium
677 2264 841 2330 advocavit
864 2266 975 2330 socios.
1021 2266 1046 2305 ⁴⁸
1057 2266 1190 2343 Retulit,

128 2375 203 2439 quas
215 2353 303 2438 leges
313 2351 403 2436 pacis
414 2350 550 2434 placeret
565 2351 638 2416 diei.
682 2351 890 2436 Amynander
901 2352 1121 2418 Athamanum
1135 2374 1191 2416 rex
1201 2376 1352 2422 consanam

126 2437 237 2523 paucis
251 2436 441 2502 sententiam
455 2436 608 2514 absolvit3
632 2440 679 2502 ita
700 2441 935 2521 componendam
948 2461 1058 2522 pacem
1072 2459 1143 2516 esse,
1159 2443 1229 2504 utde
1240 2455 1303 2502 pace.

127 2524 380 2600 Graeciasetiam
394 2523 566 2588 absentibus
580 2525 741 2602 Romanis,
756 2527 834 2590 satis
845 2536 956 2608 pateas
970 2528 1091 2590 tueudce
1104 2529 1194 2591 simul

119 2613 210 2694 pacis
224 2611 440 2694 libertatisque
452 2620 538 2676 esset.
582 2609 766 2674 AEtolorum
781 2611 922 2696 asperior
935 2613 1037 2676 oratio
1052 2611 1120 2690 suit,
1137 2614 1192 2700 qui

123 2720 227 2784 pauca
240 2695 377 2781 praelati,
393 2707 474 2760 reate
486 2707 578 2780 atque
591 2699 701 2760 ardiae
721 2700 933 2781 imperatorem
949 2700 1118 2762 Romanum
1129 2701 1193 2783 fa·

121 2808 199 2860 cere,
215 2784 311 2868 quod,
335 2805 408 2866 quos
422 2783 495 2848 belli
506 2777 609 2848 ,socias
629 2783 790 2858 habuisset,
810 2806 877 2847 cum
899 2786 941 2848 iis
961 2787 1192 2848 communicaret
1236 2800 1240 2804 ’

116 2873 209 2955 pacis
223 2871 371 2934 camilia.
391 2869 498 2951 ¹⁹firlli
511 2879 611 2934 aretem
630 2890 694 2932 eram
709 2879 775 2932 tata
789 2893 833 2946 re,
850 2873 879 2933 si
899 2879 954 2932 aut
968 2869 1122 2932 Romanis
1128 2891 1192 2951 pa-

121 2981 192 3035 rem,
209 2965 269 3022 aut
287 2955 422 3020 Gracia
434 2956 604 3020 libertatem
618 2957 825 3036 satisfirmam
838 2976 870 3019 se
884 2957 990 3018 credat
1004 2956 1189 3032 relicturum,

122 3047 186 3110 nisi
198 3043 357 3126 Philippo
367 3053 422 3106 aut
435 3043 540 3119 accisa,
552 3053 608 3106 aut
621 3063 715 3127 regem
723 3044 835 3123 pulso.-
857 3063 925 3126 qua
934 3052 1065 3126 utraque
1072 3043 1191 3124 procli·

122 3133 175 3194 uia
196 3151 272 3206 esse,
295 3132 325 3193 si
335 3130 474 3213 fortuua
497 3132 546 3192 uti
565 3132 663 3194 uellet.
707 3129 759 3193 Ad
785 3129 855 3192 haec
870 3128 1041 3205 Quinctius
1062 3151 1189 3216 negare,
1216 3151 1218 3160 ·

123 3218 252 3282 AEtolas
265 3214 354 3279 50αιιῑ
368 3217 461 3280 moris
473 3215 680 3280 Romanorum
695 3237 845 3295 memores,
862 3227 918 3280 aut
929 3215 955 3254 ⁵¹
964 3217 1024 3280 sibi
1035 3217 1110 3299 apsis
1120 3237 1194 3282 cota-r
1261 3267 1264 3274 .

521 3361 534 3390 ⁰
549 3355 727 3416 tumeaterjam
737 3352 801 3402 Eud·

152 3483 186 3524 44
203 3475 646 3538 Adpummmaenmmtegammu·
679 3474 784 3521 omnium
808 3487 875 3519 aures
895 3473 1036 3519 offundebat.
1069 3465 1192 3518 Gronario

122 3541 216 3604 emar]
231 3543 273 3590 Ad
289 3543 468 3606 usandum-,ut
483 3540 645 3605 potestassibi
678 3539 752 3601 magis
771 3539 885 3598 placeret:
913 3554 960 3600 qua
981 3539 1089 3584 uanitate
1106 3553 1187 3584 sua..

121 3609 189 3654 fieret
198 3607 317 3655 mittendi
327 3604 426 3668 legator.
676 3605 830 3666 offendebant.

153 3678 189 3720 45
207 3673 339 3721 fluenter
348 3671 416 3734 jam]
448 3677 502 3721 dum
517 3675 552 3720 ira
569 3673 644 3732 turgi-
709 3669 874 3726 «tumetum,
893 3685 950 3730 quar
967 3667 1041 3729 leges]
1058 3669 1135 3716 iuuit
1150 3681 1193 3714 eos

119 3737 171 3786 dos·
190 3739 272 3799 Supra
283 3739 301 3785 l.
311 3739 406 3785 XXXI.
419 3755 438 3786 a.
453 3748 476 3788 a.
492 3741 576 3802 iraque
590 3738 647 3786 iude
678 3735 813 3786 deliberare.
842 3735 982 3794 quibusnam
1014 3734 1195 3782 conditionibus

119 3805 281 3852 tumibun-
678 3805 801 3848 cantarent
812 3811 892 3860 pacem
904 3800 954 3858 regi
966 3801 1062 3846 concedi
1073 3813 1150 3860 posse.

152 3872 187 3916 46
194 3869 211 3904 θ
221 3870 317 3916 Gratia
325 3871 430 3930 priuata
443 3871 520 3920 laeam
530 3865 645 3933 quarere]
711 3873 743 3916 49
759 3865 827 3912 Falli
836 3872 916 3912 autern
925 3873 1037 3914 euastata
1046 3861 1083 3929 re]
1094 3863 1191 3926 Supp1e,

121 3933 333 3984 emalricum
349 3937 402 3995 eJ'us
418 3937 529 3982 amicitie
543 3935 587 3982 tibi
599 3932 646 3994 pri·
678 3933 823 3994 adjacmat,
834 3936 863 3977 ut
874 3944 931 3976 suus
942 3936 1037 3978 coastat
1048 3945 1130 3978 sartum
1142 3943 1192 3974 rer·

120 4001 198 4046 ratim
209 3997 378 4048 concilianda.
400 4001 518 4062 Quodque
526 4002 566 4047 hio
575 3999 647 4060 paula
678 3997 710 4046 bo
718 3997 830 4058 prefati,
842 3997 904 4056 quod
917 3998 1044 4055 praeerat.

121 4061 250 4114 maurim
268 4070 316 4122 ert,
327 4065 391 4112 inira
405 4067 551 4126 explicatur:
567 4065 647 4110 Dario
712 4069 744 4112 50
760 4064 895 4110 Autmam's
901 4062 1063 4110 Rmaaarum
1070 4051 1192 4115 manaret]

119 4131 202 4190 regiis
211 4131 340 4177 imminere
348 4131 473 4179 eredebant
484 4131 558 4178 AEtali
568 4129 648 4180 Quin·
677 4128 819 4192 &ctissime
831 4127 966 4174 Gronovius
977 4140 1109 4180 merneram
1118 4129 1146 4170 ut
1157 4133 1193 4166 re·

121 4195 196 4242 lium.
679 4194 768 4242 feratur
786 4193 983 4240 unsaramma.
1017 4192 1092 4249 Supra
1108 4190 1124 4234 1.
1135 4184 1198 4230 Vlla

159 4267 190 4309 47
210 4255 454 4320 mammaeae]
473 4261 533 4312 Qua
546 4259 648 4320 (mula
682 4275 701 4305 c.
713 4267 755 4308 ³1.
771 4272 906 4318 responsum
922 4287 950 4302 ..
966 4254 1083 4302 amicitia
1098 4251 1197 4298 Samae·-

125 4337 181 4372 tum
198 4324 346 4388 arrogantia)
364 4342 404 4388 per
415 4339 499 4373 vanarn
517 4326 648 4384 falsamque
682 4327 746 4372 tium
755 4339 849 4370 memor.

128 4389 214 4437 sirium
240 4397 267 4436 et
296 4393 436 4440 mentorum
462 4391 647 4442 ostentationem
714 4390 830 4436 wstbr'
847 4388 906 4447 ipsis
926 4373 1114 4442 unanimam]
1133 4380 1196 4426 Con·
1256 4380 1258 4390 ’

173 4473 246 4518 vot..
262 4475 318 4518 111.
704 4527 707 4535 Ι
751 4473 776 4513 a
