3136 4982
374 193 433 248 330
762 177 1040 248 T1T1‘L1vlt

212 371 348 418 ueram.
372 352 499 418 taminia
520 371 660 416 caussam
690 350 832 428 haberet,
855 349 949 416 aliam
981 350 1214 416 contentionem
1236 349 1340 416 multo
1367 371 1428 414 ma·

210 437 281 484 “⁰-
295 435 348 485 ¹⁸9·
367 441 471 524 joram
500 438 657 504 excitavit.
713 437 868 512 Petebant
894 436 936 500 T.
957 436 1128 513 Quinctius
1157 437 1366 513 Flamininus,
1394 436 1428 500 P.

312 543 315 550 ·
373 523 540 590 Cornelius
563 523 626 588 Cu.
650 523 688 588 F.
705 523 822 608 Scipio,
846 522 886 588 L.
902 521 1048 588 Valerius
1068 522 1209 600 Flaccus,
1233 521 1285 588 M.
1303 521 1429 588 Porcius

374 613 468 689 Cato,
487 609 536 676 M.
553 608 707 674 Claudius
723 608 907 686 Marcellus,
925 608 986 674 Μ’.
1003 609 1125 676 Acilius
1142 609 1286 687 Glabrio,
1300 609 1354 696 qui
1365 608 1429 674 Au-

362 697 514 764 ·tiochum
544 695 585 762 ad
612 695 843 783 Thermopylas
873 695 999 760 AEtolos
1021 719 1062 760 ue
1089 695 1256 762 devicerat.
1286 696 1320 760 in
1350 695 1430 758 hunc

372 785 522 860 maxime,
537 781 563 826 ⁷²
572 781 660 869 quod
675 781 776 847 multa
790 782 952 868 congiaria
971 781 1013 846 ha
1036 795 1137 858 uerat,
1152 783 1275 868 quibus.
1287 801 1430 870 magnam

396 883 497 936 artem
517 867 682 933 hominum
713 868 908 956 obligaverat
916 866 934 946 ¹,
949 867 1039 932 favor
1066 869 1177 954 populi
1199 891 1232 934 se
1252 866 1430 934 inclinabat.

371 894 413 1022 ld
427 977 526 1043 quum
541 977 627 1044 aegre
642 967 826 1040 paterentur
839 966 888 1019 tot
902 955 1033 1032 nobiles,
1055 975 1172 1020 novum
1194 955 1254 1019 sibi
1275 954 1430 1018 hominem

373 1044 531 1109 ⁷⁵tantum
547 1041 708 1127 praeferri3
732 1041 769 1109 P.
787 1041 994 1127 Sempronius
1006 1041 1172 1108 Gracchus
1186 1055 1218 1108 et
1235 1041 1276 1109 C.
1290 1043 1431 1126 Sempro·

373 1132 445 1196 nius
462 1128 600 1208 Rutilus,
615 1129 734 1194 tribuni
747 1128 858 1214 plebis,
874 1129 902 1193 ei
918 1127 1001 1192 diem
1016 1129 1175 1205 dixerunt,
1191 1127 1280 1214 quod
1294 1126 1431 1213 pecunie

374 1216 473 1306 regiae
486 1213 608 1301 praedae
632 1237 671 1280 ue
685 1215 893 1302 aliquantum,
908 1225 1010 1298 captae
1026 1214 1058 1279 in
1075 1214 1227 1280 Antiochi
1243 1215 1364 1291 castris,
1380 1233 1430 1276 ne·

375 1325 437 1390 que
451 1304 483 1366 in
496 1238 660 1386 taiumplo
671 1301 802 1378 tulisset,
815 1323 835 1366 n
877 1323 918 1366 ue
930 1301 964 1366 in
979 1301 1127 1365 aerarium
1138 1300 1295 1366 retulisset
1306 1316 1329 1364 τ.
1371 1299 1430 1362 Va·

375 1391 423 1453 ria
437 1389 508 1454 testi
514 1389 620 1454 monia
634 1387 811 1478 legatorum
826 1323 1091 1474 tiibuuorumque
1106 1387 1241 1452 militum
1258 1399 1359 1452 erant.
1386 1383 1430 1450 M.

377 1476 459 1542 Cato
488 1488 560 1540 ante
587 1475 665 1540 alios
694 1488 788 1540 testes
817 1473 1088 1560 conspiciebatur:
1118 1473 1244 1559 ⁷⁴cujus
1265 1472 1429 1540 auctorita-

375 1576 449 1640 tem,
472 1575 627 1648 perpetuo
651 1573 761 1628 tenore
782 1561 857 1628 vitae
878 1573 1014 1646 partam,
1029 1572 1105 1645 toga
1126 1559 1264 1625 candida
1288 1557 1429 1624 elevabat.

377 1649 410 1715 Is
424 1648 520 1726 testis,
535 1669 696 1735 qumvass
710 1671 805 1714 aurea
818 1661 914 1735 atque
932 1660 1091 1736 argentea,
1107 1647 1207 1734 captis
1221 1647 1344 1725 castris,
1356 1646 1432 1716 iuter

376 1737 468 1802 aliam
483 1736 626 1824 praedem
649 1735 770 1824 regiam
796 1735 934 1813 vidisset,
950 1757 988 1800 ea
1010 1756 1044 1799 se
1065 1733 1097 1796 in
1124 1733 1289 1819 triumpho
1303 1730 1430 1820 negabat

362 1823 501 1888 ¹vidisse.
547 1822 711 1887 Postremo
725 1822 793 1886 ⁷⁵In
808 1821 900 1908 hujus
915 1820 1049 1886 maxime
1071 1819 1221 1885 invidiam
1243 1820 1390 1884 desistere
1403 1837 1431 1880 sc

376 1909 529 1994 petitione
544 1906 680 1973 Glabrio
701 1907 796 1986 dixit3
819 1906 958 1994 quando,
981 1905 1067 1993 quod
1089 1906 1174 1971 taciti
1196 1906 1430 1994 indignarentur

376 1995 498 2060 nobiles
522 1993 677 2075 homiues,
692 1993 725 2058 id
755 2015 845 2082 oeque
863 2015 964 2059 novus
988 1993 1178 2079 competitor
1190 1993 1217 2038 '¹⁶
1226 1988 1431 2059 inaestimabili

377 2079 516 2166 perjurio
528 2081 703 2146 incesseret.

421 2165 550 2232 LVIII.
572 2167 743 2232 llCentum
752 2166 887 2232 millium
897 2168 1153 2256 multninrogata
1163 2181 1240 2232 erat
1258 2167 1341 2232 ⁷⁸bia
1353 2164 1430 2230 deea
1519 2177 1520 2182 ’

379 2254 433 2318 reh
447 2265 600 2320 certatum
616 2265 674 2319 est.
696 2255 803 2334 tertio,
819 2275 916 2340 quum
934 2255 976 2320 de
996 2255 1150 2340 petitione
1171 2254 1343 2320 destitisset
1355 2271 1428 2324 reus,

378 2363 437 2406 neo
459 2341 595 2427 populus
616 2339 657 2406 de
676 2341 776 2406 multa
790 2341 973 2429 suffragium
996 2341 1080 2404 ferre
1093 2340 1203 2418 voluit,
1219 2353 1253 2406 et
1268 2339 1384 2406 tribuni
1396 2355 1428 2399 eo

378 2428 509 2580 rppgspppo
530 2427 757 2579 destilltmmll
789 2428 943 2529 Censores
967 2427 1009 2578 ξ.
1026 2425 1427 2580 Οθιίὶίἑιέιίηεάᾘαὶηἰιέιυξ,

423 2561 431 2577 .
488 2537 527 2579 au
549 2537 598 2579 rus
662 2535 734 2579 arce
759 2537 795 2579 us
816 2531 924 2580 creati.
998 2536 1032 2580 cr
1128 2536 1178 2578 em
1222 2537 1267 2580 tes
1314 2560 1322 2577 .
1377 2529 1427 2572 mr·

377 2600 422 2665 lio
444 2599 579 2689 Regillo,
595 2604 649 2688 qui
670 2601 767 2666 classe
791 2601 976 2686 praefectum
991 2600 1144 2665 Antiochi
1165 2601 1251 2689 regis
1274 2599 1427 2668 devicerat

378 2702 470 2753 extra
483 2686 594 2753 urbem
609 2689 644 2751 in
658 2687 728 2752 aede
746 2688 902 2772 Apollinis
916 2709 1014 2775 quum
1030 2700 1155 2752 senatus
1169 2687 1264 2752 datus
1278 2697 1366 2762 esset,
1380 2703 1428 2746 au·

379 2774 453 2840 ditis
474 2774 569 2840 rebus
590 2775 684 2856 gestis
704 2775 779 2860 ejus,
797 2775 923 2860 quantis
937 2797 1010 2840 cum
1026 2773 1177 2839 classibus
1191 2771 1333 2840 hostium
1347 2767 1428 2835 diuti-

379 2874 487 2938 casset,
503 2874 581 2948 quot
594 2861 669 2926 inde
683 2881 778 2926 naves
791 2860 990 2926 demersisset
1004 2871 1060 2926 aut
1072 2861 1215 2946 cepisset,
1230 2881 1349 2962 magno
1362 2875 1427 2921 con·

215 2967 361 3029 Triumphus
380 2971 471 3015 sensu
488 2947 621 3012 Patrum
636 2947 817 3033 triumphus
837 2948 957 3012 navalis
978 2960 1026 3012 est
1045 2945 1200 3011 decretus.
1243 2942 1428 3029 Trrumpha·

215 3034 355 3146 mlh&
476 3059 616 3129 ‘altmarus
626 3067 779 3116 Gron.Crev.
853 3069 1086 3116 tdetsh'seet'Gron.
1123 3085 1127 3090 ·
1161 3063 1342 3114 traductas.

413 3189 444 3233 72
463 3183 617 3240 Qsodmulta
628 3185 752 3246 cmgtarta
767 3180 894 3246 hedam]
925 3186 1038 3247 imposita
1053 3183 1191 3244 desistendi,
1208 3185 1234 3233 in
1252 3186 1364 3234 catanam
1380 3177 1427 3226 reci·

381 3247 452 3298 Quod
473 3250 550 3297 multa
571 3250 668 3297 dederat
694 3250 782 3312 populo
804 3250 893 3298 ritithn
926 3250 1079 3298 deradebere.

380 3313 549 3361 distribuenda.
591 3315 719 3375 (longlario
742 3315 806 3362 enim
836 3322 893 3363 sunt
958 3321 990 3366 76
1007 3317 1178 3364 Inaestimabile·
1191 3313 1312 3379 perjurio]
1326 3315 1426 3371 Aomr·

378 3391 478 3426 munera
492 3380 552 3437 viui,
562 3380 619 3439 olei,
627 3381 711 3439 tritici,
721 3381 841 3428 Interdum
857 3388 893 3428 et-
922 3381 997 3441 jurio,
1010 3383 1117 3430 sulcatis
1134 3384 1207 3440 digne
1222 3385 1313 3432 mulcta
1328 3380 1371 3427 dici
1386 3385 1426 3421 nou

379 3443 427 3490 ianr
439 3445 594 3506 pecunie,nt
610 3450 677 3508 patet
692 3446 893 3494 amoenat.
925 3446 1025 3509 posset?
1056 3447 1163 3496 Placeret
1181 3449 1255 3506 maris
1277 3462 1329 3495 cum
1345 3445 1425 3490 Grono·

379 3507 451 3554 x111.
469 3523 489 3557 c.
506 3516 546 3556 81.
565 3525 617 3571 qnae
636 3511 736 3573 siugulis
753 3511 844 3559 civibus
863 3512 893 3560 ab
925 3513 965 3559 vlo
982 3514 1058 3575 legere
1078 3515 1229 3575 temptatur,
1242 3515 1280 3562 vel
1299 3503 1425 3559 imeretur·-

379 3573 460 3634 aliquo
471 3575 577 3636 principe
588 3577 639 3624 viro
650 3575 816 3624 dlviderentur.
923 3577 1075 3626 v*Iuceeeeret
1091 3584 1170 3626 autem
1186 3579 1248 3626 idem
1265 3574 1374 3637 estquod
1390 3572 1426 3618 in·

412 3647 443 3689 78
462 3640 567 3688 Tenem
590 3639 716 3705 present]
748 3644 892 3705 Tantopere,
922 3651 1052 3705 pugnaret.
1086 3645 1147 3694 Cato
1160 3645 1316 3705 impurorum
1331 3639 1425 3688 testimo·

378 3708 429 3752 tam
439 3706 511 3766 louge
522 3708 645 3768 anteponi.
927 3711 968 3757 nio
976 3723 1021 3756 suo
1037 3711 1181 3757 destinatum
1194 3709 1318 3758 Glabrtoni
1334 3712 1425 3752 censum

411 3771 554 3832 74⁰0qu
573 3775 764 3820 accensiores.
781 3803 813 3820 ·.
836 3779 894 3834 toga
925 3775 1049 3830 honorem,
1063 3790 1135 3836 quum
1147 3775 1238 3823 nobiles
1254 3776 1280 3822 id
1294 3772 1383 3835 quidem
1393 3766 1424 3812 in·

378 3836 481 3883 candida
497 3837 612 3901 elevabat]
634 3839 709 3898 Oans
720 3839 849 3886 auctoritas
858 3839 893 3885 id·
925 3841 1221 3901 nigrummontensem.
1408 3892 1412 3904 ,

377 3915 406 3948 eo
428 3901 455 3948 iu
476 3903 586 3964 presenti
609 3905 706 3966 negotio
729 3904 810 3951 minor
831 3912 891 3962 erat,
957 3913 987 3956 77
1007 3908 1107 3954 amm
1131 3900 1248 3967 millium]
1271 3901 1366 3964 supple,
1380 3904 1424 3944 en·

377 3967 442 4028 quod
457 3969 596 4016 candidatus
607 3975 670 4018 esset
680 3970 784 4030 desdam
795 3969 892 4016 honoris
925 3973 1018 4032 gravis:
1036 3972 1061 4018 id
1080 3977 1126 4031 est,
1142 3968 1274 4020 marcarum
1290 3964 1376 4029 argenti
1386 3962 1423 4008 ΡΙ·

376 4042 446 4091 quern
458 4034 554 4094 petebat
570 4035 590 4081 is
606 4041 690 4083 eontra
704 4049 772 4096 quem
790 4035 830 4082 ille
846 4042 893 4082 tes·
925 4037 965 4083 ris.
981 4040 1035 4084 1⁵6.
1047 4051 1101 4084 cum
1110 4038 1187 4085 unciis
1198 4043 1222 4084 a.

375 4097 503 4146 timonium
515 4101 615 4148 dicebat.
957 4108 988 4152 7⁸
1005 4103 1088 4150 Bisde
1095 4119 1123 4150 ea
1131 4109 1248 4150 certmsnn
1256 4097 1301 4164 est]
1309 4086 1423 4160 selinada

408 4165 770 4227 7501nt1qua...tnvtdiam
781 4165 892 4214 desistere
923 4169 1020 4214 mulcta.
1054 4167 1360 4229 Vulgatihabeutdceure.
1384 4150 1422 4202 Sed

374 4231 535 4292 repetitione]
552 4229 669 4278 Catonem
681 4231 727 4278 sihi
735 4245 828 4278 cauum
839 4246 891 4280 esse
923 4235 1009 4281 rocula
1018 4233 1120 4282 rechart
1132 4235 1163 4283 ab
1178 4234 1280 4281 Andreae
1289 4223 1422 4278 editionn‘t

374 4294 503 4342 desistendi
525 4297 651 4357 petitione,
672 4301 697 4342 et
722 4296 847 4354 invidiam,
870 4298 891 4344 si
923 4299 1032 4346 stict.
1046 4300 1138 4347 codice:
1157 4304 1182 4346 et
1198 4301 1268 4359 plane
1285 4290 1371 4344 inutilis
1385 4289 1421 4332 ett-

375 4371 423 4417 qua
444 4362 535 4408 oritura
556 4368 619 4410 esset
637 4376 665 4410 ex
685 4361 825 4410 necessitate
845 4363 890 4410 sibi
923 4364 1277 4415 *Vid.not.17.stXV.³.
