3042 4954
34 4219 37 4308 t

396 183 489 242 LIB.
511 183 628 244 XXXI.
655 182 758 242 CAP.
779 182 925 244 XXXIV.
1152 193 1188 244 31

127 345 231 426 batur,
243 346 301 412 sed
311 349 483 434 gerebatur
491 350 558 435 jam
570 347 700 414 bellum.
711 369 769 433 per
784 347 1038 412 Dassaretiorum
1047 347 1126 414 fin'es
1136 349 1192 414 err-¹
1201 371 1231 422 u.
1243 371 1270 418 o.
1281 375 1339 432 sss,

127 435 263 500 ercitum
289 433 438 512 ducebat,
463 434 667 511 numentum,
680 433 780 521 *quod
802 457 841 498 ex
861 433 1001 500 bibernis
1025 435 1191 517 extulerat,
1200 437 1338 487 ΝΛΜ

129 520 289 608 integrum
305 520 439 598 vehens;
461 521 548 608 quod
562 523 596 586 in
619 543 708 586 usum
732 520 825 586 militi
846 523 920 586 satis
941 533 1030 598 esset,
1046 522 1209 624 proebcn-'

131 606 245 672 tibusa
286 608 323 672 is.
369 607 500 693 Oppida
513 607 637 695 vicique
650 608 767 693 partim
786 607 959 689 voluntate,
974 623 1092 694 partrm
1108 623 1193 674 metu

131 715 165 758 ae
184 705 233 758 tra
258 697 364 760 ebant.
387 695 534 781 quoedam
560 699 591 758 si
616 706 807 781 expugnata,
832 693 978 780 quiedam
1003 693 1137 772 deserta,
1160 696 1193 760 in

127 793 254 846 montes
282 781 487 866 propinquos·
505 779 734 868 refugientibus
763 780 915 858 barbaria,
941 782 1193 848 inveniebantur.

127 865 183 931 Ad
214 867 384 954 Ιιγιιιιιιιιιο
397 867 512 932 stativa
538 868 647 953 posuit
674 889 775 952 prope
801 867 920 932 flumen
952 867 1090 933 Beuum:
1118 869 1194 934 inde

126 951 461 1019 frumentatumeirca
474 953 588 1020 horrea
598 953 853 1020 Dassaretiorum
869 954 1025 1020 mittebat.
1071 955 1194 1042 Phiiip-

128 1062 190 1121 pus
206 1053 410 1106 consternata
423 1041 550 1126 quidem
568 1040 676 1104 omnia
698 1041 792 1117 circa,
808 1061 1020 1128 pavoremque
1033 1043 1194 1128 ingentem

127 1125 299 1192 bominum
316 1126 481 1193 cernebat:
505 1126 559 1192 aed
576 1148 688 1213 parum
703 1147 834 1214 gnarus,
850 1149 944 1214 quam
960 1141 1082 1213 partem
1099 1129 1194 1213 petis-

128 1226 176 1279 set
193 1214 316 1290 consul,
332 1213 415 1278 alam
436 1216 578 1300 equitum
600 1215 640 1278 ad
665 1213 909 1299 explorandum,
925 1237 1065 1301 quonam
1087 1214 1194 1282 hostes

129 1300 190 1364 iter
216 1300 436 1376 intendissent,
455 1301 552 1368 misit.
598 1299 689 1364 Idem
711 1320 801 1364 error
823 1300 911 1385 apud
930 1303 1091 1367 consulem
1114 1316 1194 1369 erat.

130 1385 274 1452 Movisse
288 1409 329 1452 ex
343 1387 485 1453 hibernis
505 1409 613 1474 regem
628 1386 757 1464 sciebat,
778 1408 873 1472 quam
889 1387 1051 1472 regionem
1068 1391 1197 1474 petisset

128 1475 138 1538 i
185 1495 292 1538 orans.
315 1475 341 1538 is
355 1495 483 1561 quoque
496 1473 690 1559 speculatum
714 1475 842 1538 miseret
859 1475 989 1560 equites,
1034 1475 1101 1540 Hae
1123 1477 1196 1541 duee

128 1583 190 1625 aoe
216 1574 271 1624 ex·
284 1561 419 1639 diverso,
440 1581 539 1647 quum
565 1560 621 1625 diu
647 1559 775 1623 incertia
800 1559 964 1624 itineribus
994 1575 1116 1648 vagatae
1138 1583 1197 1647 per

126 1647 330 1712 Dassaretios
344 1659 458 1712 essent.
473 1646 600 1713 tandem
616 1647 650 1710 in
666 1667 765 1710 unum
778 1645 840 1709 iter
854 1661 1077 1711 convenerunt
1108 1647 1194 1712 Neu·
1204 1659 1344 1721 Explorate·

127 1746 195 1798 tros
215 1733 338 1812 fefellit,
353 1747 389 1800 ut
410 1733 554 1800 fremitus
577 1732 691 1820 procul
715 1731 880 1796 bominum
907 1754 1126 1820 equorumque
1142 1739 1241 1800 ‹ex-“⁸
1254 1725 1357 1772 ΜΨ

129 1819 260 1886 auditus
282 1833 340 1898 est,
357 1819 462 1885 hostes
483 1821 751 1907 adpropinquare.
796 1819 909 1906 Itaque
929 1820 1027 1904 prius,
1043 1841 1140 1905 quarn
1162 1791 1358 1902 iuffiffi

130 1921 338 1992 conspectum
373 1909 527 1988 venirent,
560 1927 658 1994 equos
694 1927 846 1992 armaque
882 1907 1101 1991 expedierant.
1137 1929 1196 1972 nec
1204 1925 1271 1975 mat
1286 1918 1359 1968 tutta

131 2015 232 2071 mora,
260 1993 316 2059 ubi
341 1995 481 2078 primum
508 1994 630 2060 bostem
655 1991 773 2070 videre,
800 1994 1010 2059 concurrendi
1034 1993 1117 2059 facta
1141 1989 1301 2060 est‘m‘u·

132 2080 232 2146 Forte
245 2093 279 2145 et
291 2101 427 2145 numero
441 2093 473 2146 et
494 2081 620 2156 virtute,
636 2092 746 2163 utpote
764 2078 837 2144 lecti
860 2081 1032 2167 utrimque,
1047 2079 1134 2146 haud
1149 2084 1198 2146 in·

131 2189 234 2252 pares,
251 2167 351 2252 aequis
365 2167 488 2232 viribus.
497 2189 555 2252 per
572 2166 695 2252 eliquat
707 2165 804 2231 boras
818 2180 1013 2254 pugnarunt.
1038 2168 1199 2250 lt'atigatio

133 2256 275 2340 ipsorum
306 2275 533 2342 equorumque,
563 2254 684 2318 incerta
711 2253 853 2329 victoria,
880 2253 1009 2319 diremit
1036 2254 1197 2338 proelium.

134 2339 355 2426 Macedonum
377 2339 589 2425 quadraginta
606 2339 734 2426 equites,
760 2339 978 2404 Romanorum
1005 2341 1146 2427 quinque
1166 2356 1198 2409 et

131 2428 266 2516 triginta
279 2427 474 2494 ceciderunt.
520 2426 633 2512 Neque
655 2449 694 2490 en
717 2425 816 2512 magis
835 2427 996 2512 explorati
1011 2428 1197 2514 quidquam,

126 2513 166 2578 tn
180 2515 393 2602 quaregione
407 2525 510 2580 castra
527 2512 668 2578 hostium
690 2527 804 2588 essent,
820 2524 875 2578 aut
890 2512 935 2578 illi
951 2514 991 2578 ad
1008 2537 1125 2603 regem,
1143 2530 1198 2581 ant

132 2600 166 2664 bi
180 2601 222 2666 ad
238 2603 402 2668 consulem
415 2600 602 2667 retulerunt.
614 2622 673 2685 per
686 2597 864 2687 transfugas
875 2603 1038 2688 cognitum
1048 2617 1106 2679 est,
1118 2625 1199 2689 quos

131 2687 241 2754 levitas
257 2688 469 2775 ingeniorum,
485 2687 526 2752 ad
548 2685 782 2774 cognoscendas
804 2687 942 2752 bostium
966 2709 1025 2765 res,
1043 2691 1075 2754 iu
1096 2689 1199 2753 omni·

133 2775 193 2840 bus
208 2775 299 2840 bellis
313 2778 446 2862 praebet.
813 2819 817 2828 ι

133 2921 137 2930 .
176 2862 351 2928 XXXIV.
377 2861 553 2948 Philippus,
570 2861 691 2947 aliquid
713 2874 744 2924 et
765 2861 807 2924 ad
829 2861 992 2926 caritatem
1009 2882 1150 2938 suorum,
1167 2875 1199 2926 et

132 2963 168 3014 ut
181 2950 341 3036 promtius
356 2971 421 3035 pro·
431 2971 470 3014 eo
491 2949 667 3033 periculum
680 2946 813 3022 adirent,
826 2961 912 3012 ratus
926 2945 1141 3032 profecturum
1155 2971 1198 3028 se,

132 3038 157 3100 si
172 3038 329 3124 equitum,
342 3035 397 3122 qui
412 3035 591 3100 ceciderant
601 3036 633 3098 in
650 3033 863 3119 expeditione,
873 3034 1128 3120 sepeliendorum
1144 3056 1200 3099 cu·

134 3145 201 3188 ram
217 3121 389 3198 habuisset,
406 3121 520 3188 adferri
542 3145 595 3188 eos
617 3122 649 3186 in
673 3133 775 3186 castra
791 3122 895 3208 jussit,
911 3137 948 3186 ut
965 3121 1201 3208 conspiceretur

134 3211 174 3274 ab
195 3209 347 3274 omnibus
369 3209 487 3274 funeris
511 3208 624 3274 honos.
670 3209 761 3273 Nihil
787 3223 852 3274 tam
875 3209 1031 3272 incertum
1053 3229 1113 3273 nec
1135 3222 1199 3273 tam
1208 3224 1351 3271 timesne·

134 3295 357 3362 inaestimabile
372 3309 428 3382 est,
444 3317 539 3381 qnam
555 3295 653 3360 animi
669 3295 890 3360 multitudinis.
910 3295 995 3381 quod
1011 3296 1201 3381 promtiores
1208 3295 1328 3368 remorer

133 3383 174 3448 ad
201 3383 399 3448 subeundam
428 3404 555 3446 ornnem
581 3381 816 3447 dimicationem
841 3382 1007 3447 videbatur
1030 3361 1346 3468 facturum‚‡{'fffl⁸‚

133 3471 165 3534 id
181 3483 304 3536 metum
329 3469 554 3556 pigritiamque
577 3467 724 3532 incussit:
748 3491 834 3546 nam,
851 3469 905 3555 qui
917 3468 943 3512 ³⁷
951 3468 1049 3534 hastis
1066 3469 1313 3560 sagittis-suorum.

133 3579 196 3642 que
210 3571 243 3622 et
258 3578 331 3620 rara
350 3554 467 3619 lanceis
489 3553 620 3620 vulnera
641 3555 724 3619 facta
744 3555 904 3632 vidissent,
926 3577 998 3620 cum
1016 3555 1142 3621 Graecis
1158 3555 1202 3620 Il-

134 3643 287 3730 lyriisque
300 3663 446 3730 pugnare
460 3642 591 3718 adsueti,
608 3654 773 3726 postquam
792 3641 901 3730 gladio
924 3641 1132 3728 Hispaniensi
1146 3644 1202 3707 de·

134 3743 281 3795 truncata
296 3751 432 3815 corpora
447 3726 584 3792 brachiis
601 3727 729 3792 abscisis
740 3728 762 3808 ⁶,
779 3741 834 3793 aut
856 3741 923 3794 tota
943 3730 1203 3796 ce1·ricedesecta

136 3817 234 3882 divisa
256 3842 277 3882 a
299 3837 434 3901 corpore
460 3815 573 3900 capita,
597 3815 798 3902 patentiaque
824 3815 951 3893 viscera,
974 3831 1006 3881 et
1029 3815 1202 3882 foeditatem

136 3903 228 3969 aliam
245 3903 415 3968 vulnerum
439 3903 596 3979 viderunt,
613 3902 762 3966 adversus
778 3925 850 3988 quae
876 3901 937 3966 teia
960 3925 1103 3990 quosque
1117 3904 1202 3966 viros

135 3991 343 4082 pugnandum
365 4000 455 4066 essct,
470 3989 578 4074 pavidi
598 3987 694 4076 vulgo
715 3989 897 4054 cernebant.
943 3989 1051 4074 Ipsum
1076 4010 1204 4076 quoque
1258 4009 1260 4030 ¹

365 4161 377 4190 ⁶
393 4157 488 4220 Ιιγοιιιιι
499 4159 575 4206 Gran.
587 4157 654 4204 Cres.
759 4155 772 4192 d
788 4156 974 4204 abrasisset.

169 4298 196 4340 ³7
213 4292 302 4338 Hasts's
318 4290 475 4351 sagittisque,
486 4297 510 4336 ct
525 4303 583 4336 rare
599 4290 653 4340 tea
684 4290 738 4349 gius
749 4295 773 4336 et
785 4253 886 4336 validius
895 4288 968 4334 fuisse
976 4287 1059 4336 telum,
1067 4292 1137 4340 quarn
1149 4279 1204 4325 bus·

141 4353 270 4419 ceir]Hinc
284 4355 366 4416 cniiigi
386 4355 455 4402 debet
474 4356 581 4402 buccam
600 4356 653 4402 lon·
685 4361 743 4402 tara.
