3104 4976
460 191 553 253 nra.
570 190 700 260 xxxv.
730 191 833 252 cna.
854 176 908 250 vr.
1109 181 1111 186 ’
1166 201 1225 264 λιω

126 399 128 405 ι
156 341 255 419 minin
277 357 475 440 acciperetur.
521 353 672 422 Secunda¹
681 355 763 446 legio
778 357 875 432 missa
886 369 945 437 ast,
959 367 992 420 et
1005 355 1221 424 extraordina·
1232 377 1264 424 υ.
1274 374 1301 422 c.
1314 379 1371 422 aas.

157 441 198 504 rii
222 444 350 526 recepti.
394 444 478 507 Tum
504 443 715 530 redintegrata
735 455 781 507 est
802 465 921 531 pugna.
966 442 1099 518 lQum]
1121 456 1154 508 et
1171 467 1219 508 re·
1230 443 1302 490 bc·
1316 445 1370 533 ¹⁹?-

157 547 231 610 cens
257 527 357 607 miles,
374 541 404 593 et
427 529 575 616 frequens
596 531 761 595 ordinibus
783 530 867 618 legio
889 529 1117 606 successione,
1132 543 1164 594 et
1178 529 1220 595 si-

157 613 257 678 nistra
277 615 327 679 ala
342 639 381 681 ex
396 615 510 701 proelio
531 616 686 682 subducta
708 629 754 681 est
763 639 772 693 ;
794 616 906 681 dextra
919 616 954 678 in
967 615 1102 699 primam
1118 616 1219 682 aciem

157 699 263 764 subiit.
310 701 365 766 Sol
385 703 504 790 ingenti
527 703 642 767 ardore
656 703 797 768 torrebat
811 703 940 769 minime
955 701 1106 786 patientia
1121 717 1218 768 testas

157 806 292 870 corpora
318 787 502 854 Gallorum:
534 789 640 853 densis
667 802 772 853 mmen
802 787 967 854 ordinibus
997 808 1083 852 nunc
1108 788 1162 852 alii
1182 790 1219 853 in

157 871 246 952 alios,
269 893 356 938 nunc
377 875 409 938 in
432 889 520 940 scuta
544 875 772 952 incumbentes,
789 873 984 939 sustinebant
1005 874 1134 958 ¹inpetus
1152 876 1219 962 Ro·

155 977 335 1022 manorum.
378 960 476 1042 Quod
493 959 545 1024 ubi
561 959 782 1025 animadvertit
795 959 915 1036 consul,
931 961 970 1024 ad
986 962 1220 1044 perturbandos

129 1061 132 1070 ¹
155 1042 285 1107 ordines
298 1068 407 1110 eorum
424 1047 461 1110 C.
479 1047 606 1111 Liviam
623 1049 841 1123 Salinatorem,
857 1046 913 1138 qui
930 1055 1066 1132 praeerat
1081 1047 1107 1086 ¹⁰
1115 1046 1219 1114 alariis

156 1130 323 1216 equitibus,
349 1155 444 1219 quam
473 1134 732 1201 concitatissimos
755 1155 853 1220 equos
875 1132 1036 1204 lnmittere
1061 1134 1164 1199 ‘ubett
1187 1150 1219 1200 ct

154 1213 344 1301 legionarios
362 1220 481 1305 equites
502 1222 534 1284 in
559 1220 706 1284 subsidiis
728 1243 804 1284 esse.
851 1219 937 1284 Haec
951 1219 1058 1302 procel
1072 1243 1091 1284 a
1106 1241 1217 1308 eques·

154 1303 211 1365 tris
240 1305 346 1388 primo
378 1305 520 1371 confudit
548 1321 579 1372 et
607 1307 756 1387 turbavit,
785 1305 901 1370 deinde
929 1305 1091 1390 dissipavit
1118 1309 1218 1371 aciem

156 1388 342 1468 Gallorum3
364 1412 428 1456 non
451 1403 568 1478 tamen,
585 1406 619 1458 ut
641 1409 730 1480 terga
751 1395 871 1456 darent.
917 1392 1098 1456 Obstabant
1111 1393 1216 1471 duces,

154 1472 319 1540 hastilibus
334 1478 490 1544 caedentes
512 1491 602 1568 terga
623 1479 861 1564 trepidantium,
877 1491 908 1542 et
923 1478 1073 1558 redircin
1090 1479 1231 1544 ordines

154 1574 319 1649 cogentes:
343 1565 396 1629 sed
407 1565 663 1651 interequitantes
674 1565 762 1629 alarii
772 1587 837 1630 non
847 1564 1060 1650 patiebantur.
1098 1565 1218 1631 Consrtl

153 1647 371 1714 obtestabatur
394 1651 517 1729 milites,
544 1653 585 1716 Ut
603 1652 774 1735 paullulum
797 1653 1028 1716 adniterentur.-
1057 1652 1217 1716 uictoriam

154 1735 188 1796 in
197 1737 493 1802 marrimandum
500 1737 712 1820 perturbatosl
723 1749 753 1801 et
761 1741 952 1821 trepidantes
961 1737 1110 1818 uiderent,
1119 1739 1217 1802 insta-

153 1830 233 1886 rent.
249 1823 278 1886 si
292 1826 414 1888 restitui
428 1824 584 1889 llordines
597 1823 725 1901 sissent¹‚
742 1827 861 1908 integra
882 1845 986 1887 rursus
1001 1845 1050 1886 eos
1058 1826 1174 1906 pratia
1188 1837 1218 1890 et

154 1905 246 1972 dnbio
271 1909 476 1975 dimicaturos.
522 1910 643 1976 Inferre
666 1909 846 1975 vexillarios
862 1909 957 1996 jussit
979 1909 1078 1996 signa.
1107 1932 1218 1974 omnes

152 1990 275 2055 connisi
301 1994 428 2059 tandem
455 2010 635 2061 averterunt
662 1995 798 2063 hostem.
843 1995 1015 2083 Postquam
1044 2009 1134 2083 terga
1163 1997 1219 2061 da·

152 2075 240 2156 bant,
257 2091 289 2144 et
302 2080 336 2144 in
350 2079 457 2166 firgam
473 2084 589 2166 passim
611 2083 865 2158 effundebantur,
881 2094 947 2146 tum
971 2083 1010 2147 ad
1028 2083 1219 2170 persequen-

151 2163 211 2228 dos
235 2187 288 2230 eos
317 2167 480 2253 legionarii
514 2169 633 2256 equites
661 2169 790 2235 inmissi.
839 2169 1090 2245 Quatuordecim
1118 2169 1219 2234 millia

152 2250 307 2316 Boiorum
323 2276 361 2317 eu
375 2254 428 2318 die
441 2277 523 2322 caess
537 2269 627 2334 sunt3
650 2255 712 2319 rivi
732 2256 818 2340 capti
839 2253 924 2318 mille
945 2255 1120 2342 nonaginta
1135 2256 1217 2320 duo:

152 2337 274 2422 equites
289 2340 478 2427 septingenti
493 2342 521 2405 vi
547 2343 604 2408 inti
622 2365 711 2418 unus,
728 2354 791 2406 tres
806 2341 902 2406 duces
916 2363 1037 2421 eornm,
1052 2343 1142 2430 signa
1157 2345 1216 2406 mi·

151 2421 256 2486 litaria
283 2423 420 2490 ducenta
449 2365 628 2508 duodecim,
659 2441 810 2514 carpenta
838 2429 1005 2515 sexaginta
1029 2427 1101 2494 tn‘a.
1147 2429 1216 2494 Neo

155 2507 309 2574 Romanis
323 2513 489 2578 incruenta
511 2515 641 2580 victorin
663 2515 733 2580 fuit.
754 2535 849 2600 supra
864 2515 1007 2601 quinque
1021 2515 1121 2579 millia
1134 2515 1218 2580 mili-
1289 2549 1291 2560 ·

151 2604 230 2672 tum,
245 2596 386 2682 ipsorum
403 2613 459 2666 aut
473 2602 643 2678 sociorum,
658 2617 733 2666 sunt
755 2603 877 2676 amissa,
894 2601 1094 2666 centuriones
1108 2615 1172 2667 tres
1186 2614 1218 2668 et

150 2679 274 2832 pipimi,
297 2685 442 2770 praelecti
471 2688 593 2752 socibm
620 2702 766 2774 quatuor,
793 2701 825 2752 et
847 2684 1090 2765 MiGenucius,
1112 2700 1144 2754 et
1166 2688 1215 2752 M.

194 2769 306 2848 arcius,
322 2772 442 2838 tribuni
457 2775 592 2838 militum
608 2774 755 2840 secundae
770 2773 915 2860 legionis.

193 2853 254 2919 Vl.
277 2855 400 2923 Eodem
415 2859 481 2924 fere
495 2871 638 2947 tempore
651 2860 788 2924 duorum
804 2858 972 2924 consulum
987 2857 1087 2921 literae
1101 2857 1216 2922 adlatae

151 2955 234 3019 sunt,
259 2944 296 3007 L.
307 2943 456 3018 ,Cornelii
477 2947 518 3011 de
538 2946 657 3031 proelio
682 2944 723 3011 ad
740 2945 901 3010 Mutinam
925 2963 997 3008 cum
1015 2943 1103 3008 Boiis
1117 2943 1213 3022 facto,

148 3036 182 3089 et
196 3025 239 3106 Q.
257 3027 396 3096 Minucii
410 3055 429 3096 a
445 3033 534 3098 Pisis.
581 3033 715 3098 Comitia
729 3051 792 3097 cuce
804 3033 896 3097 sartis
910 3051 979 3096 esse.
994 3039 1123 3094 ceterum
1137 3032 1215 3096 adeo

147 3131 290 3198 mpetum
311 3122 415 3182 amnia
430 3121 464 3184 in
478 3119 648 3206 Liguribus
665 3141 697 3184 se
717 3120 887 3197 haberant
908 3117 1029 3182 abscedi
1050 3118 1132 3194 inde,
1148 3119 1215 3182 sine

141 3204 445 3280 panattariam
459 3218 487 3272 et
502 3207 614 3274 damno
627 3206 810 3290 reipublicae,
826 3227 888 3270 non
904 3205 1012 3288 possit.
1056 3205 1092 3268 Si
1106 3205 1153 3268 ita
1168 3205 1215 3268 ui·

146 3286 272 3353 darem
284 3293 444 3371 Patribus,
459 3295 614 3358 mitterent
623 3295 668 3356 ad
680 3295 836 3376 collegam,
850 3301 884 3356 ut
898 3293 936 3368 is,
951 3289 1006 3374 qui
1016 3291 1214 3378 pruffligatum

147 3371 256 3442 bellum
277 3377 411 3452 baberet,
427 3380 472 3442 ad
491 3382 614 3444 comitia
627 3379 759 3443 Romam
773 3381 906 3442 rediret.-
929 3379 957 3441 si
973 3379 1007 3440 id
1007 3377 1122 3461 facere
1137 3399 1214 3468 gra-

147 3471 282 3540 varetur,
299 3465 381 3547 quoti
394 3487 455 3528 riou
468 3487 531 3530 sua
542 3466 635 3535 sortis
650 3467 686 3530 id
698 3466 850 3549 negotium
865 3473 948 3540 esset,
964 3485 997 3526 se
1010 3465 1129 3547 quidem
1136 3465 1215 3550 sac·

148 3555 257 3624 mum,
277 3552 479 3635 quodamque
499 3563 622 3616 amamus
642 3554 818 3623 armastis
841 3553 895 3616 sed
907 3553 1000 3614 etiam
1015 3559 1107 3633 atque
1121 3553 1214 3616 etiam

149 3631 332 3716 ”atterent
348 3657 387 3703 ne
400 3640 499 3728 magis
513 3659 529 3702 e
543 3639 699 3724 republica
713 3647 788 3702 esset
802 3640 1006 3722 interregnum
1022 3638 1111 3713 iniri,
1126 3657 1215 3724 qaam
1296 3647 1297 3652 ’

197 3903 201 3914 ι
262 3835 563 3885 casamassancia.
626 3833 758 3914 &turbam
768 3834 832 3881 aaa
898 3832 1100 3880 instaurant.

182 4035 423 4094 anum.·.legie
448 4035 568 4081 macerit.
592 4035 665 4081 sinia-
734 4040 759 4078 rt
782 4032 882 4079 Ordines
895 4028 1018 4092 sinuarat]
1033 4031 1103 4076 MSS.
1118 4031 1212 4075 Grona-

151 4097 200 4164 tra]
226 4102 344 4156 Animas,
367 4105 391 4145 et
406 4099 495 4146 Viator.
517 4100 590 4146 codex
612 4113 665 4146 cnm
698 4099 763 4144 vieni
779 4099 894 4145 etiam.-
911 4097 1117 4146 mactaremur.
1150 4094 1211 4152 tage

150 4165 604 4223 nnoexMSS.lleamii,rure-errisret.
628 4165 666 4211 Et
697 4165 789 4209 enimi.
1179 4222 1184 4234 .

148 4232 265 4279 nnuma:
284 4231 347 4292 quod
358 4231 443 4292 placet.
732 4235 761 4274 la
781 4229 896 4274 Viderunt
915 4241 945 4273 nc
962 4227 1042 4285 arogis
1061 4219 1212 4281 erepublica

184 4301 213 4342 ιο
229 4292 664 4358 Alariirequitibur]Soeiorumcqui·
696 4290 767 4355 erret]
789 4293 865 4340 Proba
883 4290 968 4338 lectior
987 4303 1039 4348 qua
1056 4291 1136 4333 tamen
1155 4299 1212 4362 unc:

149 4362 221 4408 tibus.
255 4360 311 4407 vid.
325 4361 542 4408 notantxxvt.
556 4377 577 4410 c.
591 4367 628 4406 14.
696 4360 794 4406 tentate
809 4371 860 4404 non
877 4357 935 4402 satis
951 4357 1018 4401 firma
1035 4357 1091 4399 stat.
1124 4352 1210 4410 Scapti

193 4444 267 4488 vol..
284 4443 339 4487 111.
743 4442 764 4484 Ο
