3082 4976
410 141 436 199 L
448 141 461 200 1
473 141 506 200 B.
534 138 602 204 xb.
621 139 689 200 ¹CA
703 139 735 201 P.
761 139 853 200 ΧΙΙΙ.
1114 138 1172 202 468

111 306 213 390 magis,
230 311 319 389 quam
334 307 449 372 crimen
469 327 564 370 meum
588 307 776 382 indicatura,
792 307 883 370 bodie
898 307 1022 392 ¹quaque
1037 313 1214 380 eamautu.
1225 313 1253 370 οξ
1264 311 1321 372 sio.

105 392 309 474 pretermitti,
332 394 444 472 autin
466 394 557 456 atiud
574 401 692 478 tempus
714 393 857 478 differri:
883 399 917 457 'ut
934 395 1172 478 perspiceretur,
1182 388 1213 436 Α·
1225 389 1253 436 ⁰·
1266 394 1335 436 ἠ’

110 487 202 541 utrum
225 479 363 560 egotibi,
380 499 423 541 an
445 488 479 541 tu
499 479 586 554 mihi,
602 499 681 542 nouo
695 479 815 561 quidem
837 488 868 542 et
888 481 1048 564 singulari·
1061 481 1175 565 genere
1264 528 1273 538 -

110 565 182 639 odii,
205 565 339 627 iusidias
351 565 492 648 fecisses.
537 566 609 647 Ego
634 573 746 644 tamen,
763 570 907 648 quantum
934 567 1175 632 inhocadmi

102 650 331 732 perturbatione
339 657 460 731 potero,
472 650 625 731 separabo
636 671 683 726 ea,
695 670 766 733 quer
778 661 811 713 tn
822 651 991 734 confidisti
998 679 1009 715 .·
1033 663 1063 716 et
1077 657 1175 720 noctis

107 737 188 822 injus
208 737 352 812 insidias,
371 743 427 799 aut
451 743 529 811 tuas,
554 745 608 798 aut
632 757 721 812 meas,
738 737 886 820 detegam.
932 735 1101 805 Occidendi
1125 741 1177 804 sui

106 823 257 886 consitium
271 843 320 884 mc
335 823 439 900 inisse,
454 823 556 885 uideri
570 823 653 885 uult:
676 831 711 884 nt
724 823 848 898 scilicet,
864 823 980 906 majore
976 825 1091 908 fratre
1104 827 1173 890 sub·

106 911 176 984 tata,
192 906 276 990 orders
286 907 363 990 jure
373 909 522 992 gentium,
539 929 621 970 more
633 907 849 984 Macedonum„
861 911 913 972 tuo
936 913 1042 992 etiam,
1057 922 1091 991 nt
1113 907 1171 989 dit,

25 987 26 994 ἵ
94 995 216 1078 jndicio
230 1015 355 1078 regnum
377 1003 422 1058 est
430 993 589 1078 futurum,
605 1013 659 1078 ego
673 996 774 1058 minzac
794 996 827 1057 iu
850 993 922 1080 q'us,
938 1019 1023 1080 ¹quem
1043 1001 1173 1064 *occidis*

103 1101 169 1157 sem,
184 1083 367 1144 succederem
382 1083 485 1143 iocum.
535 1079 621 1156 Quid
641 1101 713 1164 erga
735 1081 792 1143 itta
814 1081 875 1144 sibi
888 1083 953 1146 uuit
968 1105 1049 1166 pars
1070 1087 1172 1148 attera

103 1169 262 1244 orationis,
279 1188 340 1250 qna
353 1167 509 1230 Rmnauos
523 1188 543 1228 a
556 1189 601 1229 me
615 1169 710 1230 cultos
723 1169 781 1242 nit,
795 1178 887 1250 atque
898 1169 1125 1252 ear-nmfiducia
1138 1174 1172 1234 iu

102 1275 179 1336 spem
206 1255 297 1338 regni
318 1275 364 1316 me
389 1255 526 1316 uertisse?
550 1275 620 1315 uam
643 1254 673 1316 si
694 1261 724 1315 et
744 1253 778 1316 in
793 1253 945 1318 Romanis
966 1265 1084 1319 tantum
1110 1279 1172 1321 rno-v

101 1342 194 1404 mcnti
214 1361 276 1404 esse
296 1340 462 1416 credebam,
479 1347 523 1418 nt,
539 1358 624 1422 quern
646 1340 765 1414 uellent,
783 1341 966 1421 inponerent
977 1340 1173 1407 Macedonia

102 1447 210 1512 regem,
226 1435 256 1489 et
271 1433 344 1488 mea
356 1433 475 1489 tantum
490 1427 577 1508 apud
594 1447 643 1488 eos
660 1425 778 1509 gratia
798 1427 992 1508 confidebam,
1009 1431 1086 1511 quid
1099 1451 1174 1512 opus

95 1513 374 1596 parricidiofuit?
398 1512 460 1587 An,
473 1521 507 1574 ut
518 1521 671 1574 cruentum
674 1512 828 1592 fraterna
841 1515 922 1574 cade
933 1515 1076 1577 diadema
1083 1537 1172 1598 gere-

102 1605 188 1662 rem?
211 1608 246 1662 nt
270 1599 335 1662 iilis
358 1599 443 1679 ipsis,
459 1599 546 1680 apud
558 1619 632 1680 quos
654 1607 709 1660 aut
734 1617 816 1672 nera,
834 1607 889 1660 aut
914 1600 994 1662 certe
1016 1602 1170 1678 simulata,

93 1686 255 1769 probitate
265 1691 392 1766 partam
403 1686 541 1766 gratiam
556 1683 661 1757 babeo,
673 1685 703 1746 si
716 1685 899 1767 qnamsorte
913 1685 1018 1761 babeo,
1036 1709 1172 1752 easecra·

101 1773 173 1835 bitis
188 1773 347 1835 ct'iunisus
361 1775 474 1834 essem?
498 1771 561 1834 nisi
574 1767 642 1832 ⁴¹T.
657 1771 832 1842 Quinctium
843 1772 952 1847 credis,
966 1771 1050 1855 cujus
1060 1775 1174 1838 uirtute

99 1867 130 1922 et
144 1859 280 1921 consiliis
294 1879 342 1919 me
356 1877 435 1918 nunc
449 1858 557 1940 arguis
569 1856 646 1938 regi,
660 1861 793 1939 quum'et
808 1858 874 1938 ipsc
887 1858 948 1920 tali
955 1860 1077 1940 pietate
1088 1862 1173 1924 uiuat

101 1966 167 2007 cum
169 1944 292 2027 fratre,
309 1944 387 2006 mini
392 2007 400 2032 ρ
399 1944 557 2024 fraterna
578 1941 785 2022 ccedisflrisse
805 1953 965 2016 auctorem.
1014 1945 1096 2010 Idem
1112 1968 1173 2008 non

103 2032 311 2094 Romanorum
332 2030 426 2093 solnm
444 2029 594 2114 gratiam,
610 2030 665 2091 sed
674 2028 876 2092 Macedonum
888 2029 1027 2112 judicia,
1043 2054 1081 2096 ac
1092 2053 1174 2116 pene

100 2117 232 2180 omnium
262 2117 398 2179 Deorum
421 2115 630 2198 borninamqne
659 2135 830 2178 consensum
855 2118 996 2200 contegit,
1015 2139 1077 2200 per
1106 2139 1174 2202 qum

99 2203 258 2266 amniase
279 2202 362 2265 mibi·
370 2217 481 2284 parem
507 2203 542 2264 in
555 2202 731 2263 certamine
752 2221 813 2262 riou
825 2201 973 2284 ficturum
995 2207 1173 2270 crediderit.

100 2291 192 2365 idem,
208 2299 362 2372 tamqnam
378 2289 412 2350 iu
426 2288 501 2350 aliis
515 2286 649 2350 munibus
663 2286 750 2349 rebus
764 2288 897 2370 inficior
911 2309 1010 2364 essem,
1027 2293 1071 2353 ad
1082 2294 1173 2354 scele-

99 2378 149 2440 ris
162 2397 243 2458 spem
257 2377 395 2438 ultimam
409 2373 581 2458 corffugissc
594 2394 640 2434 me
651 2373 819 2436 insimulat.
868 2373 921 2438 Vis
936 2373 1173 2460 ”bancformn-

97 2465 163 2526 lam
186 2462 373 2546 cognitionis
391 2482 462 2537 esse,
477 2468 521 2536 nt,
537 2469 613 2522 uter
626 2459 772 2534 timuerit,
788 2481 825 2521 ne
846 2461 925 2524 alter
940 2462 1067 2544 dignior
1088 2466 1173 2527 uide·

99 2553 189 2612 retur
212 2569 318 2632 regna,
338 2549 366 2612 is
388 2548 550 2627 consilium
571 2545 766 2630 obprimendi
774 2545 900 2629 fratris
922 2551 1035 2628 cepisse
1048 2548 1173 2632 jndice·

102 2639 180 2698 tur?
238 2641 241 2650 ¹
364 2637 367 2642 '
904 2693 906 2697 ,

112 2801 115 2806 ᾖ
147 2717 251 2784 ΧΙΙΙ.
273 2723 487 2805 Esseqmmur
507 2727 609 2782 tamen
623 2715 837 2802 “quocumque
852 2721 940 2782 modo
954 2723 1074 2804 conficti
1086 2725 1173 2787 ordi-

101 2827 172 2872 nem
197 2809 346 2871 criminis.
390 2806 539 2871 Pluribus
561 2805 658 2868 modis
678 2826 710 2867 se
725 2807 858 2886 petitum
880 2805 1060 2872 criminatus
1074 2817 1127 2885 est,
1144 2816 1174 2873 et

100 2911 206 2958 omnes
220 2895 404 2957 insidiarum
419 2894 486 2956 uias
501 2895 534 2955 in
549 2911 640 2954 unum
655 2891 734 2953 diem
748 2893 888 2956 contulit.
937 2893 1027 2957 Volui
1037 2895 1174 2960 interdiu

99 2990 253 3062 cumpost
266 2981 487 3056 lustrationem,
503 2999 591 3062 quum
606 2977 819 3054 concurrimus,
836 2981 1010 3063 etquidem,
1025 2979 1086 3044 ⁴⁴si
1096 2983 1174 3048 Diis

137 3147 625 3214 41mocimtum....eujneutrrure]
657 3151 809 3199 Heumann}
826 3157 916 3201 notum.
948 3154 1084 3201 Demetrius
1100 3154 1174 3214 igitur

100 3221 160 3268 Vox
171 3221 263 3267 uirtute
279 3235 362 3281 purum
374 3220 430 3266 huic
447 3220 499 3266 loco
513 3219 624 3266 conveni·
657 3217 702 3265 hoc
719 3219 773 3264 loca
785 3219 870 3277 quaerit
885 3219 993 3276 sicutte,
1007 3235 1063 3266 uum
1076 3221 1134 3266 velit
1145 3235 1174 3268 cx

101 3301 130 3333 re
147 3285 251 3333 videtur.
283 3285 370 3332 Melius
386 3285 491 3346 protectb
508 3283 625 3345 legeretur
656 3297 684 3330 eu
700 3283 803 3330 formula
821 3284 887 3330 litem
905 3285 968 3330 inter
985 3297 1025 3332 cor
1038 3285 1172 3344 dijudicari,

102 3353 260 3398 auctoritate.
299 3353 397 3399 Perseus
427 3350 559 3410 objeccrtt:
596 3349 625 3397 Τ.
658 3349 721 3396 hunc
735 3349 810 3410 legem
828 3349 923 3410 utrique
939 3349 1036 3408 dici,ut
1053 3351 1126 3410 isqui
1143 3351 1174 3396 ti-

104 3417 228 3471 Qnintiur
242 3431 306 3462 nuuc
318 3423 354 3462 est
369 3421 452 3462 auctor
465 3417 571 3462 omniurn
588 3429 625 3461 re·
657 3413 745 3460 muerit
764 3428 794 3459 nc
811 3414 871 3461 ulter
887 3415 981 3476 dignior
999 3430 1072 3477 regna
1084 3415 1174 3462 videre·

100 3496 162 3528 rum
174 3483 219 3528 teti
229 3488 253 3527 et
263 3485 386 3546 magister.
657 3484 707 3536 tur,
726 3479 854 3526 consitium
874 3481 1022 3540 opprimendi
1037 3482 1117 3534 fratris
1134 3496 1172 3528 ce·

138 3553 171 3594 ⁴2
190 3545 266 3592 Hunc
270 3546 404 3605 formulam
412 3547 557 3606 cognittionc's
566 3539 625 3608 erse]
658 3545 720 3605 pisse
733 3544 861 3602 judicetur.
894 3545 966 3595 Quod
978 3547 998 3592 si
1009 3547 1175 3594 admittebant

101 3611 211 3658 Ιιοσιιῐὶο
222 3611 314 3669 exjure
325 3613 433 3658 Romana
444 3609 525 3671 petitu
557 3611 623 3656 Pru-
655 3611 751 3666 Pcrreo,
768 3623 817 3655 nan
838 3609 933 3656 dubitat
950 3612 1097 3670 Demetrius,
1114 3613 1175 3672 quin

100 3683 147 3724 tor
159 3677 222 3724 euim
235 3689 314 3735 quum·
322 3676 413 3736 judices
431 3677 496 3723 duret
507 3675 624 3736 litiganti·-
659 3689 702 3721 suu
713 3675 812 3722 victoria
828 3675 872 3732 sit,
886 3681 911 3722 et
927 3676 1016 3726 crimen
1035 3678 1173 3726 insidiarum

101 3743 166 3798 bus,
177 3742 249 3788 debut
259 3747 284 3787 et
292 3743 418 3802 formulam
428 3756 457 3789 ex
465 3753 512 3802 qua
522 3754 558 3786 res
570 3755 627 3788 con·
659 3744 765 3786 vertatur
775 3740 801 3785 in
813 3745 984 3788 accusatorem
1010 3755 1012 3760 ⁴

101 3799 388 3880 troverssdisceptnriet
401 3806 502 3865 iudicari
516 3797 624 3853 deberet}
676 3797 729 3852 '43
742 3804 916 3868 'Quocumque
954 3805 1021 3852 mado
1065 3805 1171 3870 conficti]

100 3880 182 3932 atque
194 3872 223 3918 ud
235 3873 422 3924 cumtormuisrn
440 3869 546 3921 adstricti
559 3875 627 3918 erunt
661 3871 777 3922 Quumns
787 3873 836 3916 t‘am
853 3885 935 3932 purum
953 3869 1106 3932 probubiiitcr
1118 3879 1177 3919 cau·
1224 3907 1228 3918 .

98 3937 212 3998 judices,
223 3951 266 3984 nec
278 3938 347 3987 miter
358 3947 428 3999 quum
439 3952 467 3984 ex
483 3951 511 3986 eu
523 3939 629 3995 pronun-
660 3936 720 3993 ficti,
735 3932 763 3982 dt
782 3935 901 3988 accusatio
920 3933 1034 4000 sibiipsa
1052 3951 1101 3984 non
1119 3951 1177 3984 con-

101 3999 302 4063 c'rurcpot'crnnt.
337 4002 629 4064 Hiemosuregibucusa
661 4002 759 4056 sentiat,
772 4003 837 4048 etad
852 4002 916 4049 illum
933 4003 1108 4050 dissolvendum
1120 4015 1178 4048 can-

102 4080 158 4130 quc
170 4069 256 4114 ductus
267 4073 327 4126 erut,
335 4077 368 4130 ¹ut
381 4075 477 4131 apparet
488 4081 516 4114 ex
527 4065 629 4116 formula
661 4071 805 4114 maturasse
816 4069 904 4127 possim
921 4081 950 4115 eo
960 4067 1022 4127 quod
1037 4067 1094 4112 mihi
1108 4081 1177 4114 rccu—

102 4133 266 4196 cog'nitionis''
286 4129 342 4180 duta
369 4133 501 4182 duumviris
527 4131 630 4180 rTuuo
663 4137 728 4179 sutor
738 4132 788 4194 ipsc
799 4133 890 4192 objicit.

102 4213 168 4261 regu
187 4199 213 4245 in
233 4211 305 4246 cuum
320 4199 427 4257 Horatii,
445 4213 525 4260 rupru,
543 4195 560 4246 l.
577 4197 596 4243 1.
609 4213 629 4244 c.
696 4193 943 4260 ruttstdtrsptacer]
977 4193 1088 4242 Utuntur
1098 4196 1179 4243 Latini
1216 4233 1219 4238 .

106 4268 158 4312 26.
174 4265 229 4312 vid.
247 4269 273 4312 ct
289 4265 339 4313 Cic.
358 4266 373 4311 Ι.
391 4266 423 4311 11.
435 4266 461 4312 in
473 4267 539 4312 Verr.
554 4279 577 4310 rr.
589 4261 630 4309 81‘.
664 4264 709 4310 hnc
728 4263 852 4310 verborum
865 4262 977 4318 formula,
989 4267 1017 4308 ut
1030 4261 1081 4320 jzm
1098 4263 1179 4308 obscr-

105 4337 135 4378 ct
156 4343 200 4390 pro
219 4329 307 4378 Roscio
327 4331 393 4378 Com.
412 4345 437 4380 n.
452 4337 491 4377 24.
508 4336 580 4389 atquc
598 4329 631 4374 ibi
665 4328 782 4386 ravimus,
795 4329 821 4376 in
838 4342 862 4374 rc
880 4327 987 4389 indigns,
1006 4327 1090 4375 atroci:
1110 4329 1178 4389 quale

162 4413 239 4456 voc.
255 4415 311 4456 ιιι.
702 4390 763 4454 rrh
