3042 4954
28 118 34 277 l
421 189 514 251 arn
535 173 668 250 axau.
694 185 796 248 car.
816 185 906 248 xm.
1136 137 1185 260 'aa

24 346 28 365 ¹
126 350 298 454 Triphylia
319 356 413 419 terrm
435 351 610 419 Melotidis.
633 351 707 418 inde
726 364 854 438 postero
874 351 926 416 die
945 349 1106 442 (⁴'ingens
1126 351 1331 420 itero-‚em

125 440 274 522 agminis,
285 438 341 503 sed
356 439 654 528 metusmguebat¹l
668 439 696 478 ⁶⁰
705 439 738 502 in
749 453 889 503 montem
902 436 965 502 Lin
988 459 1029 502 on
1038 431 1224 524 perressit.L
1235 431 1267 478 α·
1276 435 1330 479 ¹⁹⁸·

126 525 139 586 l
165 525 194 588 si
207 539 327 590 montes
343 525 435 611 Epiri
457 541 539 604 sant,
555 525 710 612 interjecti
724 523 926 590 Macedoniae
941 461 1187 611 Thessaliaque.

183 625 241 689 tus,
286 611 353 677 uod
373 611 474 700 vergit
495 612 529 676 in
550 610 760 688 Thessaliam,
775 611 880 675 oriens
901 621 1039 696 spectat:
1063 625 1188 695 septen-

21 733 22 752 1
126 698 192 799 trio
206 721 226 762 a
283 697 436 763 acedonia
450 698 606 784 objicitur.
650 696 763 762 Vestiti
776 696 992 784 frequentibus
1006 696 1090 761 silvis
1104 709 1187 763 sunt.

21 863 23 956 r
121 782 1212 958 asstare?ereataeffisuertttsasent1

21 1005 22 1046 3
125 969 183 1034 est,
206 969 319 1022 utrum
339 958 486 1042 protinus
506 957 540 1020 in
562 976 694 1043 regnum
721 978 754 1020 se
776 955 937 1039 reciperet,
957 977 998 1020 an
1019 955 1134 1020 reverti
1154 955 1189 1019 in

126 1041 333 1108 Thessaliam
353 1054 467 1128 posset.
489 1042 650 1108 inclinavit
671 1042 835 1120 sententia,
850 1041 876 1080 ⁵¹
885 1063 976 1106 sauro
1000 1041 1032 1105 in
1052 1039 1189 1106 Thessa-

125 1128 204 1192 liam
220 1151 339 1216 agmen
354 1128 519 1194 demittere
526 1137 549 1209 ',
564 1127 775 1214 Triccamque
792 1128 947 1213 proximis
969 1127 1118 1191 limitibus
1133 1149 1189 1213 pe-

128 1216 185 1280 tit:
208 1215 288 1280 inde
313 1215 420 1280 obvias
441 1214 534 1279 urbes
559 1214 675 1299 raptim
704 1214 893 1314 peragravit.
939 1213 1107 1291 Homines,
1134 1214 1190 1300 qai

22 1374 23 1383 ἵ
128 1302 221 1388 aequi
243 1315 384 1387 possent,
407 1299 532 1366 sedibus
551 1301 693 1365 excibat:
716 1300 835 1385 oppida
857 1300 1062 1366 incendebat:
1083 1321 1190 1364 remor

23 1385 25 1473 l
130 1409 275 1470 suarum,
287 1409 367 1474 quas
379 1399 518 1474 possent,
528 1385 728 1452 ferendarum
740 1408 845 1450 secum
860 1386 997 1451 dominis
1006 1387 1060 1472 jus
1075 1385 1188 1452 fiebat:

25 1514 26 1523 κ
130 1486 236 1544 cetera
253 1474 362 1576 militis
375 1473 578 1576 praedaerat.
597 1472 768 1572 nee,·quod
788 1471 830 1536 ab
850 1470 939 1536 hoste
953 1472 1110 1574 crudelius
1124 1471 1190 1556 pati

130 1560 358 1714 ttltrf‘h
384 1557 996 1729 tttlltutrell’ptltffptttl
1017 1579 1117 1720 tlt,
1134 1579 1191 1706 lta

132 1747 262 1814 eterra,
278 1755 355 1798 mox
370 1732 476 1798 lirtura
493 1731 644 1816 hostium,
659 1751 793 1818 corpora
816 1729 926 1795 saltem
948 1730 1069 1814 eripere
1090 1728 1192 1793 scoio-

133 1841 203 1884 rum
230 1819 366 1884 volebat
392 1819 439 1884 ita
461 1829 601 1884 evastata
622 1830 696 1882 sant
720 1816 850 1903 oppida,
876 1815 1042 1895 Phacium,
1071 1815 1190 1894 lresioe,

134 1905 348 1992 Euhydrium,
366 1904 501 1983 Eretria,
518 1904 751 1991 Palaepharua².
796 1903 916 1968 Pheras
937 1925 1035 1990 quum
1059 1913 1191 1986 peteret,
1296 1905 1301 1922 '
1343 1907 1346 1916 '

32 2012 33 2037 ¹
134 1991 295 2070 exclusus,
321 1991 464 2078 quiores
488 1990 601 2079 egebat
625 2011 725 2068 mora,
750 1989 775 2054 si
801 2011 985 2076 expugnare
1008 1988 1110 2066 vellet,
1132 2009 1193 2052 nee

32 2119 33 2132 ψ
133 2078 666 2230 tererestereres
687 2074 973 2228 littere:
988 2075 1348 2228 “territare

133 2250 263 2337 proelio,
288 2250 374 2337 quod
398 2250 482 2315 circa
503 2184 633 2315 emherll
657 2184 766 2314 lloum
795 2251 915 2313 iactum
937 2185 1016 2326 οῐαξ
1041 2213 1278 2336 proximisffi,
1286 2300 1339 2334 m·

26 2408 27 2412 ,
134 2338 223 2422 prius
246 2335 393 2402 evastatis
416 2337 499 2401 circa
522 2335 690 2420 Sperchias
712 2347 744 2398 et
768 2333 903 2400 Macran
930 2340 1039 2422 (quarn
1065 2333 1192 2414 vocant)
1202 2359 1256 2400 ianr
1266 2351 1340 2400 'raas

135 2425 272 2501 Comen,
288 2423 472 2509 transgressi
486 2421 561 2486 inde
574 2423 607 2485 in
623 2419 831 2498 Thessaliam,
849 2420 1000 2509 Cymines
1018 2433 1050 2486 et
1066 2421 1292 2508 Argeas-aaa·

134 2510 242 2596 primo
263 2509 376 2594 inpetu
392 2509 484 2593 potiti
506 2519 587 2572 sunt.
611 2531 629 2572 a
651 2506 837 2593 Metropoli,
852 2508 929 2573 dum
945 2521 1068 2574 vastant
1089 2529 1194 2594 agros,

20 2657 21 2670 ,
133 2619 292 2662 concursu
307 2594 540 2682 oppidanorum
557 2593 598 2658 ad
611 2593 856 2658 tuendamoenia
870 2593 963 2673 laeto,
979 2593 1097 2679 repulsi
1112 2605 1197 2658 sunt.

20 2677 21 2714 l
136 2683 314 2748 Callithera
327 2680 403 2746 inde
416 2680 564 2768 adgressi,
577 2679 709 2744 similem
722 2681 864 2764 inpetum
876 2681 1110 2766 oppidanorum
1124 2702 1198 2765 per·

135 2769 271 2834 tinacius
293 2768 526 2833 sustinuerunt:
549 2765 781 2852 compulsisque
802 2766 886 2830 intra
907 2768 1035 2844 moeoia,
1073 2767 1106 2828 ui
1125 2787 1198 2829 eru-

135 2870 260 2940 perant,
276 2852 419 2918 eonten'ti
440 2875 477 2918 ea
498 2853 640 2930 victoria,
656 2852 732 2937 quia
752 2873 822 2935 spes
843 2850 931 2914 nulla
952 2852 1024 2916 adm
1070 2871 1125 2915 arn
1139 2871 1200 2913 ex·

136 2939 304 3030 pugnandi
319 2952 398 3020 erat,
410 2939 634 3005 abscesserunt.
678 2936 949 3006 Theamaindeet
961 2935 1137 3001 Calathana
1153 2935 1199 2999 vi·

135 3049 189 3092 cos
204 3038 392 3114 expugnant
407 3025 634 3111 diripiuntque.
678 3023 857 3088 Acharras·
870 3044 929 3107 per
942 3022 1137 3088 deditionem
1149 3043 1199 3085 ra·
1250 3053 1252 3059 ·

136 3124 300 3200 oeperunt.
346 3111 465 3199 Xyniae
484 3111 581 3176 simili
601 3122 688 3176 metu
711 3132 731 3175 a
755 3109 930 3175 cultoribus
953 3109 1087 3175 deserte
1113 3121 1200 3174 sunt.

167 3273 182 3301 ¹
193 3269 338 3328 ds‘ea'ageata'
344 3266 544 3329 itimeagara'aia
554 3259 787 3328 (etmstaaargebat)
795 3265 869 3312 Gran.
878 3263 945 3311 (lter.
973 3259 1201 3308 teramnanae.

136 3338 150 3366 ²
160 3334 319 3395 Palaephatus
331 3331 399 3380 Cret·
463 3332 606 3380 *Acharras
616 3331 690 3380 Gran·
703 3330 771 3376 Cres.

137 3455 195 3500 latis
209 3457 291 3500 antam
302 3464 390 3500 nornen
404 3455 441 3499 eat
456 3450 604 3513 Gaagraphia
618 3451 655 3512 ig·
717 3453 749 3494 50
766 3443 1137 3506 lamentans-caperrata
1147 3439 1201 3503 Ipsa·

137 3523 231 3566 notam·
265 3518 401 3565 Gronovlm
423 3516 533 3564 emendat
549 3530 578 3563 ax
595 3529 653 3563 aaa·
684 3519 775 3560 montes
790 3513 865 3573 Epiri
879 3509 947 3572 sant]
965 3511 1000 3557 Et
1017 3509 1070 3570 ipsa
1086 3508 1200 3554 orationis

135 3585 245 3643 jeetnrar
262 3583 341 3629 um
359 3597 427 3644 quern
449 3583 486 3630 s'ta
507 3586 601 3638 caecat,
618 3587 655 3627 eet
685 3583 805 3625 structura
821 3589 1018 3636 numerorumque
1035 3575 1060 3620 ia
1078 3573 1160 3620 eadem
1176 3586 1201 3618 re

137 3647 319 3712 Stymphalicis
340 3649 406 3694 inter
429 3653 453 3694 et
479 3646 653 3693 Elimiotidem.
686 3645 796 3700 varietas,
812 3647 837 3688 et
851 3655 939 3689 nomen
954 3640 1044 3688 montis
1058 3651 1142 3698 pamm
1159 3651 1202 3684 no-

138 3713 290 3776 Stymphalia
303 3717 328 3759 et
344 3713 464 3760 Elimiotis
484 3717 542 3758 sant
561 3711 655 3768 region·
686 3713 748 3764 tum,
759 3708 870 3754 videntur
881 3719 977 3768 arguere
989 3706 1139 3766 depravatam
1156 3703 1203 3748 hac

138 3780 198 3826 cula
209 3779 235 3824 ia
246 3778 389 3826 Macedonia
398 3789 448 3826 non
462 3777 544 3840 procul
560 3776 655 3824 abAoo
686 3771 740 3822 loeo
761 3772 910 3834 scripturam.
942 3771 1037 3818 Ssdaa
1056 3781 1108 3815 eam
1131 3768 1203 3816 carri-

137 3845 244 3890 flamina.
687 3839 787 3900 geadam
809 3837 965 3885 frustrantes
985 3835 1051 3883 libris
1067 3835 1204 3896 aggredere·

170 3903 552 3970 ⁴91ageata'a'ta'aereagmiair]
585 3905 657 3956 Quod
688 3919 749 3952 mur.

138 3976 184 4022 iter
205 3978 257 4020 erat
282 3975 369 4036 ingena
391 3973 481 4032 agmini
505 3973 656 4019 armatorum.
722 3975 751 4016 51
770 3968 848 4016 Saena
862 3968 889 4013 ἐκ
902 3965 1050 4014 Heracliam
1066 3977 1149 4018 msam
1168 3960 1205 4006 ds·-

139 4040 267 4086 Blanditur
281 4043 364 4086 minen
379 4038 493 4085 Groaorii
513 4036 656 4092 emendatio,
688 4031 806 4097 miteaet]
826 4035 899 4079 Recte
910 4033 1004 4078 videtur
1019 4041 1131 4090 reponam
1142 4026 1206 4070 Gro-

143 4119 211 4164 aum
231 4106 328 4154 armant
350 4105 399 4150 duo
422 4101 522 4150 Hearnii
543 4102 611 4148 codd.
633 4106 657 4147 et
689 4101 788 4147 navias:
823 4099 957 4144 Incliaaaa't
982 4093 1101 4142 mesatis
1128 4091 1206 4134 ettam

32 4197 33 4210 r
142 4169 489 4219 tremescentem-..dte
502 4167 659 4230 (sagaciter
689 4165 717 4210 a'a
731 4163 879 4210 Thessaliam
894 4177 981 4223 agaim
997 4153 1204 4205 demittere-Sici·

33 4225 34 4234 ’
145 4239 254 4300 onae,
266 4237 312 4285 aa
327 4242 407 4282 msa
420 4233 530 4294 agam
546 4235 573 4278 a·
591 4245 658 4278 moa
689 4229 809 4276 xxvur.
821 4243 842 4273 c.
856 4235 895 4275 ss.
908 4219 1204 4274 recreassemus..

144 4309 191 4354 rea.
222 4305 263 4353 Sic
274 4304 351 4366 plane
362 4299 398 4347 illi
408 4294 474 4360 libri,
484 4297 529 4346 uisi
541 4298 604 4360 qaod
616 4297 658 4343 ha·
690 4296 810 4348 calenses
821 4295 863 4341 s're.

34 4404 35 4440 q
140 4365 342 4434 heutetprased.
870 4371 872 4376 ·
