3082 4976
455 179 548 238 tra.
578 181 643 239 xr..
672 179 891 239 canunt.
932 217 940 230 .
1151 157 1203 244 ni

136 359 186 415 ro,
204 339 247 416 Q.
263 339 407 406 reunia
424 337 593 426 Spurinus,
609 343 657 422 M.
677 325 823 428 trust-ius
841 343 954 420 posca,
973 342 1011 406 L.
1029 342 1206 408 Duronius.
1218 351 1285 416 uc.
1298 359 1354 402 ενι.

139 425 215 502 His,
236 427 318 490 inito
340 427 536 510 magistratu,
552 431 733 514 provinciae*
751 431 795 493 ita
817 443 900 494 sorte
923 444 1104 496 evenerunt.
1151 416 1288 529 Li·1¹}·⁰⁰.·
1301 424 1355 493 ¹.⁸¹·

134 533 232 660 gipes
247 514 448 589 consulibus;
473 517 675 600 praetoribus,
694 515 743 591 Q:
756 516 882 580 Petillio
897 511 1029 591 urbana,
1044 516 1087 591 Q.
1106 515 1206 579 Fabio
1235 497 1246 528 ¹
1262 498 1354 530 ”⁰⁰¹²

180 599 291 684 aximo
313 602 490 687 peregrina,
515 601 557 678 Q.
577 602 676 666 Fabio
700 601 836 666 Buteoni
863 601 979 679 Gallia,
997 601 1051 666 Ti.
1070 601 1207 665 Claudio

135 683 261 748 Neroni
286 685 406 766 Sicilia,
430 687 480 752 M.
499 687 629 751 Pinario
658 689 815 765 Sardinia,
839 689 878 752 L.
895 689 1045 752 Duronio
1069 687 1205 770 Apulia3

135 787 169 832 et
193 771 267 834 Istri
289 772 413 858 adjecti,
436 773 523 860 quod
545 773 713 839 Tarentini
729 773 979 860 Brundisinique
999 775 1204 850 nunciabant,

136 856 313 948 maritimos
336 882 429 942 agros
450 859 581 929 infestos
603 861 911 925 transmarinarum*
926 861 1054 924 navium
1078 860 1206 924 latroci-

135 943 199 1004 niis
224 965 298 1008 esse.
326 945 436 1009 eadem
460 945 674 1010 Massilienses
698 947 737 1010 de
755 945 908 1032 Ligurum
936 945 1068 1010 navibus
1091 965 1205 1032 'quere-

136 1029 287 1122 bantur„
311 1031 479 1095 Exercitus
499 1032 573 1096 inde
596 1032 732 1098 decreti:
758 1046 897 1117 quatuor
922 1033 1063 1118 legiones
1090 1053 1204 1096 consu·
1214 1047 1345 1093 Exercitus.

133 1114 229 1192 libus,
248 1117 357 1202 (quina
378 1117 475 1182 millia
497 1117 637 1182 ducenos
655 1120 818 1184 Romanos
840 1118 970 1202 pedites,
988 1130 1132 1182 trecenos
1146 1118 1205 1182 ha·
1242 1189 1246 1196 .

136 1202 250 1266 herent
264 1204 397 1288 equites)
414 1216 446 1268 et
465 1205 648 1290 quindecim
671 1205 770 1268 millia
786 1205 907 1269 socium
925 1226 962 1270 ac
979 1205 1085 1268 Latini
1101 1210 1205 1268 nomi·

135 1287 198 1368 nis,
214 1287 444 1376 63octingentiy
458 1292 589 1377 equites.
636 1291 675 1356 ln
698 1277 865 1376 Hispaniis
887 1304 1094 1376 prorogatum
1120 1303 1204 1355 rete-
1257 1362 1262 1374 ¹

137 1373 228 1438 ribus
250 1375 441 1458 praetoribus
462 1378 630 1462 imperium
647 1391 693 1441 est
708 1400 779 1442 curn
796 1376 997 1456 exercitibus,
1013 1399 1092 1462 quos
1107 1375 1204 1441 habe-

132 1473 217 1524 rent.
240 1461 319 1525 etin
335 1461 590 1548 supplementum
615 1465 741 1531 decreta
756 1464 817 1526 tria
833 1463 929 1527 millia
951 1463 1065 1526 civium
1084 1463 1204 1526 Rorna-

136 1568 264 1624 norum,
281 1546 409 1612 duceuti
426 1550 561 1636 equites:
586 1563 618 1614 et
633 1549 753 1614 sociirm
765 1549 871 1613 Latini
884 1550 1021 1615 nominis
1037 1572 1090 1614 sex
1106 1548 1205 1613 millia

133 1633 290 1718 pediturn,
318 1637 452 1699 trecenti
475 1637 605 1722 equites.
652 1637 719 1700 Nec
750 1637 795 1700 rei
822 1636 943 1700 navalis
973 1655 1050 1698 cura
1076 1638 1203 1702 omissa.

134 1718 320 1784 duumviros
336 1721 368 1784 in
384 1744 453 1784 eam
474 1745 539 1786 rem
564 1722 710 1786 consules
735 1745 841 1786 creare
860 1723 950 1809 jussi,
974 1743 1031 1804 per
1054 1744 1132 1808 quos
1148 1744 1205 1786 na·

133 1827 189 1869 ves
211 1807 323 1894 viginti
349 1807 496 1872 deductae
519 1809 683 1873 navalibus
706 1809 798 1874 sociis
823 1807 944 1872 civibus
963 1808 1125 1885 Romanis,
1149 1808 1205 1894 qui

133 1893 317 1958 servitutem
343 1895 783 1980 servissent„complerentur
791 1919 800 1970 3
831 1893 857 1932 ⁶⁴
866 1896 995 1980 ingenui
1021 1909 1145 1958 tantum
1171 1908 1204 1959 ut

132 1977 175 2041 iis
196 1995 379 2062 praeessent.
426 1982 514 2045 Inter
536 1981 720 2045 duumviros
735 1983 779 2045 ita
794 1981 893 2046 divisa
908 1981 1027 2046 tuenda
1042 1979 1132 2046 denis
1146 2001 1205 2045 rra-¹

133 2065 227 2128 vibus
249 2067 407 2130 maritima
429 2091 495 2142 orn,
512 2081 546 2131 ut
566 2067 856 2152 6⁵promontorium
879 2069 916 2132 iis
932 2068 1102 2144 Minervae,
1119 2068 1206 2132 velut

134 2150 244 2229 cardo,
262 2154 293 2215 in
317 2152 423 2216 medio
443 2166 541 2218 esset:
565 2155 644 2218 alter
659 2155 692 2217 in
708 2154 854 2218 dextram
882 2169 1007 2239 partem
1038 2177 1137 2240 usque
1163 2154 1204 2218 ad

133 2235 325 2315 Massiliam,
342 2239 454 2304 taevam
470 2240 550 2304 alter
564 2263 664 2326 usque
679 2241 720 2306 ad
739 2241 868 2306 Barium
887 2255 1039 2303 tueretur.

179 2323 280 2413 XIX.
306 2325 457 2411 Prodigia
488 2325 590 2393 multa
611 2326 695 2394 foeda
719 2340 750 2388 et
775 2326 890 2388 Rornae
916 2348 955 2390 eo
975 2348 1060 2390 anno
1081 2326 1159 2407 visa,
1173 2340 1203 2391 et
1213 2339 1328 2402 Ptodigia

134 2411 286 2474 nunciata
312 2411 454 2497 peregre.
502 2414 538 2474 ln
565 2435 639 2475 area
654 2412 791 2476 Vulcani
814 2426 846 2474 et
862 2412 1054 2476 Concordiae
1076 2413 1205 2495 sangui-

135 2517 210 2560 nein
227 2497 325 2579 pluit3
347 2513 378 2561 et
401 2499 566 2581 pontifices
582 2497 721 2562 &hastas
747 2511 850 2561 motas
878 2500 1077 2575 nunciavere,
1094 2513 1124 2562 et
1141 2500 1206 2564 La-

133 2583 224 2646 nuvii
240 2583 443 2647 simulacrum
458 2586 478 2650 J
483 2586 595 2648 unonis
611 2584 747 2666 Sospitae
770 2584 958 2652 lacrimasse.
981 2598 1013 2648 et
1027 2585 1207 2668 pestilentia

133 2670 169 2732 in
182 2670 277 2756 agris,
293 2669 440 2756 forisque,
458 2685 488 2736 et
504 2669 733 2746 conciliabulis,
750 2671 829 2734 etin
845 2672 925 2735 urbe
939 2684 1028 2734 tanta
1042 2685 1121 2748 erat,
1136 2671 1162 2714 ⁶⁷
1172 2685 1206 2736 ut

193 2793 194 2800 ’
268 2791 543 2840 ¹trenemaritimarssm
555 2792 630 2839 Gron.
736 2796 750 2834 t
760 2777 1075 2853 tertigeneoeuronJCrev.

168 2911 201 2952 68
222 2905 375 2966 octingentos
391 2907 492 2969 equites]
514 2907 581 2954 Nihil
593 2913 656 2954 esta
687 2907 793 2964 tributae,
817 2907 851 2952 ita
876 2913 900 2953 et
927 2908 1066 2954 dividendus
1089 2908 1206 2954 videretur

135 2985 185 3030 quo
201 2977 296 3031 regetur
308 2986 353 3018 vox
364 2976 522 3032 octingentos,
541 2974 586 3020 nisi
603 2988 654 3018 rer·
688 2972 781 3019 socialis
815 2972 938 3022 exercitus.
982 2972 1027 3018 Sed
1062 2974 1206 3020 contrarium

133 3037 194 3082 bum
214 3037 333 3088 inhaeret.
352 3039 414 3096 quod
431 3043 455 3082 et
474 3041 541 3085 cadet
561 3049 655 3098 quoque
687 3038 814 3093 evincitur,
826 3043 878 3083 tum
895 3051 923 3082 ex
940 3037 991 3098 ipsu
1002 3039 1093 3084 numeri
1105 3039 1206 3090 ratione,

114 3101 116 3106 ’
133 3102 216 3147 isthoc
231 3103 371 3158 membrum,
384 3103 516 3162 qaindecim
529 3105 654 3149 milliasa-
687 3108 739 3150 tum
755 3117 784 3149 ex
801 3117 829 3148 eo
848 3103 910 3162 qnod
927 3115 998 3163 supra
1010 3104 1024 3148 l.
1040 3102 1173 3150 XXXVII.
1186 3118 1209 3151 o.

133 3165 340 3213 eidnrcchetini
350 3171 460 3214 nominis.
495 3171 528 3214 At
537 3171 655 3229 quomodo
690 3175 712 3214 2.
725 3175 750 3214 et
767 3169 784 3215 l.
803 3167 950 3214 XXXVIII.
971 3183 991 3215 c.
1011 3174 1051 3214 35.
1072 3169 1206 3228 quindecim

135 3231 184 3278 dici
206 3239 308 3292 possunt
330 3234 435 3292 legiones
458 3235 543 3280 habere
565 3235 655 3296 pedites
688 3234 762 3280 millia
773 3233 889 3279 sociorum
910 3233 1016 3294 peditum
1032 3233 1133 3294 singulis
1149 3248 1206 3279 con·

134 3297 275 3356 equitesque
292 3297 377 3354 socios,
394 3313 446 3358 quse
463 3313 475 3344 e
492 3300 582 3346 civibus
600 3303 655 3346 tan·
688 3299 947 3355 sulibusassignsntur.

134 3369 189 3408 tum
206 3363 319 3409 Romanis
338 3364 499 3410 constabant?
532 3367 654 3426 Legeom·
721 3368 750 3410 64
769 3365 877 3424 Ingmui
899 3361 1005 3424 tantum]
1035 3363 1137 3424 ingenui
1157 3363 1208 3410 sola

134 3429 195 3474 nino
212 3429 356 3488 octingenti,
369 3435 393 3474 et
407 3429 526 3490 distingue
544 3431 589 3476 boc
603 3445 655 3478 mo·
687 3429 773 3476 ducum
784 3430 868 3475 munia
884 3429 985 3474 obirent.
1019 3429 1057 3474 Iis
1072 3429 1154 3489 ‘potes't
1170 3442 1206 3474 re·

133 3495 180 3541 do:
199 3493 362 3540 Exercitus..
374 3524 380 3536 .
391 3494 479 3540 decreti
486 3511 496 3540 .·
513 3503 614 3555 quatuor
622 3497 654 3541 le·
687 3494 741 3540 ferri
749 3495 785 3539 vel
794 3494 824 3540 ad
836 3507 916 3545 nares,
927 3494 963 3539 sel
974 3494 1003 3540 ad
1016 3496 1110 3541 navales
1121 3495 1207 3542 socios.

131 3559 216 3620 guenet
229 3559 373 3613 concutitur,
395 3559 480 3621 (quina
497 3560 576 3606 millia
587 3562 655 3606 duee·
688 3562 725 3605 De
742 3559 811 3605 sociis
829 3560 952 3605 navalibus
964 3559 1010 3608 vid.
1029 3565 1080 3606 not.
1093 3565 1131 3610 27.
1145 3561 1174 3605 ad
1190 3561 1206 3606 l.

133 3637 178 3669 nos
187 3623 307 3670 &monos
315 3624 416 3684 pedites,
429 3623 656 3672 trecenos'lsobereut
688 3624 758 3671 xxi.
771 3639 792 3670 c.
801 3631 841 3672 49.
1166 3678 1169 3691 ‚

134 3689 236 3750 equites)
251 3695 275 3735 et
286 3682 420 3750 quindecim
436 3691 515 3736 miliia
526 3693 617 3737 eocirim
628 3707 657 3738 nc
721 3692 751 3735 65
760 3688 773 3715 '
780 3689 974 3735 Promorstoriam
983 3721 989 3734 .
999 3721 1005 3735 .
1016 3688 1159 3751 ,Minervoel
1177 3690 1207 3735 In

133 3753 226 3800 Latini
232 3755 347 3812 amnicis,
356 3755 489 3815 octingenti
498 3757 593 3816 equites.
612 3759 656 3803 Ce-
690 3755 827 3814 Campania.

134 3825 215 3867 terum
230 3820 333 3866 dubitari
352 3825 442 3882 potest,
459 3825 539 3866 utrum
559 3821 599 3866 ille
618 3835 655 3867 so·
722 3816 861 3864 66'Hostos
880 3819 969 3881 motus]
997 3819 1046 3864 Suu
1065 3823 1160 3880 sponte,
1179 3819 1209 3865 u't

134 3884 330 3931 cialisexercitus
347 3885 485 3944 partiendus
504 3885 577 3931 fuerit
593 3886 657 3931 inter
689 3898 760 3945 supra
776 3885 901 3942 aliquoties
919 3890 1038 3930 narratum
1051 3891 1096 3940 est,
1109 3886 1123 3928 l.
1135 3883 1206 3929 XXI.

135 3949 256 4006 consules,
268 3964 298 3996 an
315 3953 400 4011 cuique
417 3949 509 3997 consuli
525 3951 656 3996 attributus
689 3965 708 3994 c.
721 3953 761 3995 62.
773 3955 797 3994 et
806 3949 821 3994 l.
832 3948 927 3995 XXIV.
940 3965 960 3994 c.
976 3956 1013 3999 to,
1031 3949 1114 3994 Hastae
1126 3955 1207 3996 autern

135 4016 169 4062 sit
191 4015 210 4060 is
232 4025 345 4064 numerus
368 4017 473 4078 peditum
501 4015 656 4075 equitumque
689 4014 814 4074 dequibus
827 4014 865 4060 hic
877 4015 966 4076 agitur,
977 4014 1088 4059 sidentur
1098 4013 1170 4058 inisse
1181 4015 1206 4060 in

134 4080 264 4135 sociorum,
283 4081 323 4138 qui
345 4082 383 4128 hic
402 4081 548 4142 exprimitur.
586 4080 652 4130 Quo·
687 4079 874 4132 adeVulcani„
965 4106 968 4112 ·
1050 4131 1051 4136 q
1208 4111 1211 4116 .

133 4145 206 4193 modo
235 4150 325 4192 structa
346 4153 383 4192 est
411 4147 498 4204 oratio,
522 4146 655 4204 videremur
719 4149 749 4194 67
771 4143 803 4188 Ut
814 4143 927 4190 Libitina
944 4149 1001 4188 tunc
1018 4143 1061 4188 virt
1079 4139 1208 4204 sufficeret]

30 4259 37 4264 ,
133 4209 236 4272 priorem
257 4213 400 4258 ”nuntiem
417 4213 483 4273 sequi
495 4211 586 4258 debere.
622 4211 654 4258 Ut
686 4211 799 4257 Libitina
810 4213 846 4255 est
855 4210 907 4264 des,
920 4207 1075 4265 quaeJ'uribus
1088 4207 1207 4270 Manium,

132 4276 199 4322 euim
215 4281 318 4334 quatuor
337 4276 441 4338 legiones
461 4277 601 4323 dividuntur
619 4277 655 4322 in.
688 4277 738 4322 sive
751 4271 865 4334 religiosis
881 4270 929 4317 illis
946 4273 1028 4318 officiis
1044 4271 1130 4332 quibus
1146 4287 1208 4318 rnor-

133 4347 170 4388 ter
180 4341 299 4399 eonsules,
315 4341 377 4390 binas
388 4343 474 4404 cuique
484 4357 528 4404 pro
543 4347 655 4390 morest-
688 4341 725 4387 tui
737 4341 858 4392 coluntur,
868 4343 959 4398 preest.
993 4337 1042 4386 liic
1054 4337 1157 4384 sumitur
1168 4352 1211 4400 pro

740 4401 839 4466 uhi
