3042 4954
347 241 386 298 sa
509 313 514 320 ,
726 232 837 299 rtet
865 236 1000 299 mvn

189 420 219 467 u.
229 420 256 466 c
267 419 321 471 sta
335 491 338 498 ι
342 415 569 490 praeturamque
569 403 724 490 fastidiri
732 379 744 466 s
762 393 885 487 uesper
898 403 1042 468 tonorum
1052 381 1181 487 grauas,
1197 403 1402 468 documentum

187 487 217 534 Δ
227 487 255 534 ⁶·
265 489 323 534 ²⁹⁹*
347 495 396 558 ssi
416 494 532 568 dantes,
545 489 658 554 nobiles
671 491 804 554 honines
824 491 946 554 tendere
959 491 1003 553 od
1022 490 1217 566 consalutant,
1232 491 1285 553 sed
1298 499 1403 553 trane·

266 601 273 614 ῳ
347 579 499 646 amando
509 578 618 653 medio,
629 597 741 641 summa
756 577 826 640 imis
837 577 1027 640 continuare.
1072 573 1136 641 Res
1149 573 1403 660 ''excampestri

347 663 518 729 certamine
532 663 565 725 in
587 674 729 726 senatum
743 663 843 726 venit.
885 661 995 726 Patres
1015 673 1212 738 censuerunt,
1233 663 1297 736 Qui
1309 661 1403 725 hono·
1501 695 1502 702 .

347 771 419 826 rem,
434 748 550 833 ”wem
562 747 624 813 sibi
637 769 746 832 capere
752 769 814 832 per
831 750 911 832 leges
923 749 1037 824 liceret,
1046 757 1177 830 peteret,
1193 750 1228 811 iu
1241 767 1276 812 eo
1287 747 1415 830 populo

347 835 485 912 creandi,
500 857 585 919 pem
605 835 688 912 velit,
698 843 878 917 potestatem
886 835 969 918 fiere¹
988 853 1104 918 aeqtcum
1125 854 1195 898 esse.
1240 832 1279 897 In
1294 844 1404 897 aucto-

348 922 442 986 ritate
465 922 594 986 Petrum
618 917 706 984 fuere
731 919 861 984 tribuni.
906 919 1012 984 Creati
1035 917 1177 983 consules
1204 919 1280 984 Sex.
1296 916 1405 982 AElius

350 1006 458 1071 Paetus
472 1019 504 1072 et
519 1005 560 1070 T.
577 1004 747 1082 Quinctius
764 1005 967 1092 Flamininus.
1011 1003 1091 1069 Inde
1107 1003 1285 1070 Praetorum
1304 1003 1406 1068 comi·
1501 1019 1502 1032 ¹

348 1093 393 1158 tia
414 1091 532 1158 habita.
554 1093 651 1157 creati
670 1091 710 1157 L.
726 1091 890 1156 Cornelias
913 1089 1051 1169 Merula,
1068 1089 1117 1156 Μ.
1134 1090 1287 1156 Claudius
1309 1088 1405 1154 Mar·
1501 1083 1502 1118 ³

348 1178 455 1254 celius,
472 1177 671 1243 M.'Porcius
693 1177 785 1254 Cato,
802 1175 840 1242 C.
857 1176 1002 1254 Helvius,
1019 1176 1074 1262 qui
1095 1175 1201 1242 oediles
1221 1175 1321 1263 plebis
1335 1175 1407 1241 Iue-
1501 1199 1502 1208 ¹

349 1280 431 1329 rant.
453 1264 495 1329 ab
517 1264 556 1330 iis
581 1263 646 1329 ludi
671 1263 785 1348 plebeii
808 1262 989 1328 instaurati:
1013 1274 1045 1327 et
1073 1263 1201 1349 epulum
1225 1263 1314 1328 Iovis
1342 1263 1408 1327 fuit
1501 1267 1502 1274 ’

348 1350 497 1416 ludorum
512 1373 629 1416 caussa.
674 1349 718 1414 Et
732 1349 774 1414 ab
787 1349 931 1414 aedssIbus
945 1347 1106 1414 curulibus
1121 1349 1157 1412 C.
1170 1347 1299 1414 Valerio
1311 1347 1407 1413 Flac-

267 1431 270 1438 ’
349 1437 528 1524 coilamine
542 1436 632 1502 Diali
645 1448 677 1500 et
690 1436 729 1502 C.
743 1434 893 1500 Cornelio
905 1434 1048 1535 Cethego
1058 1433 1124 1500 ludi
1137 1435 1275 1500 Romani
1286 1442 1421 1522 magno
1501 1437 1502 1504 ἶ

348 1524 501 1609 adparatu
525 1521 612 1588 facti.
656 1521 761 1588 ”Seu
776 1533 808 1586 et
823 1520 861 1586 C.
885 1521 1017 1608 Sulpicii
1040 1521 1155 1586 Galbae
1181 1521 1345 1606 pontifices
1364 1543 1408 1585 eo
1501 1515 1502 1554 i

348 1631 434 1676 enno
447 1610 564 1674 mortui
579 1621 662 1674 sunt.
685 1608 718 1673 in
734 1629 843 1672 eorum
859 1607 963 1673 locum
979 1606 1030 1672 M.
1047 1606 1196 1672 AEmilius
1210 1607 1353 1692 Lepidus
1371 1619 1410 1674 et

349 1695 411 1761 Cn.
428 1695 595 1761 Cornelius
611 1695 720 1780 Scipio
733 1693 896 1778 pontifices
911 1693 1039 1759 subiecti
1054 1706 1137 1761 sunt.
1501 1691 1502 1762 7

187 1809 218 1856 u,
228 1809 256 1855 c,
268 1812 323 1856 554,
371 1807 373 1810 ·
391 1782 488 1846 VIII.
513 1783 587 1848 Sex.
598 1779 704 1845 AElius
714 1779 831 1857 Paetus,
845 1779 886 1845 T.
901 1778 1070 1856 Quinctius
1082 1779 1278 1845 Flamininus
1289 1799 1408 1844 consu-

163 1875 255 1921 ‘Ass
271 1879 324 1950 1⁵3⁸·
348 1867 403 1946 les,
426 1869 611 1954 magistratu
629 1865 720 1942 inito,
743 1876 886 1930 senatum
910 1867 943 1930 in
968 1866 1128 1950 Capitolio
1152 1887 1251 1952 quum
1275 1865 1408 1931 habuis-

185 1939 866 2122 i‘sllleistetensium
1312 1962 1410 2104 us
1501 2037 1502 2076 ρ

137 2085 140 2092 ’
208 2081 255 2116 081.
1021 2082 1031 2115 9
1272 2085 1281 2104 ο

88 2177 91 2186 ,
186 2132 322 2180 Provincia.
346 2147 448 2191 emron
469 2125 658 2190 Macedonia
682 2126 889 2202 evenientia
913 2125 1146 2208 supplementum
1167 2127 1317 2209 legionum
1336 2126 1407 2188 triu
1501 2125 1502 2162 l

345 2212 446 2276 millio
460 2213 589 2276 militum
604 2211 811 2275 Romamrum
824 2209 976 2286 scriberet,
988 2220 1020 2274 et
1031 2220 1178 2275 trecentos
1188 2211 1309 2297 equites.
1331 2212 1408 2274 item
1501 2211 1502 2250 l

344 2299 492 2363 sociorum
507 2297 622 2362 latini
641 2297 772 2361 nonnitus
792 2298 1043 2382 quinquemillia
1057 2299 1208 2380 peditum,
1224 2295 1409 2382 quingentos

344 2385 469 2468 equites.
512 2381 613 2447 Alteri
626 2380 749 2447 consuli
762 2403 862 2448 novus
876 2380 980 2447 omnis
994 2382 1150 2447 exercitus
1164 2382 1317 2447 decretus.
1361 2380 1405 2448 L.
1501 2391 1502 2424 ³

345 2470 485 2535 Lentulo
508 2469 621 2552 prioris
645 2468 722 2531 anni
750 2466 870 2533 consuli
899 2479 1104 2555 prorogatum
1134 2468 1303 2552 imperium
1331 2479 1402 2548 estq
1473 2529 1479 2542 ,

344 2556 521 2640 vetitusque
543 2569 598 2618 aut
623 2554 690 2639 ipse
708 2554 871 2639 provincia
893 2553 1042 2618 decedere
1065 2553 1241 2638 prius,‚aut
1262 2565 1404 2618 veterem

345 2641 520 2706 exercitum
536 2638 703 2721 deducere,
739 2661 811 2704 uam
826 2661 900 2703 cum
923 2637 1100 2726 legionibus
1121 2639 1210 2703 novis
1224 2639 1334 2704 consul
1348 2661 1405 2704 ve-

343 2729 450 2792 nisset.
496 2727 606 2792 sortiti
621 2662 771 2791 'consuies
791 2723 977 2810 provincias.
1021 2723 1112 2790 AElio
1129 2725 1232 2803 Italia,
1249 2725 1406 2802 Quinctio

344 2813 536 2889 Macedonia
546 2812 659 2877 evenit.
691 2811 859 2889 Praetores,
871 2811 911 2875 L.
921 2810 1087 2876 Cornelius
1098 2811 1226 2876 Merula
1235 2811 1404 2890 urbanam,

346 2898 398 2965 M.
422 2898 574 2964 Claudius
596 2897 747 2975 Siciliam,
771 2896 820 2962 M.
837 2897 966 2962 Porcius
988 2894 1176 2976 Sardiniam,
1201 2897 1240 2962 C.
1264 2897 1404 2963 Helvius

346 2985 486 3052 Galliam
516 2997 561 3050 est
590 2985 729 3048 sortitus.
772 2983 923 3048 Deiectus
951 2983 1026 3046 inde
1053 2981 1163 3047 haberi
1192 2997 1240 3048 est
1267 2997 1406 3070 coeptus.

343 3093 430 3148 nam,
451 3083 568 3157 praeter
588 3069 770 3133 consulares
794 3068 960 3146 exercitus,
974 3067 1161 3153 ”praetores
1181 3092 1308 3156 quoque
1320 3072 1404 3156 jussi

344 3157 482 3224 scribere
504 3155 617 3220 milites
636 3165 736 3218 erant.
781 3152 937 3219 Marcello
958 3155 990 3218 in
1014 3153 1154 3220 Siciliam
1173 3168 1309 3242 quatuor
1329 3156 1403 3220 mil-

343 3244 386 3307 lia
409 3243 550 3329 peditum
574 3240 696 3303 socium
722 3238 831 3305 Latini
858 3241 1004 3317 nominis,
1028 3255 1060 3306 et
1085 3254 1239 3306 trecentos
1263 3245 1403 3327 equites3

346 3329 462 3396 Catoni
477 3329 508 3392 in
533 3325 711 3392 SardIniam
731 3347 773 3390 ex
796 3324 906 3391 εοάεω
926 3348 1041 3415 genere
1061 3327 1195 3393 militum
1217 3327 1278 3393 tria
1302 3328 1404 3394 millia

345 3501 361 3547 l.
382 3498 478 3546 XXIX.
498 3513 519 3546 e.
538 3495 687 3560 ll.)omitta
705 3501 808 3560 prelum
828 3499 858 3546 ad
922 3506 953 3550 29
970 3500 1020 3548 Ser·
1030 3508 1053 3548 et
1063 3501 1203 3562 0.Sutptett
1211 3497 1303 3560 Gallae]
1319 3498 1400 3547 Olime

253 3621 254 3626 ¹
346 3564 496 3611 consulatum
507 3564 649 3611 mandent.
858 3621 864 3633 ,
889 3563 1261 3628 cornuumaueniens.
1294 3565 1403 3612 Mutavit

378 3626 483 3676 27'Ea
506 3629 632 3690 campestri
650 3623 790 3692 aestuantes]
820 3629 857 3676 Ex
888 3629 1007 3687 Sigonius.
1039 3632 1133 3679 Servius
1151 3631 1260 3692 pontifex
1277 3631 1403 3678 inlocum

345 3705 428 3752 eampo
445 3693 544 3751 Martio,
555 3694 597 3740 nbi
611 3693 687 3754 primo
703 3693 794 3755 agitata
807 3709 872 3741 oer··
888 3695 956 3742 Fabii
967 3697 1066 3743 Maximi
1079 3695 1191 3744 suffectus
1205 3700 1350 3744 memoratur
1362 3710 1403 3743 su-

345 3762 426 3804 tamen
443 3758 593 3805 excitaverat.
626 3759 656 3804 In
673 3773 755 3820 campo
773 3773 856 3821 nempe
888 3761 1058 3821 mlxxx.
1074 3765 1146 3808 aeti.
1180 3761 1263 3818 Caius,
1278 3763 1304 3808 in
1321 3761 1403 3809 locum

346 3822 439 3868 Martio
447 3822 543 3868 comitia
550 3824 683 3871 centesima
690 3824 845 3873 habebantur.
888 3826 974 3873 Manlii
984 3827 1108 3886 Torquati,
1119 3826 1199 3874 eodem
1214 3827 1285 3884 libro,
1295 3841 1317 3874 c.
1327 3833 1370 3878 89.

376 3892 408 3932 28
427 3887 559 3943 coenatu
575 3903 656 3949 capere
669 3904 713 3950 per
726 3890 857 3950 Iegeeliee-
920 3895 953 3937 80
969 3891 1089 3939 Praetores
1111 3906 1200 3954 quoquc
1211 3892 1280 3954 jussi
1301 3891 1403 3939 eerilm

344 3947 394 4014 ret]
409 3951 524 4000 Nondum
542 3950 592 3999 ulla
603 3953 639 4000 lex
649 3955 753 4013 vetabat,
765 3955 857 4003 omissis
888 3956 978 4003 milites
986 3963 1070 4003 meat:
1087 3955 1216 4019 Marcello]
1232 3958 1405 4006 Pactuleium·

343 4014 495 4064 interioribus
509 4017 626 4066 honorum
642 4020 803 4082 gradibumd
818 4035 857 4067 su·
888 4021 962 4068 tionis
990 4022 1055 4068 ulum
1077 4020 1216 4081 Marcellus,
1238 4027 1266 4069 ut
1293 4028 1318 4069 ct
1336 4021 1406 4070 intra

346 4082 447 4142 periotes
457 4097 507 4129 tete
518 4083 644 4140 eminuere.
677 4085 742 4148 Sylla
756 4085 858 4134 dictator
890 4086 960 4145 Cato,
975 4099 1025 4133 non
1041 4088 1135 4134 Gutum.
1152 4089 1315 4136 Gnouovtve.
1346 4089 1402 4136 Nisi

343 4147 419 4209 legem
441 4148 507 4205 tulit,
529 4161 560 4194 ue
581 4149 634 4209 quie
654 4155 781 4211 pensuram
801 4156 857 4198 aute
889 4152 969 4212 potius
988 4153 1112 4213 legendum
1133 4158 1171 4201 eat
1187 4153 1345 4214 posumus:
1373 4158 1403 4200 ut

344 4216 485 4272 quaesturam
504 4217 604 4274 peteret,
626 4227 685 4262 neve
706 4215 855 4263 comulatam
887 4229 970 4263 unaue
981 4216 1022 4273 eit,
1032 4219 1141 4264 consules
1148 4218 1228 4278 jussos
1238 4233 1289 4266 ctae
1299 4216 1402 4266 seribm

343 4283 399 4324 ante
415 4283 548 4338 pratariam.
580 4279 658 4326 Testis
675 4285 712 4326 eat
721 4279 855 4342 Appianas,
888 4282 1088 4341 quoqnemilitee,
1100 4283 1140 4344 qui
1156 4289 1272 4331 mererent
1283 4281 1329 4330 snb
1339 4298 1401 4344 pro·

342 4343 359 4391 l.
378 4343 398 4388 1.
420 4343 541 4391 Bellorum
562 4345 633 4392 civil.
665 4345 720 4392 Vid.
737 4345 855 4407 supplem.
887 4346 987 4393 toribus.
1019 4349 1100 4410 Atque
1109 4349 1133 4396 id
1149 4362 1194 4398 noe
1209 4349 1308 4398 omnino
1319 4363 1401 4398 verum

342 4408 489 4458 Freinshem.
503 4408 736 4458 t.1.xxx1x.e.s.
889 4416 1006 4471 putamus.
