3136 4982
359 176 418 243 ³76
626 235 631 244 ,
758 177 868 238 TlTl
900 175 1036 240 LIVII

200 354 229 400 u.
243 355 335 419 C··⁵.⁶:¹·
361 340 452 404 tirac
470 339 672 412 strenaiviri.
717 339 768 406 Eo
787 341 841 406 die
859 341 900 408 iad
919 341 1069 408 Hebrum
1092 345 1207 408 flumen
1231 343 1416 428 perventum

199 417 336 466 ΜΝ·
361 438 417 490 est.
447 427 519 490 inde
544 426 714 498 AEniorum
745 427 822 492 lines
845 441 962 510 praeter
986 428 1151 514 Apollinis,
1177 427 1417 515 “Zerynthium

361 533 456 597 quem
485 525 597 578 vocant
625 512 748 590 incolae,
775 513 929 598 templum
953 529 1111 599 superant.
1157 514 1240 580 Aliae
1264 513 1418 602 angustiae

361 597 445 676 circa
460 597 622 684 Tempyra
641 599 813 682 excipiunt,
831 599 906 684 (hoc
926 599 998 665 loco
1019 623 1133 664 nomen
1155 603 1215 681 est)
1234 621 1294 665 nec
1315 599 1419 664 minus

361 682 597 772 ”confragosa
616 706 710 771 quam
734 686 868 770 priores:
891 686 957 763 sed,
977 687 1052 773 quia
1073 687 1151 752 nihil
1174 686 1314 752 silvestre
1334 685 1420 750 circa

362 783 423 848 est,
438 791 478 834 ne
491 769 626 839 latebras
640 767 766 856 quidem
776 771 822 836 ad
844 771 1055 838 insidiandum
1077 773 1231 858 praebent.
1278 772 1357 836 Huc
1378 771 1420 835 ad

361 855 505 928 eumdem
520 877 607 940 spem
622 857 741 941 praeda
757 855 897 922 Thrausi
912 863 1002 944 (gens
1016 871 1048 922 et
1068 859 1136 944 ipsa
1151 857 1327 939 Thracum)
1343 879 1420 922 con·

363 957 493 1008 venerer
516 943 582 1018 sed,
598 943 673 1028 quia
687 942 782 1007 nudae
797 943 900 1021 valles,
916 944 1026 1028 procul
1043 959 1077 1009 ut
1091 945 1349 1028 conspicerentur
1363 965 1421 1008 an-

386 1028 481 1092 ustias
505 1028 693 1105 obsidentes,
715 1028 900 1106 efficiebant,
925 1031 1028 1094 minus
1052 1030 1180 1094 terroris
1206 1031 1423 1117 tumultusque

362 1049 424 1178 luit
442 1114 527 1200 apud
544 1115 715 1180 Romanos.
738 1115 855 1200 quippe
873 1117 929 1180 etsi
952 1115 1061 1206 iniquo
1082 1115 1163 1194 loco,
1179 1117 1292 1201 proelio
1314 1131 1421 1181 tamen

360 1201 458 1286 justo,
479 1200 546 1266 acie
567 1214 685 1286 aperta,
706 1201 836 1265 conlatis
857 1202 953 1288 signis
974 1202 1188 1267 dimicandum
1210 1214 1287 1268 erat.
1333 1203 1421 1267 Con-

365 1285 436 1351 ferti
451 1288 621 1352 subeuntes
635 1307 708 1352 cum
723 1285 871 1365 clamore,
887 1290 995 1372 inpetu
1009 1288 1102 1364 facto,
1118 1289 1256 1372 primum
1270 1288 1422 1372 expulere

252 1403 255 1406 ·
364 1375 436 1438 loco
467 1372 587 1450 hostes3
617 1370 732 1438 deinde
760 1389 906 1439 avertere.
936 1373 1011 1461 fuga
1046 1374 1120 1438 inde
1151 1374 1325 1460 caedesqnc,
1357 1375 1426 1438 suis·

356 1459 449 1542 ipsos
462 1459 695 1545 inpedientibus
716 1459 879 1545 angustiis,
896 1461 962 1524 fieri
983 1472 1090 1544 coepta
1103 1475 1160 1525 est.
1204 1460 1343 1524 Romani
1358 1461 1424 1524 vic·

365 1558 449 1610 tores
473 1547 514 1610 ad
540 1547 652 1614 vicum¹
666 1544 900 1610 Maronitarum
918 1547 1032 1632 (Saren
1053 1546 1227 1631 adpellant)
1247 1558 1424 1630 posuerunt

365 1647 477 1702 castra.
498 1646 626 1716 postero
645 1631 697 1697 die
720 1631 839 1717 patenti
856 1631 967 1696 itincre
983 1631 1134 1697 Priaticus
1152 1654 1282 1717 campus
1297 1655 1351 1696 eos
1365 1653 1422 1696 ex·

364 1721 469 1802 cepit,
493 1717 696 1804 triduumque
717 1719 772 1794 ibi,
794 1716 985 1784 frumentum
1010 1717 1205 1804 accipientes,
1228 1729 1422 1795 manserunt,

365 1805 480 1888 partim
503 1826 544 1868 ex
569 1805 653 1891 agris
676 1803 921 1880 Maronitarum,
941 1803 1172 1869 conferentibus
1197 1805 1283 1887 ipsis,
1305 1803 1423 1888 partim

294 1934 298 1942 -
365 1913 406 1954 ex
420 1890 552 1970 naribus
566 1891 639 1966 suis,
655 1911 728 1989 quae
749 1911 821 1956 cum
843 1890 945 1954 omnis
966 1890 1090 2039 poneris
1112 1903 1289 1956 commeatu
1311 1911 1424 1976 seque»

365 1975 492 2040 bantur.
538 1975 592 2040 Ab
605 1977 723 2040 statrvis
736 1974 799 2038 diei
814 1975 864 2040 via
878 1975 966 2060 Apol
978 1976 1082 2040 oniam
1105 1975 1173 2042 fuit.
1196 1976 1270 2040 hinc
1283 1997 1341 2060 per
1355 1975 1424 2040 Ab·

365 2061 536 2126 desiturum
567 2083 678 2148 agrum
710 2060 886 2145 Neapolim,
908 2075 1092 2144 perventum
1119 2075 1176 2126 est.
1222 2061 1298 2126 Hoc
1326 2084 1424 2127 omne

366 2167 423 2231 per
446 2148 632 2212 Graecorum
655 2147 796 2212 colonias
821 2153 976 2232 pacatum*¹
995 2147 1143 2214 iter-fuit.
1169 2149 1323 2234 reliquum
1346 2142 1423 2212 inde

365 2255 423 2318 per
437 2233 556 2298 medios
572 2231 724 2310 Thracas,
740 2232 806 2298 dies
827 2246 934 2298 noctes
957 2257 1006 2312 ue,
1021 2234 1079 2298 etsi
1100 2257 1165 2298 non
1181 2234 1338 2314 infestum,
1354 2257 1423 2298 sus·

364 2333 495 2403 pectum'
518 2335 634 2400 tumen,
657 2319 757 2384 donec
782 2319 814 2383 in
844 2319 939 2384 Mac'
960 2322 1064 2384 oniam
1091 2335 1309 2406 pervenerunt.
1354 2319 1424 2384 Mi·

363 2405 460 2472 tiores
475 2405 627 2472 Thracas·
638 2405 721 2472 idem
743 2406 908 2482 exercitus,
925 2427 1022 2491 quum
1043 2429 1063 2470 a
1079 2407 1230 2492 Scipione
1245 2405 1355 2472 eadem
1369 2407 1423 2471 via

364 2491 542 2570 duceretur,
558 2491 721 2568 habuerat,
737 2491 856 2558 nullam
876 2491 919 2556 ob
940 2491 1033 2558 aliam
1055 2515 1317 2579 caussam,·quam
1334 2495 1420 2580 qnod

363 2578 483 2662 praedae
513 2579 627 2654 minus,
653 2578 738 2664 quod
767 2590 934 2664 peteretur,
963 2577 1073 2644 iuerat„
1118 2580 1320 2664 Quamquam
1350 2593 1422 2644 tum

363 2686 491 2750 quoque
507 2663 659 2729 Claudius
678 2663 788 2730 auctor
807 2679 864 2742 est,
879 2665 922 2732 ud
935 2665 1113 2750 quindecim
1136 2666 1233 2730 millia
1247 2665 1421 2746 Thracum,

363 2750 557 2834 praecedenti
571 2749 611 2815 ad
633 2749 824 2836 exploranda
842 2751 912 2816 loc'a
929 2773 1043 2838 agmen
1059 2751 1182 2817 Matini
1197 2751 1347 2817 Numidae
1361 2751 1421 2816 ob-

362 2838 506 2910 currisse.
528 2836 774 2938 quadringentos
792 2837 910 2924 equites
931 2837 1025 2902 fnisse
1042 2838 1207 2914 Numidas,
1223 2861 1342 2923 {raucos
1357 2837 1420 2902 ele·
1520 2875 1525 2890 ·

362 2921 508 3007 phantos.
553 2922 689 2989 Morinis
712 2923 813 2988 filium
840 2945 897 3008 per
922 2925 1042 2988 medios
1067 2924 1171 2988 hostes
1192 2946 1265 2988 cum
1290 2938 1419 3008 centum

362 3010 593 3096 quinquaginta
617 3008 745 3074 delectis
769 3009 925 3095 equitibus
951 3011 1136 3096 perrupisse.
1157 3012 1302 3075 eumdem
1330 3032 1420 3088 mox,

362 3117 460 3180 quum
486 3097 552 3181 jam
586 3093 738 3172 Mutines,
768 3095 800 3160 in
834 3095 937 3160 medio
966 3095 1141 3180 elephantis
1173 3095 1355 3174 conlocatis,
1385 3097 1420 3160 in

362 3203 483 3247 cornua
502 3180 659 3267 equitibus
678 3181 845 3266 dispositis,
861 3203 990 3247 manum
1004 3205 1077 3246 cum
1098 3181 1188 3247 hoste
1202 3183 1419 3258 conseruisset,

360 3280 514 3347 terrorem
537 3269 577 3330 ab
599 3280 689 3353 tergo
710 3267 891 3350 praebuisse.
914 3282 1008 3353 atque
1028 3268 1102 3333 inda
1125 3271 1266 3334 turbatos
1281 3269 1420 3356 equestri

362 3353 446 3418 velut
461 3352 600 3438 procella
614 3352 719 3418 hostes
734 3353 773 3416 ad
796 3354 936 3438 peditum
953 3375 1066 3442 agmen
1079 3377 1145 3420 non
1160 3356 1332 3419 accessisse.
1356 3355 1419 3420 Cn.
1551 3355 1552 3420 l

362 3438 506 3504 Ma'nlius
534 3462 592 3524 per
621 3439 841 3504 Macedoniam
868 3441 901 3506 in
927 3439 1122 3505 Thessaliam
1151 3441 1323 3505 exercitum
1353 3454 1419 3505 tra-

361 3525 465 3592 duxit.
486 3526 560 3590 inde
574 3547 631 3608 per
646 3525 779 3609 Epirum
795 3525 994 3608 Apolloniam
1008 3531 1104 3611 quum
1120 3529 1320 3612 pervenisset,
1336 3549 1419 3590 non·

361 3610 437 3682 dum
468 3611 547 3676 adeo
572 3611 706 3676 hiberno
734 3624 895 3676 contemto
923 3613 1012 3690 mari,
1041 3628 1076 3677 ut
1105 3615 1247 3698 trajicere
1274 3614 1418 3692 auderet,

362 3696 544 3782 Apollonia
559 3696 748 3766 hibernavit.
1087 3701 1089 3710 ’
1315 3725 1318 3730 ’

405 3781 516 3850 XLII.
540 3782 641 3850 Exitu
662 3805 762 3870 prope
776 3784 851 3850 anni
865 3785 915 3852 M.
926 3784 1074 3868 'Valerius
1096 3787 1206 3850 consui
1229 3808 1270 3852 ex
1287 3785 1419 3873 Liguri·

359 4097 518 4159 Zerynthium
536 4097 681 4157 reposuimus
699 4114 727 4144 ax
743 4099 810 4144 MSS.
823 4099 869 4145 Ge·
903 4102 959 4160 pleri
972 4105 1060 4158 potest,
1072 4105 1097 4144 et
1111 4097 1276 4151 videtur-huc,
1288 4096 1366 4141 invito
1377 4095 1419 4140 nt·

358 4163 414 4208 lenii
434 4176 476 4221 pro
492 4163 648 4223 Zeryntham,
664 4165 726 4221 quod
744 4167 870 4223 proterunt
903 4168 952 4220 rio,
963 4167 1002 4223 qui
1014 4165 1112 4224 libenter
1123 4177 1198 4224 genus
1209 4164 1254 4209 hoc
1265 4159 1419 4222 provocabutt

289 4283 291 4290 s
357 4223 648 4274 Gronorianaeedittnnes.
681 4228 869 4290 ZerynthlnrA·
902 4231 1036 4288 supprimit,
1049 4227 1175 4290 irrepsisse.

357 4293 422 4350 pollo
440 4293 561 4337 ditehstm
580 4307 594 4338 a
611 4289 733 4351 Zacyntho
752 4299 831 4346 alitro,
845 4300 868 4339 et
934 4287 1158 4356 tetemsragosts]
1182 4287 1279 4352 'Aspare
1302 4303 1331 4336 ac
1357 4288 1420 4334 sifi·

383 4009 419 4078 'st
437 4029 593 4093 Zerynthium
605 4045 673 4092 quem
683 4042 767 4079 uncant
779 4027 871 4098 inculca]
903 4013 997 4081 videtur
1008 4033 1064 4081 hinc
1075 4033 1212 4090 ableganda,
1221 4047 1273 4092 que
1284 4031 1352 4076 facile
1361 4043 1420 4090 sup·

1551 4149 1552 4200 l

357 4357 414 4402 urbe
430 4356 577 4418 cognomino.
612 4358 721 4404 Ceterum
741 4373 784 4406 ror
802 4373 869 4422 quem
902 4360 956 4405 cites
967 4361 1000 4407 ob
1010 4357 1135 4422 inaequalia
1146 4358 1243 4406 vallium
1254 4357 1406 4416 causaque
1551 4409 1552 4422 ,
