3104 4976
426 192 475 257 L'1
488 198 520 256 B.
548 195 692 256 XXXIV.
719 197 772 256 CA
782 197 825 256 P:
841 195 922 255 LIV.
1066 239 1071 246 -
1152 202 1212 266 lid

151 379 270 444 agitem
287 361 513 426 deducerentur.
560 361 624 428 His
639 360 830 426 deducendis
849 359 1004 426 triumviri
1020 361 1251 446 creationi-u,
1261 377 1360 426 cess.

152 445 212 510 bus
234 446 469 512 insufflatum
492 448 661 533 imperium
684 461 774 524 esset,
791 449 823 512 in
844 445 987 512 Bruttios
1009 446 1052 523 Q.
1069 445 1355 529 Novisse-⁰³⁹⁴·

153 531 205 610 M.
222 531 387 598 Minucius
415 533 527 611 Rufus,
553 535 601 600 M.
619 534 734 599 Furius
757 534 935 619 Crassipes:
968 533 1003 597 in
1028 532 1211 600 Thurinum

152 638 264 705 Qum
280 619 376 683 ⁸⁶·Cn.
393 619 546 698 Manlius,
563 621 619 698 Q.¹
633 620 748 700 AElius,
764 621 804 686 L.
821 620 982 706 Apustius.
1004 620 1137 686 sabino
1157 643 1211 686 co-

130 705 240 768 'mitia
267 705 330 772 Cn.
352 706 516 779 Domitius
542 719 658 790 praetor
684 708 824 772 urbanus
846 707 880 771 in
902 705 1063 790 Capitolio
1088 705 1211 774 hebuit.
1245 725 1258 740 ·

154 789 254 857 AEdes
268 813 308 855 eo
322 813 406 856 anuo
421 792 543 878 aliquot
556 793 710 859 dedicatae
729 805 821 858 suut:
844 813 909 857 una
922 791 1087 858 ⁸⁷Junonis
1104 793 1211 879 Sospi-
1220 816 1290 864 nus·
1299 818 1362 866 uent-

151 889 194 940 tae
218 879 252 940 in
277 876 349 942 foro
362 877 512 956 olitorio,
527 881 600 944 vo‘ta
622 878 787 966 locataque
807 879 1017 966 quadriennio
1039 892 1114 944 anta
1137 881 1286 948 ,Casta

148 962 456 1030 Uornelioconsulc
477 965 601 1030 Gallico
615 965 715 1042 bello;
738 987 849 1030 censor
870 966 953 1031 idern
969 963 1142 1032 dedicarit:
1165 967 1211 1030 al-

148 1061 219 1114 tera
236 1049 349 1114 Fauni.
371 1051 478 1116 aediles
491 1073 562 1117 eam
584 1050 711 1118 biennio
730 1063 803 1116 ante
824 1072 867 1116 ex
888 1050 1064 1115 multaticio
1079 1065 1213 1140 argento

149 1133 328 1200 faciendam
353 1136 505 1216 locarant,
529 1138 568 1202 C.
593 1137 789 1216 Scribonius,
810 1150 842 1202 et
866 1137 927 1204 Cn.
954 1137 1135 1215 Domitius;
1157 1141 1213 1226 qui

153 1235 273 1306 praetor
286 1223 426 1289 urbanus
447 1244 517 1288 eam
539 1223 706 1288 dedicavit.
730 1238 760 1288 et
774 1226 875 1288 sedem
889 1223 915 1264 ⁸⁸
927 1224 1078 1290 Fortuna
1095 1224 1211 1290 Primi-

148 1309 255 1394 geniae
269 1308 302 1373 in
318 1309 399 1374 colle
414 1309 573 1386 Quirinali
587 1310 745 1376 dedicavit
758 1310 802 1387 Q.
818 1307 962 1376 Marcius
980 1310 1083 1390 Ralla,
1096 1311 1212 1388 ,duum-

152 1393 201 1458 vir
214 1395 256 1459 ad
270 1395 304 1460 id
318 1395 421 1480 ipsum
436 1410 569 1461 creatus.
592 1411 720 1461 voverat
741 1417 810 1460 eam
825 1397 933 1462 decem
952 1397 1043 1461 annis
1057 1412 1131 1462 ante
1147 1398 1212 1462 Pu-

151 1481 226 1545 nico
240 1481 323 1546 bollo
336 1481 363 1525 ⁸⁰
371 1483 405 1546 P.
423 1482 629 1567 Sempronius
652 1481 789 1567 Sophus,
804 1484 961 1548 locaverat
983 1481 1078 1560 idem¹
1090 1505 1211 1550 censor.

154 1566 230 1632 ”Et
245 1568 277 1631 in
298 1567 400 1632 insula
414 1569 503 1632 Jovis
525 1568 626 1633 eedem
643 1569 682 1633 C.
703 1567 853 1633 Servilius
874 1568 1024 1634 duumvir
1045 1568 1211 1635 dedicavit.

152 1667 309 1718 vetuerat
329 1677 383 1719 sex
404 1655 495 1718 annis
516 1666 591 1719 ante
606 1655 733 1720 Gallico
751 1654 835 1720 bello
857 1654 897 1718 ab
913 1655 953 1720 L.
971 1655 1069 1718 Furio
1088 1656 1213 1742 Purpu-

153 1761 250 1804 reone
271 1752 424 1826 praetore3
448 1741 489 1806 ab
503 1740 620 1806 eodem.
634 1753 743 1827 posteo
768 1741 896 1806 consule
916 1741 1028 1807 locata.
1056 1741 1159 1832 ,Haec
1174 1763 1213 1830 eo

151 1847 238 1891 anno
252 1840 333 1894 acts.
791 1841 795 1847 '

196 1913 285 1979 LIV.
310 1915 344 1980 P.
362 1914 470 2001 Scipio
491 1937 532 1980 ex
554 1915 715 2000 provincia
736 1914 844 1982 Gallia
868 1915 910 1980 ad
933 1914 1078 1980 consules
1099 1915 1213 1981 subro-

151 2000 274 2088 gandos
302 2002 428 2065 venite.
474 2003 613 2068 Comitia
647 2001 813 2068 consulum
845 2000 942 2080 mere,
973 2002 1087 2090 quibus
1116 2002 1212 2068 creati
1223 2034 1333 2082 cmm„

151 2099 227 2151 sunt
242 2085 282 2154 L.
299 2085 466 2154 Cornelius
482 2087 611 2154 Merula
632 2100 663 2153 et
678 2088 722 2165 Q.
739 2087 903 2154 Minucius
918 2089 1089 2156 'lber-mus.
1136 2089 1214 2154 Pos-

151 2187 220 2238 tero
241 2172 294 2240 die
313 2169 410 2240 creati
432 2188 506 2240 suut
527 2187 680 2260 praetores
695 2175 734 2240 L.
751 2175 918 2240 Cornelius
934 2175 1052 2254 Scipio,
1071 2174 1120 2240 M.
1137 2174 1214 2252 Ful-

151 2259 220 2323 vius
250 2260 408 2338 Nobilior,
440 2263 478 2326 C.
507 2261 699 2338 Scribonius,
732 2259 780 2324 M.
810 2260 951 2326 Valerius
981 2261 1141 2340 Messalla,
1174 2261 1213 2326 L.

153 2343 286 2410 Porcius
302 2347 444 2424 Licinus,
464 2360 496 2413 et
510 2349 549 2413 C.
567 2347 749 2414 Flaminius.
793 2346 817 2387 ⁹¹
830 2346 1015 2434 Megalesia,
1034 2347 1126 2413 ludos
1147 2370 1215 2413 sce·

152 2431 250 2510 uicos,
269 2431 308 2498 C.
325 2433 441 2498 Atilius
458 2435 623 2511 Serranus,
640 2434 679 2498 L.
697 2433 882 2498 Scribonius
899 2433 983 2498 Libo
997 2433 1106 2500 aediles
1120 2456 1214 2500 curu·

152 2519 312 2604 lssprimi
336 2517 487 2585 lecerunt.
533 2519 662 2589 Horum
685 2520 826 2588 sedilium
851 2519 945 2584 ludos
961 2520 1125 2586 Romanos
1149 2523 1213 2607 pri·
1224 2553 1378 2602 mmmm,

152 2625 239 2670 mum
262 2619 389 2671 senatus
411 2631 431 2671 a
452 2606 570 2692 populo
593 2619 731 2672 secretus
752 2607 913 2692 spectavit,
930 2607 1130 2694 praebuitque
1150 2619 1334 2680 ser-tumori·

149 2712 272 2770 mones,
289 2693 383 2777 (sicut
404 2694 508 2757 omnis
523 2694 646 2758 novitas
668 2692 760 2774 solet)
776 2692 853 2770 aliis,
870 2697 1003 2774 tandem,
1019 2697 1101 2777 quod
1121 2697 1288 2795 multoffium
1299 2697 1368 2794 ”¹¹⁸t·

149 2788 224 2843 onte
237 2779 384 2856 debuerit,
400 2780 555 2856 tributum,
571 2779 779 2858 censentibus,
790 2781 975 2862 amplissimo
989 2782 1108 2852 ordini·
1132 2778 1212 2857 eliis,
1223 2828 1237 2862 ,
1247 2753 1351 2875 {sm

152 2863 280 2930 demam
295 2889 333 2929 ee
342 2868 497 2952 dignitate
504 2867 628 2951 papali,
641 2866 792 2952 quidqpid
804 2863 961 2949 maerenti
970 2865 1101 2930 Petrum
1114 2865 1213 2950 udjee·
1222 2884 1335 2937 sanetas.

396 3022 403 3061 ¹
417 3027 446 3082 Q.
458 3010 518 3074 n'P.
531 3027 606 3074 Grou.
619 3027 688 3074 Grev.
725 3005 728 3012 ⁴
764 3012 768 3020 ⁴
787 3023 812 3075 ,¹¹¹
823 3022 896 3070 rediit
906 3021 970 3070 Eaed.

188 3157 219 3200 86
236 3155 278 3206 Oa.
289 3157 407 3218 Manlius,
420 3157 450 3204 Ρ.
461 3155 556 3224 AEls'us]
573 3158 616 3206 Vel
629 3159 667 3205 bie
700 3157 747 3213 sul,
759 3156 843 3204 luerat.
867 3155 923 3202 Vid.
934 3155 949 3201 l.
961 3151 1066 3200 xxvn.
1079 3167 1099 3200 c·
1111 3158 1148 3197 11.
1166 3148 1216 3198 Vo-

155 3219 277 3281 legendunr
293 3229 339 3279 est,
351 3224 380 3279 Q.
393 3221 534 3282 AEttesjvu
548 3225 618 3272 initio
629 3238 667 3270 cs·
700 3222 735 3268 rit
751 3227 830 3268 autern
847 3221 919 3268 edem
938 3221 1049 3266 Fortunae
1067 3217 1214 3278 Primigeniae

154 3285 211 3345 pitis
221 3288 253 3333 1³.
266 3288 357 3335 AElisee·
392 3289 441 3339 Qui
458 3291 522 3336 enim
533 3291 611 3337 AEllus
626 3289 669 3336 tri·
700 3289 791 3336 consul.
809 3283 1090 3333 vidtxxlmnsu'
1112 3275 1215 3330 Esmob

155 3351 232 3397 umrir
242 3353 290 3398 tuit
300 3353 399 3400 colonio
415 3355 564 3412 deducendae,
581 3355 600 3400 is
618 3355 669 3414 ipse
701 3367 794 3400 causam
806 3352 904 3412 Pighius
917 3351 1023 3397 hocloco
1036 3348 1158 3409 legendum
1171 3361 1216 3408 pu·

154 3421 190 3462 sst
202 3417 243 3476 qui
255 3417 328 3474 legem
339 3419 369 3465 de
385 3433 413 3466 ea
423 3420 523 3478 tulerat,
535 3426 563 3465 ut
574 3424 669 3466 constat
700 3423 748 3475 tut,
759 3419 875 3464 locaverat
886 3418 948 3462 idern
959 3414 1047 3463 corruel.
1069 3413 1114 3460 Sed
1125 3428 1152 3460 ex
1164 3413 1216 3474 ipss

152 3482 210 3528 cxl.
223 3482 332 3532 XXXV.
343 3498 362 3530 c·
376 3491 400 3534 9.
518 3523 521 3528 .
565 3529 569 3537 ,
633 3529 637 3538 ,
699 3483 854 3530 distinctione
871 3481 1038 3528 membrorum.
1055 3479 1214 3526 oooeralPu·

186 3553 216 3598 87
234 3545 462 3614 JusonisSospitoe]
479 3550 518 3598 Sic
526 3555 589 3596 recte
598 3549 664 3612 Sigo-
699 3549 752 3596 nico
765 3548 837 3595 lello.-
856 3549 973 3594 inceseret
988 3545 1058 3596 idern.
1071 3546 1164 3590 ridetur
1175 3545 1215 3590 Iti-

154 3610 218 3671 nius,
243 3628 317 3672 quum
339 3615 404 3675 prius
428 3617 544 3676 legeretur
562 3614 668 3661 lenonis
700 3614 753 3660 vius
765 3613 811 3660 duo
823 3613 967 3673 distinguere
983 3617 1090 3670 tempora
1101 3611 1213 3666 voluisse,

154 3676 266 3725 Matutae.
285 3679 579 3740 Suprsl.XXXll.c.,80.
596 3693 669 3738 quum
702 3693 777 3726 unum
789 3684 861 3734 rotas,
871 3679 970 3724 alterum
981 3677 1063 3724 locatae
1072 3677 1136 3722 sedis.
1169 3675 1215 3720 Fa.-

154 3741 216 3790 hauc
232 3743 307 3805 ipsam
325 3745 398 3793 sedem
410 3751 480 3792 vovet
492 3747 520 3791 C.
533 3745 669 3802 Cornelius,
703 3741 747 3790 cile
758 3743 923 3790 crediderimus
934 3743 973 3788 hic
985 3748 1103 3798 nostrum,
1115 3747 1142 3786 nt
1154 3754 1215 3801 saepe

155 3807 244 3855 dicitnr
254 3809 347 3856 vorime
358 3809 431 3858 aedem
439 3803 542 3872 Sospite
553 3809 655 3857 Jnnoas'.
680 3825 683 3835 ·
703 3808 761 3856 sliss
771 3809 884 3855 tenuibus
896 3810 922 3854 in
933 3808 1012 3864 rebus,
1023 3807 1169 3854 dormitasse.

130 3925 134 3932 ,
186 3879 216 3920 88
234 3865 350 3921 Fdrlunoe
365 3871 537 3940 Primigeniae]
552 3871 606 3922 vin.
620 3881 669 3922 not.
735 3880 767 3927 90
784 3874 823 3920 Ee
832 3873 947 3922 ininsula
956 3873 1026 3922 Jovu
1036 3867 1121 3934 edem]
1138 3871 1167 3917 ln
1179 3869 1217 3916 in·

154 3937 183 3984 sd
195 3940 211 3986 l.
221 3939 316 3986 xx1x.
329 3955 349 3986 c.
361 3947 402 3990 ³6.
701 3939 753 3987 suls
763 3939 875 3986 'liberius
886 3939 960 3986 sedem
969 3939 1037 3986 doris
1048 3937 1171 3983 dedicarit.

186 4009 215 4054 89
233 4005 263 4050 P·
281 4005 436 4067 Sempronius
452 4006 559 4068 Sophus:
579 4007 668 4052 locuoe·
733 4012 763 4054 91
782 4004 1127 4065 Megalesiulsdnscentcas.
1140 4031 1147 4047 .
1158 3998 1215 4072 adt

154 4069 265 4118 tetidem
276 4069 367 4134 ceam]
399 4073 448 4119 Hic
466 4087 558 4134 semper
574 4076 670 4118 antean
701 4071 735 4116 les
754 4071 847 4118 curules
863 4070 939 4130 prims·
951 4063 1075 4128 seruent]
1090 4067 1145 4110 dnm
1165 4063 1215 4108 ludr

155 4131 223 4180 Livio
245 4138 383 4184 nominatus
406 4143 444 4184 est
465 4137 496 4186 P.
516 4138 670 4198 Sempronius
691 4132 1003 4198 ,Megstanuutfuersne
1030 4131 1084 4178 viu.
1094 4131 1109 4174 1.
1120 4125 1215 4174 XXIX

157 4195 298 4258 Tuditanus.
334 4203 379 4249 Sed
400 4203 460 4250 nihil
479 4210 544 4250 vetst
561 4203 669 4250 eumdem
702 4203 827 4249 c14.At
846 4200 956 4246 nimirum
967 4209 1071 4244 eumen·
1089 4199 1124 4266 est
1144 4191 1215 4246 Lrvn,

153 4261 274 4314 bominem
287 4269 335 4314 duo
345 4269 487 4322 cognomina
498 4269 615 4316 habuisse.
639 4267 670 4313 ll·
702 4271 730 4312 ut
746 4269 797 4312 t'urn
816 4267 916 4326 priorum
935 4265 960 4308 in
978 4257 1120 4332 celebrandis
1135 4255 1217 4314 Mega·

154 4327 196 4375 lud
214 4325 321 4378 mo'ratar
335 4335 420 4391 meeis,
435 4335 499 4393 quod
517 4334 669 4394 Sempronius
703 4332 766 4378 lesiis
778 4334 847 4378 datos
865 4344 915 4376 csse
930 4330 997 4378 ludos
1013 4327 1116 4372 scenicos
1128 4333 1216 4366 memo-

154 4407 238 4444 censer
255 4393 421 4458 quinquennio
441 4404 506 4464 ente,
524 4413 594 4460 quam
613 4412 669 4450 con-
702 4395 747 4443 re't.

746 4465 805 4522 nt
